Local time,Ask,Bid,AskVolume,BidVolume
22.02.2021 08:30:00.036 GMT-0600,19.873,19.827,0.01,0.01
22.02.2021 08:30:00.601 GMT-0600,19.862000000000002,19.828,0.01,0.01
22.02.2021 08:30:00.663 GMT-0600,19.872,19.828,0.01,0.01
22.02.2021 08:30:00.765 GMT-0600,19.862000000000002,19.828,0.01,0.01
22.02.2021 08:30:00.815 GMT-0600,19.872,19.828,0.01,0.01
22.02.2021 08:30:00.865 GMT-0600,19.863,19.827,0.01,0.01
22.02.2021 08:30:00.916 GMT-0600,19.872,19.828,0.01,0.01
22.02.2021 08:30:00.996 GMT-0600,19.863,19.827,0.01,0.01
22.02.2021 08:30:01.147 GMT-0600,19.853,19.837,0.01,0.01
22.02.2021 08:30:01.298 GMT-0600,19.852,19.828,0.01,0.01
22.02.2021 08:30:01.562 GMT-0600,19.863,19.837,0.01,0.01
22.02.2021 08:30:01.662 GMT-0600,19.853,19.827,0.01,0.01
22.02.2021 08:30:01.891 GMT-0600,19.853,19.837,0.01,0.01
22.02.2021 08:30:01.942 GMT-0600,19.862000000000002,19.838,0.01,0.01
22.02.2021 08:30:12.035 GMT-0600,19.542,19.518,0.01,0.01
22.02.2021 08:30:12.135 GMT-0600,19.543,19.507,0.01,0.01
22.02.2021 08:30:12.199 GMT-0600,19.523,19.507,0.01,0.01
22.02.2021 08:30:12.250 GMT-0600,19.502000000000002,19.488,0.01,0.01
22.02.2021 08:30:12.372 GMT-0600,19.492,19.468,0.01,0.01
22.02.2021 08:30:12.523 GMT-0600,19.493,19.467000000000002,0.01,0.01
22.02.2021 08:30:12.724 GMT-0600,19.502000000000002,19.478,0.01,0.01
22.02.2021 08:30:12.914 GMT-0600,19.512,19.498,0.01,0.01
22.02.2021 08:30:13.014 GMT-0600,19.523,19.497,0.01,0.01
22.02.2021 08:30:13.234 GMT-0600,19.512,19.488,0.01,0.01
22.02.2021 08:30:13.284 GMT-0600,19.522000000000002,19.488,0.01,0.01
22.02.2021 08:30:13.515 GMT-0600,19.522000000000002,19.488,0.01,0.01
22.02.2021 08:30:13.565 GMT-0600,19.513,19.487000000000002,0.01,0.01
22.02.2021 08:30:13.615 GMT-0600,19.522000000000002,19.488,0.01,0.01
22.02.2021 08:30:13.665 GMT-0600,19.522000000000002,19.508,0.01,0.01
22.02.2021 08:30:13.887 GMT-0600,19.522000000000002,19.488,0.01,0.01
22.02.2021 08:30:14.052 GMT-0600,19.522000000000002,19.498,0.01,0.01
22.02.2021 08:30:24.183 GMT-0600,19.752000000000002,19.728,0.01,0.01
22.02.2021 08:30:24.308 GMT-0600,19.742,19.718,0.01,0.01
22.02.2021 08:30:24.358 GMT-0600,19.753,19.717000000000002,0.01,0.01
22.02.2021 08:30:24.458 GMT-0600,19.743,19.717000000000002,0.01,0.01
22.02.2021 08:30:24.508 GMT-0600,19.753,19.717000000000002,0.01,0.01
22.02.2021 08:30:24.575 GMT-0600,19.753,19.727,0.01,0.01
22.02.2021 08:30:24.755 GMT-0600,19.732,19.718,0.01,0.01
22.02.2021 08:30:24.863 GMT-0600,19.742,19.728,0.01,0.01
22.02.2021 08:30:24.913 GMT-0600,19.742,19.718,0.01,0.01
22.02.2021 08:30:25.617 GMT-0600,19.743,19.717000000000002,0.01,0.01
22.02.2021 08:30:25.866 GMT-0600,19.752000000000002,19.718,0.01,0.01
22.02.2021 08:30:27.187 GMT-0600,19.733,19.717000000000002,0.01,0.01
22.02.2021 08:30:27.287 GMT-0600,19.733,19.707,0.01,0.01
22.02.2021 08:30:27.338 GMT-0600,19.723,19.697,0.01,0.01
22.02.2021 08:30:27.571 GMT-0600,19.733,19.707,0.01,0.01
22.02.2021 08:30:27.827 GMT-0600,19.723,19.707,0.01,0.01
22.02.2021 08:30:27.878 GMT-0600,19.733,19.707,0.01,0.01
22.02.2021 08:30:28.038 GMT-0600,19.733,19.717000000000002,0.01,0.01
22.02.2021 08:30:28.138 GMT-0600,19.743,19.717000000000002,0.01,0.01
22.02.2021 08:30:28.389 GMT-0600,19.743,19.717000000000002,0.01,0.01
22.02.2021 08:30:28.613 GMT-0600,19.733,19.717000000000002,0.01,0.01
22.02.2021 08:30:28.663 GMT-0600,19.752000000000002,19.728,0.01,0.01
22.02.2021 08:30:28.714 GMT-0600,19.733,19.717000000000002,0.01,0.01
22.02.2021 08:30:28.910 GMT-0600,19.723,19.707,0.01,0.01
22.02.2021 08:30:29.032 GMT-0600,19.702,19.688,0.01,0.01
22.02.2021 08:30:29.132 GMT-0600,19.722,19.708,0.01,0.01
22.02.2021 08:30:29.243 GMT-0600,19.723,19.697,0.01,0.01
22.02.2021 08:30:29.452 GMT-0600,19.732,19.708,0.01,0.01
22.02.2021 08:30:29.553 GMT-0600,19.723,19.707,0.01,0.01
22.02.2021 08:30:29.603 GMT-0600,19.722,19.698,0.01,0.01
22.02.2021 08:30:29.888 GMT-0600,19.723,19.707,0.01,0.01
22.02.2021 08:30:29.938 GMT-0600,19.722,19.698,0.01,0.01
22.02.2021 08:30:30.106 GMT-0600,19.712,19.688,0.01,0.01
22.02.2021 08:30:30.290 GMT-0600,19.702,19.688,0.01,0.01
22.02.2021 08:30:30.350 GMT-0600,19.712,19.688,0.01,0.01
22.02.2021 08:30:30.476 GMT-0600,19.702,19.678,0.01,0.01
22.02.2021 08:30:30.577 GMT-0600,19.693,19.667,0.01,0.01
22.02.2021 08:30:30.690 GMT-0600,19.682000000000002,19.668,0.01,0.01
22.02.2021 08:30:30.842 GMT-0600,19.693,19.667,0.01,0.01
22.02.2021 08:30:31.042 GMT-0600,19.683,19.667,0.01,0.01
22.02.2021 08:30:31.093 GMT-0600,19.692,19.668,0.01,0.01
22.02.2021 08:30:31.143 GMT-0600,19.693,19.677,0.01,0.01
22.02.2021 08:30:31.193 GMT-0600,19.692,19.668,0.01,0.01
22.02.2021 08:30:31.294 GMT-0600,19.693,19.677,0.01,0.01
22.02.2021 08:30:31.424 GMT-0600,19.703,19.677,0.01,0.01
22.02.2021 08:30:31.474 GMT-0600,19.692,19.668,0.01,0.01
22.02.2021 08:30:31.796 GMT-0600,19.693,19.677,0.01,0.01
22.02.2021 08:30:31.947 GMT-0600,19.703,19.677,0.01,0.01
22.02.2021 08:30:32.298 GMT-0600,19.712,19.688,0.01,0.01
22.02.2021 08:30:32.487 GMT-0600,19.702,19.678,0.01,0.01
22.02.2021 08:30:32.771 GMT-0600,19.693,19.677,0.01,0.01
22.02.2021 08:30:33.007 GMT-0600,19.703,19.687,0.01,0.01
22.02.2021 08:30:33.058 GMT-0600,19.712,19.678,0.01,0.01
22.02.2021 08:30:33.111 GMT-0600,19.703,19.687,0.01,0.01
22.02.2021 08:30:33.351 GMT-0600,19.713,19.687,0.01,0.01
22.02.2021 08:30:33.438 GMT-0600,19.702,19.688,0.01,0.01
22.02.2021 08:30:33.688 GMT-0600,19.713,19.687,0.01,0.01
22.02.2021 08:30:33.738 GMT-0600,19.703,19.687,0.01,0.01
22.02.2021 08:30:33.868 GMT-0600,19.712,19.688,0.01,0.01
22.02.2021 08:30:34.069 GMT-0600,19.712,19.698,0.01,0.01
22.02.2021 08:30:34.169 GMT-0600,19.723,19.697,0.01,0.01
22.02.2021 08:30:34.413 GMT-0600,19.723,19.707,0.01,0.01
22.02.2021 08:30:34.464 GMT-0600,19.712,19.688,0.01,0.01
22.02.2021 08:30:34.765 GMT-0600,19.702,19.678,0.01,0.01
22.02.2021 08:30:35.027 GMT-0600,19.712,19.698,0.01,0.01
22.02.2021 08:30:35.128 GMT-0600,19.733,19.707,0.01,0.01
22.02.2021 08:30:35.178 GMT-0600,19.722,19.708,0.01,0.01
22.02.2021 08:30:35.228 GMT-0600,19.732,19.708,0.01,0.01
22.02.2021 08:30:35.279 GMT-0600,19.722,19.708,0.01,0.01
22.02.2021 08:30:35.379 GMT-0600,19.743,19.707,0.01,0.01
22.02.2021 08:30:35.429 GMT-0600,19.742,19.718,0.01,0.01
22.02.2021 08:30:35.530 GMT-0600,19.732,19.718,0.01,0.01
22.02.2021 08:30:36.327 GMT-0600,19.723,19.707,0.01,0.01
22.02.2021 08:30:36.377 GMT-0600,19.732,19.708,0.01,0.01
22.02.2021 08:30:36.571 GMT-0600,19.723,19.707,0.01,0.01
22.02.2021 08:30:36.621 GMT-0600,19.732,19.708,0.01,0.01
22.02.2021 08:30:36.697 GMT-0600,19.722,19.708,0.01,0.01
22.02.2021 08:30:36.966 GMT-0600,19.713,19.697,0.01,0.01
22.02.2021 08:30:37.066 GMT-0600,19.733,19.707,0.01,0.01
22.02.2021 08:30:37.117 GMT-0600,19.743,19.717000000000002,0.01,0.01
22.02.2021 08:30:37.267 GMT-0600,19.723,19.707,0.01,0.01
22.02.2021 08:30:37.317 GMT-0600,19.732,19.708,0.01,0.01
22.02.2021 08:30:38.085 GMT-0600,19.742,19.718,0.01,0.01
22.02.2021 08:30:38.242 GMT-0600,19.713,19.697,0.01,0.01
22.02.2021 08:30:38.292 GMT-0600,19.733,19.717000000000002,0.01,0.01
22.02.2021 08:30:38.342 GMT-0600,19.753,19.727,0.01,0.01
22.02.2021 08:30:38.836 GMT-0600,19.732,19.718,0.01,0.01
22.02.2021 08:30:38.887 GMT-0600,19.733,19.707,0.01,0.01
22.02.2021 08:30:38.937 GMT-0600,19.722,19.708,0.01,0.01
22.02.2021 08:30:39.090 GMT-0600,19.732,19.708,0.01,0.01
22.02.2021 08:30:39.649 GMT-0600,19.722,19.708,0.01,0.01
22.02.2021 08:30:39.699 GMT-0600,19.733,19.707,0.01,0.01
22.02.2021 08:30:40.000 GMT-0600,19.723,19.707,0.01,0.01
22.02.2021 08:30:40.051 GMT-0600,19.733,19.707,0.01,0.01
22.02.2021 08:30:40.101 GMT-0600,19.723,19.707,0.01,0.01
22.02.2021 08:30:40.151 GMT-0600,19.732,19.708,0.01,0.01
22.02.2021 08:30:40.255 GMT-0600,19.732,19.718,0.01,0.01
22.02.2021 08:30:40.305 GMT-0600,19.732,19.708,0.01,0.01
22.02.2021 08:30:40.520 GMT-0600,19.723,19.707,0.01,0.01
22.02.2021 08:30:40.621 GMT-0600,19.732,19.708,0.01,0.01
22.02.2021 08:30:40.683 GMT-0600,19.722,19.708,0.01,0.01
22.02.2021 08:30:40.783 GMT-0600,19.733,19.707,0.01,0.01
22.02.2021 08:30:40.941 GMT-0600,19.722,19.708,0.01,0.01
22.02.2021 08:30:40.992 GMT-0600,19.733,19.707,0.01,0.01
22.02.2021 08:30:41.635 GMT-0600,19.722,19.708,0.01,0.01
22.02.2021 08:30:41.685 GMT-0600,19.732,19.708,0.01,0.01
22.02.2021 08:30:42.348 GMT-0600,19.723,19.707,0.01,0.01
22.02.2021 08:30:42.398 GMT-0600,19.733,19.707,0.01,0.01
22.02.2021 08:30:42.498 GMT-0600,19.743,19.707,0.01,0.01
22.02.2021 08:30:42.549 GMT-0600,19.733,19.707,0.01,0.01
22.02.2021 08:30:42.681 GMT-0600,19.742,19.708,0.01,0.01
22.02.2021 08:30:42.841 GMT-0600,19.732,19.708,0.01,0.01
22.02.2021 08:30:43.272 GMT-0600,19.742,19.708,0.01,0.01
22.02.2021 08:30:43.422 GMT-0600,19.733,19.707,0.01,0.01
22.02.2021 08:30:43.592 GMT-0600,19.723,19.707,0.01,0.01
22.02.2021 08:30:43.642 GMT-0600,19.733,19.707,0.01,0.01
22.02.2021 08:30:43.853 GMT-0600,19.723,19.707,0.01,0.01
22.02.2021 08:30:43.905 GMT-0600,19.732,19.708,0.01,0.01
22.02.2021 08:30:44.099 GMT-0600,19.723,19.707,0.01,0.01
22.02.2021 08:30:44.490 GMT-0600,19.732,19.708,0.01,0.01
22.02.2021 08:30:44.540 GMT-0600,19.722,19.708,0.01,0.01
22.02.2021 08:30:44.917 GMT-0600,19.743,19.707,0.01,0.01
22.02.2021 08:30:45.024 GMT-0600,19.733,19.707,0.01,0.01
22.02.2021 08:30:55.164 GMT-0600,19.673,19.647000000000002,0.01,0.01
22.02.2021 08:30:56.120 GMT-0600,19.672,19.658,0.01,0.01
22.02.2021 08:30:56.322 GMT-0600,19.683,19.657,0.01,0.01
22.02.2021 08:30:56.831 GMT-0600,19.673,19.657,0.01,0.01
22.02.2021 08:30:56.881 GMT-0600,19.682000000000002,19.658,0.01,0.01
22.02.2021 08:30:57.132 GMT-0600,19.663,19.647000000000002,0.01,0.01
22.02.2021 08:30:59.610 GMT-0600,19.682000000000002,19.668,0.01,0.01
22.02.2021 08:30:59.711 GMT-0600,19.683,19.657,0.01,0.01
22.02.2021 08:30:59.894 GMT-0600,19.682000000000002,19.668,0.01,0.01
22.02.2021 08:30:59.968 GMT-0600,19.702,19.688,0.01,0.01
22.02.2021 08:31:00.118 GMT-0600,19.693,19.677,0.01,0.01
22.02.2021 08:31:00.330 GMT-0600,19.672,19.658,0.01,0.01
22.02.2021 08:31:00.481 GMT-0600,19.683,19.657,0.01,0.01
22.02.2021 08:31:00.605 GMT-0600,19.692,19.668,0.01,0.01
22.02.2021 08:31:00.709 GMT-0600,19.692,19.678,0.01,0.01
22.02.2021 08:31:00.760 GMT-0600,19.693,19.667,0.01,0.01
22.02.2021 08:31:00.810 GMT-0600,19.683,19.657,0.01,0.01
22.02.2021 08:31:00.961 GMT-0600,19.692,19.668,0.01,0.01
22.02.2021 08:31:01.029 GMT-0600,19.692,19.658,0.01,0.01
22.02.2021 08:31:01.080 GMT-0600,19.682000000000002,19.658,0.01,0.01
22.02.2021 08:31:01.196 GMT-0600,19.683,19.667,0.01,0.01
22.02.2021 08:31:01.247 GMT-0600,19.682000000000002,19.658,0.01,0.01
22.02.2021 08:31:01.348 GMT-0600,19.683,19.667,0.01,0.01
22.02.2021 08:31:01.498 GMT-0600,19.683,19.657,0.01,0.01
22.02.2021 08:31:01.607 GMT-0600,19.673,19.657,0.01,0.01
22.02.2021 08:31:01.657 GMT-0600,19.672,19.648,0.01,0.01
22.02.2021 08:31:01.718 GMT-0600,19.672,19.658,0.01,0.01
22.02.2021 08:31:01.956 GMT-0600,19.673,19.647000000000002,0.01,0.01
22.02.2021 08:31:02.266 GMT-0600,19.653,19.637,0.01,0.01
22.02.2021 08:31:02.381 GMT-0600,19.653,19.627000000000002,0.01,0.01
22.02.2021 08:31:02.431 GMT-0600,19.663,19.647000000000002,0.01,0.01
22.02.2021 08:31:03.262 GMT-0600,19.683,19.667,0.01,0.01
22.02.2021 08:31:03.312 GMT-0600,19.693,19.667,0.01,0.01
22.02.2021 08:31:03.413 GMT-0600,19.672,19.658,0.01,0.01
22.02.2021 08:31:03.641 GMT-0600,19.662000000000003,19.648,0.01,0.01
22.02.2021 08:31:03.792 GMT-0600,19.652,19.638,0.01,0.01
22.02.2021 08:31:03.857 GMT-0600,19.663,19.637,0.01,0.01
22.02.2021 08:31:04.108 GMT-0600,19.672,19.648,0.01,0.01
22.02.2021 08:31:04.309 GMT-0600,19.663,19.647000000000002,0.01,0.01
22.02.2021 08:31:04.374 GMT-0600,19.673,19.647000000000002,0.01,0.01
22.02.2021 08:31:04.908 GMT-0600,19.663,19.637,0.01,0.01
22.02.2021 08:31:05.057 GMT-0600,19.653,19.627000000000002,0.01,0.01
22.02.2021 08:31:05.234 GMT-0600,19.642,19.618,0.01,0.01
22.02.2021 08:31:05.397 GMT-0600,19.632,19.608,0.01,0.01
22.02.2021 08:31:05.447 GMT-0600,19.643,19.607,0.01,0.01
22.02.2021 08:31:05.553 GMT-0600,19.643,19.617,0.01,0.01
22.02.2021 08:31:05.685 GMT-0600,19.633,19.607,0.01,0.01
22.02.2021 08:31:05.890 GMT-0600,19.622,19.608,0.01,0.01
22.02.2021 08:31:05.940 GMT-0600,19.632,19.608,0.01,0.01
22.02.2021 08:31:07.211 GMT-0600,19.622,19.598,0.01,0.01
22.02.2021 08:31:07.262 GMT-0600,19.622,19.588,0.01,0.01
22.02.2021 08:31:07.339 GMT-0600,19.622,19.598,0.01,0.01
22.02.2021 08:31:07.627 GMT-0600,19.633,19.597,0.01,0.01
22.02.2021 08:31:08.300 GMT-0600,19.623,19.607,0.01,0.01
22.02.2021 08:31:08.351 GMT-0600,19.643,19.607,0.01,0.01
22.02.2021 08:31:08.861 GMT-0600,19.632,19.598,0.01,0.01
22.02.2021 08:31:09.317 GMT-0600,19.623,19.597,0.01,0.01
22.02.2021 08:31:09.623 GMT-0600,19.633,19.607,0.01,0.01
22.02.2021 08:31:10.792 GMT-0600,19.622,19.608,0.01,0.01
22.02.2021 08:31:10.842 GMT-0600,19.632,19.608,0.01,0.01
22.02.2021 08:31:11.010 GMT-0600,19.622,19.608,0.01,0.01
22.02.2021 08:31:11.085 GMT-0600,19.632,19.608,0.01,0.01
22.02.2021 08:31:11.451 GMT-0600,19.612000000000002,19.598,0.01,0.01
22.02.2021 08:31:11.501 GMT-0600,19.613,19.587,0.01,0.01
22.02.2021 08:31:12.743 GMT-0600,19.602,19.588,0.01,0.01
22.02.2021 08:31:12.793 GMT-0600,19.613,19.587,0.01,0.01
22.02.2021 08:31:24.738 GMT-0600,19.692,19.678,0.01,0.01
22.02.2021 08:31:24.839 GMT-0600,19.702,19.678,0.01,0.01
22.02.2021 08:31:25.089 GMT-0600,19.702,19.688,0.01,0.01
22.02.2021 08:31:25.168 GMT-0600,19.703,19.677,0.01,0.01
22.02.2021 08:31:25.269 GMT-0600,19.692,19.678,0.01,0.01
22.02.2021 08:31:25.422 GMT-0600,19.703,19.677,0.01,0.01
22.02.2021 08:31:25.537 GMT-0600,19.692,19.678,0.01,0.01
22.02.2021 08:31:25.588 GMT-0600,19.693,19.667,0.01,0.01
22.02.2021 08:31:26.093 GMT-0600,19.683,19.667,0.01,0.01
22.02.2021 08:31:26.143 GMT-0600,19.693,19.667,0.01,0.01
22.02.2021 08:31:26.748 GMT-0600,19.702,19.678,0.01,0.01
22.02.2021 08:31:26.972 GMT-0600,19.703,19.667,0.01,0.01
22.02.2021 08:31:27.027 GMT-0600,19.693,19.667,0.01,0.01
22.02.2021 08:31:27.178 GMT-0600,19.683,19.667,0.01,0.01
22.02.2021 08:31:27.337 GMT-0600,19.692,19.668,0.01,0.01
22.02.2021 08:31:27.588 GMT-0600,19.703,19.677,0.01,0.01
22.02.2021 08:31:27.738 GMT-0600,19.683,19.657,0.01,0.01
22.02.2021 08:31:28.109 GMT-0600,19.683,19.667,0.01,0.01
22.02.2021 08:31:28.160 GMT-0600,19.693,19.667,0.01,0.01
22.02.2021 08:31:28.243 GMT-0600,19.703,19.677,0.01,0.01
22.02.2021 08:31:28.638 GMT-0600,19.713,19.677,0.01,0.01
22.02.2021 08:31:28.690 GMT-0600,19.703,19.677,0.01,0.01
22.02.2021 08:31:28.740 GMT-0600,19.713,19.677,0.01,0.01
22.02.2021 08:31:28.840 GMT-0600,19.703,19.677,0.01,0.01
22.02.2021 08:31:28.890 GMT-0600,19.713,19.677,0.01,0.01
22.02.2021 08:31:29.236 GMT-0600,19.702,19.678,0.01,0.01
22.02.2021 08:31:29.287 GMT-0600,19.713,19.677,0.01,0.01
22.02.2021 08:31:30.073 GMT-0600,19.723,19.687,0.01,0.01
22.02.2021 08:31:30.155 GMT-0600,19.712,19.688,0.01,0.01
22.02.2021 08:31:30.205 GMT-0600,19.712,19.678,0.01,0.01
22.02.2021 08:31:30.720 GMT-0600,19.703,19.677,0.01,0.01
22.02.2021 08:31:30.899 GMT-0600,19.703,19.667,0.01,0.01
22.02.2021 08:31:30.949 GMT-0600,19.692,19.668,0.01,0.01
22.02.2021 08:31:31.092 GMT-0600,19.702,19.668,0.01,0.01
22.02.2021 08:31:31.143 GMT-0600,19.702,19.678,0.01,0.01
22.02.2021 08:31:31.194 GMT-0600,19.703,19.667,0.01,0.01
22.02.2021 08:31:31.535 GMT-0600,19.702,19.678,0.01,0.01
22.02.2021 08:31:32.713 GMT-0600,19.693,19.667,0.01,0.01
22.02.2021 08:31:32.813 GMT-0600,19.692,19.658,0.01,0.01
22.02.2021 08:31:32.864 GMT-0600,19.683,19.657,0.01,0.01
22.02.2021 08:31:33.164 GMT-0600,19.683,19.647000000000002,0.01,0.01
22.02.2021 08:31:33.367 GMT-0600,19.683,19.657,0.01,0.01
22.02.2021 08:31:33.525 GMT-0600,19.682000000000002,19.648,0.01,0.01
22.02.2021 08:31:33.576 GMT-0600,19.683,19.657,0.01,0.01
22.02.2021 08:31:33.726 GMT-0600,19.693,19.667,0.01,0.01
22.02.2021 08:31:33.877 GMT-0600,19.702,19.668,0.01,0.01
22.02.2021 08:31:33.927 GMT-0600,19.693,19.667,0.01,0.01
22.02.2021 08:31:34.981 GMT-0600,19.702,19.678,0.01,0.01
22.02.2021 08:31:35.482 GMT-0600,19.692,19.678,0.01,0.01
22.02.2021 08:31:35.532 GMT-0600,19.693,19.667,0.01,0.01
22.02.2021 08:31:35.784 GMT-0600,19.693,19.677,0.01,0.01
22.02.2021 08:31:35.975 GMT-0600,19.703,19.677,0.01,0.01
22.02.2021 08:31:36.123 GMT-0600,19.693,19.677,0.01,0.01
22.02.2021 08:31:36.519 GMT-0600,19.692,19.668,0.01,0.01
22.02.2021 08:31:36.770 GMT-0600,19.702,19.688,0.01,0.01
22.02.2021 08:31:36.870 GMT-0600,19.722,19.698,0.01,0.01
22.02.2021 08:31:37.055 GMT-0600,19.713,19.687,0.01,0.01
22.02.2021 08:31:37.206 GMT-0600,19.732,19.708,0.01,0.01
22.02.2021 08:31:37.322 GMT-0600,19.743,19.717000000000002,0.01,0.01
22.02.2021 08:31:37.477 GMT-0600,19.733,19.717000000000002,0.01,0.01
22.02.2021 08:31:37.684 GMT-0600,19.732,19.708,0.01,0.01
22.02.2021 08:31:37.862 GMT-0600,19.722,19.698,0.01,0.01
22.02.2021 08:31:37.963 GMT-0600,19.702,19.688,0.01,0.01
22.02.2021 08:31:38.113 GMT-0600,19.703,19.677,0.01,0.01
22.02.2021 08:31:38.505 GMT-0600,19.693,19.667,0.01,0.01
22.02.2021 08:31:38.606 GMT-0600,19.702,19.678,0.01,0.01
22.02.2021 08:31:38.775 GMT-0600,19.702,19.688,0.01,0.01
22.02.2021 08:31:38.897 GMT-0600,19.713,19.687,0.01,0.01
22.02.2021 08:31:38.947 GMT-0600,19.722,19.698,0.01,0.01
22.02.2021 08:31:39.074 GMT-0600,19.732,19.708,0.01,0.01
22.02.2021 08:31:39.226 GMT-0600,19.743,19.727,0.01,0.01
22.02.2021 08:31:39.363 GMT-0600,19.742,19.718,0.01,0.01
22.02.2021 08:31:39.464 GMT-0600,19.732,19.718,0.01,0.01
22.02.2021 08:31:39.594 GMT-0600,19.742,19.718,0.01,0.01
22.02.2021 08:31:40.114 GMT-0600,19.733,19.717000000000002,0.01,0.01
22.02.2021 08:31:40.164 GMT-0600,19.743,19.717000000000002,0.01,0.01
22.02.2021 08:31:40.895 GMT-0600,19.733,19.717000000000002,0.01,0.01
22.02.2021 08:31:40.946 GMT-0600,19.733,19.707,0.01,0.01
22.02.2021 08:31:41.313 GMT-0600,19.723,19.697,0.01,0.01
22.02.2021 08:31:41.375 GMT-0600,19.733,19.697,0.01,0.01
22.02.2021 08:31:41.476 GMT-0600,19.733,19.707,0.01,0.01
22.02.2021 08:31:41.579 GMT-0600,19.722,19.698,0.01,0.01
22.02.2021 08:31:42.313 GMT-0600,19.732,19.718,0.01,0.01
22.02.2021 08:31:42.856 GMT-0600,19.722,19.708,0.01,0.01
22.02.2021 08:31:42.906 GMT-0600,19.733,19.707,0.01,0.01
22.02.2021 08:31:43.108 GMT-0600,19.723,19.707,0.01,0.01
22.02.2021 08:31:43.158 GMT-0600,19.732,19.708,0.01,0.01
22.02.2021 08:31:43.304 GMT-0600,19.723,19.707,0.01,0.01
22.02.2021 08:31:43.597 GMT-0600,19.733,19.707,0.01,0.01
22.02.2021 08:31:43.823 GMT-0600,19.723,19.707,0.01,0.01
22.02.2021 08:31:43.923 GMT-0600,19.733,19.707,0.01,0.01
22.02.2021 08:31:43.974 GMT-0600,19.723,19.707,0.01,0.01
22.02.2021 08:31:44.027 GMT-0600,19.722,19.698,0.01,0.01
22.02.2021 08:31:44.077 GMT-0600,19.713,19.697,0.01,0.01
22.02.2021 08:31:44.883 GMT-0600,19.712,19.688,0.01,0.01
22.02.2021 08:31:45.561 GMT-0600,19.712,19.698,0.01,0.01
22.02.2021 08:31:45.612 GMT-0600,19.713,19.687,0.01,0.01
22.02.2021 08:31:45.882 GMT-0600,19.702,19.688,0.01,0.01
22.02.2021 08:31:46.083 GMT-0600,19.712,19.688,0.01,0.01
22.02.2021 08:31:46.233 GMT-0600,19.702,19.688,0.01,0.01
22.02.2021 08:31:46.488 GMT-0600,19.713,19.687,0.01,0.01
22.02.2021 08:31:46.588 GMT-0600,19.712,19.698,0.01,0.01
22.02.2021 08:31:46.951 GMT-0600,19.722,19.698,0.01,0.01
22.02.2021 08:31:47.024 GMT-0600,19.712,19.698,0.01,0.01
22.02.2021 08:31:47.437 GMT-0600,19.712,19.688,0.01,0.01
22.02.2021 08:31:48.054 GMT-0600,19.702,19.688,0.01,0.01
22.02.2021 08:31:48.104 GMT-0600,19.713,19.687,0.01,0.01
22.02.2021 08:31:48.778 GMT-0600,19.703,19.687,0.01,0.01
22.02.2021 08:31:48.828 GMT-0600,19.703,19.677,0.01,0.01
22.02.2021 08:31:49.317 GMT-0600,19.712,19.688,0.01,0.01
22.02.2021 08:31:49.437 GMT-0600,19.713,19.677,0.01,0.01
22.02.2021 08:31:49.487 GMT-0600,19.703,19.677,0.01,0.01
22.02.2021 08:31:49.755 GMT-0600,19.703,19.687,0.01,0.01
22.02.2021 08:31:49.855 GMT-0600,19.703,19.677,0.01,0.01
22.02.2021 08:31:50.106 GMT-0600,19.683,19.667,0.01,0.01
22.02.2021 08:31:50.185 GMT-0600,19.682000000000002,19.658,0.01,0.01
22.02.2021 08:31:50.286 GMT-0600,19.683,19.667,0.01,0.01
22.02.2021 08:31:50.406 GMT-0600,19.683,19.657,0.01,0.01
22.02.2021 08:31:50.557 GMT-0600,19.682000000000002,19.668,0.01,0.01
22.02.2021 08:31:52.032 GMT-0600,19.682000000000002,19.658,0.01,0.01
22.02.2021 08:31:54.620 GMT-0600,19.672,19.658,0.01,0.01
22.02.2021 08:31:54.722 GMT-0600,19.683,19.667,0.01,0.01
22.02.2021 08:31:54.773 GMT-0600,19.692,19.668,0.01,0.01
22.02.2021 08:31:54.927 GMT-0600,19.692,19.678,0.01,0.01
22.02.2021 08:31:54.977 GMT-0600,19.703,19.677,0.01,0.01
22.02.2021 08:31:55.027 GMT-0600,19.693,19.677,0.01,0.01
22.02.2021 08:31:55.128 GMT-0600,19.702,19.688,0.01,0.01
22.02.2021 08:31:55.446 GMT-0600,19.712,19.698,0.01,0.01
22.02.2021 08:31:55.610 GMT-0600,19.722,19.698,0.01,0.01
22.02.2021 08:31:55.765 GMT-0600,19.722,19.708,0.01,0.01
22.02.2021 08:31:55.866 GMT-0600,19.713,19.697,0.01,0.01
22.02.2021 08:31:55.970 GMT-0600,19.722,19.708,0.01,0.01
22.02.2021 08:31:56.714 GMT-0600,19.733,19.717000000000002,0.01,0.01
22.02.2021 08:31:56.815 GMT-0600,19.722,19.708,0.01,0.01
22.02.2021 08:31:56.965 GMT-0600,19.732,19.708,0.01,0.01
22.02.2021 08:31:57.068 GMT-0600,19.723,19.707,0.01,0.01
22.02.2021 08:31:57.168 GMT-0600,19.732,19.708,0.01,0.01
22.02.2021 08:31:57.429 GMT-0600,19.723,19.707,0.01,0.01
22.02.2021 08:31:57.579 GMT-0600,19.712,19.698,0.01,0.01
22.02.2021 08:31:57.950 GMT-0600,19.713,19.687,0.01,0.01
22.02.2021 08:31:58.000 GMT-0600,19.712,19.698,0.01,0.01
22.02.2021 08:31:58.109 GMT-0600,19.703,19.687,0.01,0.01
22.02.2021 08:31:58.677 GMT-0600,19.703,19.677,0.01,0.01
22.02.2021 08:31:58.727 GMT-0600,19.693,19.677,0.01,0.01
22.02.2021 08:31:58.869 GMT-0600,19.703,19.687,0.01,0.01
22.02.2021 08:31:59.237 GMT-0600,19.692,19.678,0.01,0.01
22.02.2021 08:31:59.503 GMT-0600,19.693,19.667,0.01,0.01
22.02.2021 08:31:59.754 GMT-0600,19.693,19.677,0.01,0.01
22.02.2021 08:31:59.804 GMT-0600,19.703,19.677,0.01,0.01
22.02.2021 08:31:59.854 GMT-0600,19.713,19.697,0.01,0.01
22.02.2021 08:31:59.955 GMT-0600,19.703,19.677,0.01,0.01
22.02.2021 08:32:00.357 GMT-0600,19.692,19.678,0.01,0.01
22.02.2021 08:32:00.407 GMT-0600,19.693,19.667,0.01,0.01
22.02.2021 08:32:00.457 GMT-0600,19.683,19.667,0.01,0.01
22.02.2021 08:32:00.660 GMT-0600,19.673,19.657,0.01,0.01
22.02.2021 08:32:01.144 GMT-0600,19.673,19.647000000000002,0.01,0.01
22.02.2021 08:32:01.195 GMT-0600,19.652,19.638,0.01,0.01
22.02.2021 08:32:01.245 GMT-0600,19.632,19.618,0.01,0.01
22.02.2021 08:32:01.295 GMT-0600,19.632,19.608,0.01,0.01
22.02.2021 08:32:02.124 GMT-0600,19.643,19.617,0.01,0.01
22.02.2021 08:32:02.174 GMT-0600,19.643,19.607,0.01,0.01
22.02.2021 08:32:02.224 GMT-0600,19.643,19.617,0.01,0.01
22.02.2021 08:32:02.330 GMT-0600,19.642,19.608,0.01,0.01
22.02.2021 08:32:02.425 GMT-0600,19.643,19.617,0.01,0.01
22.02.2021 08:32:02.549 GMT-0600,19.632,19.608,0.01,0.01
22.02.2021 08:32:02.974 GMT-0600,19.622,19.598,0.01,0.01
22.02.2021 08:32:03.153 GMT-0600,19.613,19.587,0.01,0.01
22.02.2021 08:32:03.659 GMT-0600,19.612000000000002,19.598,0.01,0.01
22.02.2021 08:32:03.710 GMT-0600,19.622,19.598,0.01,0.01
22.02.2021 08:32:03.860 GMT-0600,19.623,19.587,0.01,0.01
22.02.2021 08:32:03.910 GMT-0600,19.623,19.597,0.01,0.01
22.02.2021 08:32:04.011 GMT-0600,19.622,19.588,0.01,0.01
22.02.2021 08:32:04.088 GMT-0600,19.622,19.598,0.01,0.01
22.02.2021 08:32:04.189 GMT-0600,19.632,19.608,0.01,0.01
22.02.2021 08:32:04.440 GMT-0600,19.622,19.598,0.01,0.01
22.02.2021 08:32:04.569 GMT-0600,19.633,19.607,0.01,0.01
22.02.2021 08:32:04.619 GMT-0600,19.633,19.597,0.01,0.01
22.02.2021 08:32:05.643 GMT-0600,19.612000000000002,19.598,0.01,0.01
22.02.2021 08:32:05.794 GMT-0600,19.602,19.588,0.01,0.01
22.02.2021 08:32:05.894 GMT-0600,19.612000000000002,19.588,0.01,0.01
22.02.2021 08:32:06.138 GMT-0600,19.592000000000002,19.578,0.01,0.01
22.02.2021 08:32:06.394 GMT-0600,19.592000000000002,19.568,0.01,0.01
22.02.2021 08:32:06.444 GMT-0600,19.583,19.567,0.01,0.01
22.02.2021 08:32:06.865 GMT-0600,19.572,19.558,0.01,0.01
22.02.2021 08:32:06.915 GMT-0600,19.582,19.558,0.01,0.01
22.02.2021 08:32:07.073 GMT-0600,19.582,19.568,0.01,0.01
22.02.2021 08:32:07.224 GMT-0600,19.582,19.558,0.01,0.01
22.02.2021 08:32:07.298 GMT-0600,19.572,19.558,0.01,0.01
22.02.2021 08:32:07.349 GMT-0600,19.582,19.558,0.01,0.01
22.02.2021 08:32:07.449 GMT-0600,19.583,19.567,0.01,0.01
22.02.2021 08:32:07.501 GMT-0600,19.593,19.567,0.01,0.01
22.02.2021 08:32:07.911 GMT-0600,19.602,19.578,0.01,0.01
22.02.2021 08:32:08.012 GMT-0600,19.602,19.588,0.01,0.01
22.02.2021 08:32:08.062 GMT-0600,19.623,19.607,0.01,0.01
22.02.2021 08:32:08.250 GMT-0600,19.612000000000002,19.598,0.01,0.01
22.02.2021 08:32:08.300 GMT-0600,19.613,19.587,0.01,0.01
22.02.2021 08:32:08.451 GMT-0600,19.602,19.588,0.01,0.01
22.02.2021 08:32:08.714 GMT-0600,19.612000000000002,19.598,0.01,0.01
22.02.2021 08:32:08.819 GMT-0600,19.612000000000002,19.588,0.01,0.01
22.02.2021 08:32:08.925 GMT-0600,19.602,19.588,0.01,0.01
22.02.2021 08:32:08.975 GMT-0600,19.612000000000002,19.588,0.01,0.01
22.02.2021 08:32:09.176 GMT-0600,19.613,19.577,0.01,0.01
22.02.2021 08:32:09.226 GMT-0600,19.612000000000002,19.598,0.01,0.01
22.02.2021 08:32:09.277 GMT-0600,19.623,19.597,0.01,0.01
22.02.2021 08:32:09.377 GMT-0600,19.623,19.607,0.01,0.01
22.02.2021 08:32:10.069 GMT-0600,19.632,19.608,0.01,0.01
22.02.2021 08:32:10.298 GMT-0600,19.622,19.608,0.01,0.01
22.02.2021 08:32:10.349 GMT-0600,19.633,19.607,0.01,0.01
22.02.2021 08:32:10.679 GMT-0600,19.622,19.608,0.01,0.01
22.02.2021 08:32:10.780 GMT-0600,19.613,19.597,0.01,0.01
22.02.2021 08:32:10.830 GMT-0600,19.613,19.587,0.01,0.01
22.02.2021 08:32:11.131 GMT-0600,19.592000000000002,19.578,0.01,0.01
22.02.2021 08:32:11.388 GMT-0600,19.583,19.567,0.01,0.01
22.02.2021 08:32:11.508 GMT-0600,19.592000000000002,19.568,0.01,0.01
22.02.2021 08:32:11.609 GMT-0600,19.593,19.557000000000002,0.01,0.01
22.02.2021 08:32:11.715 GMT-0600,19.593,19.577,0.01,0.01
22.02.2021 08:32:12.244 GMT-0600,19.583,19.557000000000002,0.01,0.01
22.02.2021 08:32:12.444 GMT-0600,19.583,19.567,0.01,0.01
22.02.2021 08:32:12.545 GMT-0600,19.562,19.548,0.01,0.01
22.02.2021 08:32:12.595 GMT-0600,19.572,19.548,0.01,0.01
22.02.2021 08:32:14.504 GMT-0600,19.583,19.567,0.01,0.01
22.02.2021 08:32:14.554 GMT-0600,19.593,19.557000000000002,0.01,0.01
22.02.2021 08:32:14.608 GMT-0600,19.583,19.557000000000002,0.01,0.01
22.02.2021 08:32:14.708 GMT-0600,19.593,19.557000000000002,0.01,0.01
22.02.2021 08:32:14.758 GMT-0600,19.593,19.567,0.01,0.01
22.02.2021 08:32:19.457 GMT-0600,19.573,19.557000000000002,0.01,0.01
22.02.2021 08:32:19.570 GMT-0600,19.582,19.558,0.01,0.01
22.02.2021 08:32:20.226 GMT-0600,19.573,19.557000000000002,0.01,0.01
22.02.2021 08:32:20.364 GMT-0600,19.573,19.547,0.01,0.01
22.02.2021 08:32:20.807 GMT-0600,19.562,19.548,0.01,0.01
22.02.2021 08:32:20.857 GMT-0600,19.572,19.548,0.01,0.01
22.02.2021 08:32:21.495 GMT-0600,19.552,19.538,0.01,0.01
22.02.2021 08:32:21.722 GMT-0600,19.563,19.547,0.01,0.01
22.02.2021 08:32:21.772 GMT-0600,19.573,19.547,0.01,0.01
22.02.2021 08:32:21.823 GMT-0600,19.562,19.548,0.01,0.01
22.02.2021 08:32:21.873 GMT-0600,19.572,19.548,0.01,0.01
22.02.2021 08:32:21.923 GMT-0600,19.572,19.558,0.01,0.01
22.02.2021 08:32:22.108 GMT-0600,19.562,19.548,0.01,0.01
22.02.2021 08:32:22.259 GMT-0600,19.562,19.538,0.01,0.01
22.02.2021 08:32:22.893 GMT-0600,19.553,19.527,0.01,0.01
22.02.2021 08:32:23.015 GMT-0600,19.543,19.527,0.01,0.01
22.02.2021 08:32:23.703 GMT-0600,19.553,19.527,0.01,0.01
22.02.2021 08:32:23.753 GMT-0600,19.532,19.518,0.01,0.01
22.02.2021 08:32:23.903 GMT-0600,19.552,19.528,0.01,0.01
22.02.2021 08:32:24.004 GMT-0600,19.543,19.517,0.01,0.01
22.02.2021 08:32:24.229 GMT-0600,19.543,19.507,0.01,0.01
22.02.2021 08:32:24.541 GMT-0600,19.543,19.517,0.01,0.01
22.02.2021 08:32:24.591 GMT-0600,19.542,19.508,0.01,0.01
22.02.2021 08:32:24.641 GMT-0600,19.543,19.517,0.01,0.01
22.02.2021 08:32:24.691 GMT-0600,19.542,19.508,0.01,0.01
22.02.2021 08:32:24.742 GMT-0600,19.543,19.517,0.01,0.01
22.02.2021 08:32:24.792 GMT-0600,19.542,19.508,0.01,0.01
22.02.2021 08:32:25.116 GMT-0600,19.542,19.518,0.01,0.01
22.02.2021 08:32:25.486 GMT-0600,19.553,19.527,0.01,0.01
22.02.2021 08:32:25.613 GMT-0600,19.563,19.537000000000003,0.01,0.01
22.02.2021 08:32:25.820 GMT-0600,19.553,19.537000000000003,0.01,0.01
22.02.2021 08:32:26.278 GMT-0600,19.563,19.537000000000003,0.01,0.01
22.02.2021 08:32:26.462 GMT-0600,19.562,19.548,0.01,0.01
22.02.2021 08:32:26.957 GMT-0600,19.573,19.557000000000002,0.01,0.01
22.02.2021 08:32:28.667 GMT-0600,19.582,19.568,0.01,0.01
22.02.2021 08:32:28.718 GMT-0600,19.593,19.567,0.01,0.01
22.02.2021 08:32:28.768 GMT-0600,19.583,19.567,0.01,0.01
22.02.2021 08:32:28.934 GMT-0600,19.593,19.567,0.01,0.01
22.02.2021 08:32:28.985 GMT-0600,19.583,19.567,0.01,0.01
22.02.2021 08:32:29.256 GMT-0600,19.592000000000002,19.568,0.01,0.01
22.02.2021 08:32:29.306 GMT-0600,19.582,19.568,0.01,0.01
22.02.2021 08:32:29.357 GMT-0600,19.592000000000002,19.568,0.01,0.01
22.02.2021 08:32:29.529 GMT-0600,19.583,19.567,0.01,0.01
22.02.2021 08:32:29.680 GMT-0600,19.593,19.567,0.01,0.01
22.02.2021 08:32:29.890 GMT-0600,19.583,19.567,0.01,0.01
22.02.2021 08:32:29.940 GMT-0600,19.593,19.567,0.01,0.01
22.02.2021 08:32:30.000 GMT-0600,19.583,19.567,0.01,0.01
22.02.2021 08:32:30.051 GMT-0600,19.592000000000002,19.568,0.01,0.01
22.02.2021 08:32:30.201 GMT-0600,19.583,19.567,0.01,0.01
22.02.2021 08:32:30.251 GMT-0600,19.592000000000002,19.568,0.01,0.01
22.02.2021 08:32:30.312 GMT-0600,19.583,19.567,0.01,0.01
22.02.2021 08:32:30.413 GMT-0600,19.593,19.567,0.01,0.01
22.02.2021 08:32:30.478 GMT-0600,19.592000000000002,19.578,0.01,0.01
22.02.2021 08:32:30.889 GMT-0600,19.583,19.567,0.01,0.01
22.02.2021 08:32:31.039 GMT-0600,19.582,19.558,0.01,0.01
22.02.2021 08:32:33.717 GMT-0600,19.593,19.567,0.01,0.01
22.02.2021 08:32:33.823 GMT-0600,19.593,19.577,0.01,0.01
22.02.2021 08:32:34.055 GMT-0600,19.583,19.567,0.01,0.01
22.02.2021 08:32:34.207 GMT-0600,19.583,19.557000000000002,0.01,0.01
22.02.2021 08:32:36.137 GMT-0600,19.572,19.558,0.01,0.01
22.02.2021 08:32:37.403 GMT-0600,19.582,19.558,0.01,0.01
22.02.2021 08:32:37.508 GMT-0600,19.593,19.567,0.01,0.01
22.02.2021 08:32:38.075 GMT-0600,19.603,19.577,0.01,0.01
22.02.2021 08:32:38.385 GMT-0600,19.603,19.587,0.01,0.01
22.02.2021 08:32:38.712 GMT-0600,19.603,19.577,0.01,0.01
22.02.2021 08:32:39.540 GMT-0600,19.602,19.588,0.01,0.01
22.02.2021 08:32:39.897 GMT-0600,19.602,19.578,0.01,0.01
22.02.2021 08:32:40.008 GMT-0600,19.603,19.587,0.01,0.01
22.02.2021 08:32:40.058 GMT-0600,19.602,19.578,0.01,0.01
22.02.2021 08:32:40.286 GMT-0600,19.603,19.587,0.01,0.01
22.02.2021 08:32:40.386 GMT-0600,19.622,19.598,0.01,0.01
22.02.2021 08:32:40.436 GMT-0600,19.612000000000002,19.588,0.01,0.01
22.02.2021 08:32:40.575 GMT-0600,19.612000000000002,19.598,0.01,0.01
22.02.2021 08:32:40.625 GMT-0600,19.613,19.587,0.01,0.01
22.02.2021 08:32:41.051 GMT-0600,19.622,19.588,0.01,0.01
22.02.2021 08:32:41.559 GMT-0600,19.613,19.587,0.01,0.01
22.02.2021 08:32:41.609 GMT-0600,19.623,19.587,0.01,0.01
22.02.2021 08:32:41.660 GMT-0600,19.612000000000002,19.588,0.01,0.01
22.02.2021 08:32:41.710 GMT-0600,19.622,19.588,0.01,0.01
22.02.2021 08:32:41.786 GMT-0600,19.622,19.598,0.01,0.01
22.02.2021 08:32:41.937 GMT-0600,19.602,19.578,0.01,0.01
22.02.2021 08:32:42.274 GMT-0600,19.603,19.587,0.01,0.01
22.02.2021 08:32:42.375 GMT-0600,19.592000000000002,19.578,0.01,0.01
22.02.2021 08:32:42.742 GMT-0600,19.603,19.577,0.01,0.01
22.02.2021 08:32:43.009 GMT-0600,19.593,19.577,0.01,0.01
22.02.2021 08:32:43.822 GMT-0600,19.592000000000002,19.568,0.01,0.01
22.02.2021 08:32:43.872 GMT-0600,19.583,19.567,0.01,0.01
22.02.2021 08:32:43.950 GMT-0600,19.583,19.557000000000002,0.01,0.01
22.02.2021 08:32:44.095 GMT-0600,19.582,19.568,0.01,0.01
22.02.2021 08:32:44.167 GMT-0600,19.593,19.567,0.01,0.01
22.02.2021 08:32:44.395 GMT-0600,19.592000000000002,19.558,0.01,0.01
22.02.2021 08:32:44.445 GMT-0600,19.582,19.558,0.01,0.01
22.02.2021 08:32:44.726 GMT-0600,19.573,19.557000000000002,0.01,0.01
22.02.2021 08:32:45.420 GMT-0600,19.583,19.557000000000002,0.01,0.01
22.02.2021 08:32:45.809 GMT-0600,19.582,19.568,0.01,0.01
22.02.2021 08:32:45.860 GMT-0600,19.582,19.558,0.01,0.01
22.02.2021 08:32:46.010 GMT-0600,19.573,19.557000000000002,0.01,0.01
22.02.2021 08:32:46.175 GMT-0600,19.563,19.547,0.01,0.01
22.02.2021 08:32:46.630 GMT-0600,19.573,19.557000000000002,0.01,0.01
22.02.2021 08:32:46.749 GMT-0600,19.563,19.547,0.01,0.01
22.02.2021 08:32:47.109 GMT-0600,19.572,19.548,0.01,0.01
22.02.2021 08:32:47.159 GMT-0600,19.562,19.548,0.01,0.01
22.02.2021 08:32:47.701 GMT-0600,19.573,19.547,0.01,0.01
22.02.2021 08:32:48.129 GMT-0600,19.562,19.548,0.01,0.01
22.02.2021 08:32:48.179 GMT-0600,19.572,19.548,0.01,0.01
22.02.2021 08:32:48.404 GMT-0600,19.572,19.558,0.01,0.01
22.02.2021 08:32:49.130 GMT-0600,19.563,19.547,0.01,0.01
22.02.2021 08:32:49.231 GMT-0600,19.572,19.548,0.01,0.01
22.02.2021 08:32:50.350 GMT-0600,19.562,19.548,0.01,0.01
22.02.2021 08:32:50.863 GMT-0600,19.562,19.538,0.01,0.01
22.02.2021 08:32:51.148 GMT-0600,19.563,19.547,0.01,0.01
22.02.2021 08:32:51.249 GMT-0600,19.573,19.557000000000002,0.01,0.01
22.02.2021 08:32:51.527 GMT-0600,19.572,19.548,0.01,0.01
22.02.2021 08:32:51.628 GMT-0600,19.572,19.558,0.01,0.01
22.02.2021 08:32:51.751 GMT-0600,19.572,19.548,0.01,0.01
22.02.2021 08:32:51.801 GMT-0600,19.572,19.558,0.01,0.01
22.02.2021 08:32:51.952 GMT-0600,19.583,19.557000000000002,0.01,0.01
22.02.2021 08:32:52.502 GMT-0600,19.573,19.557000000000002,0.01,0.01
22.02.2021 08:32:52.552 GMT-0600,19.582,19.558,0.01,0.01
22.02.2021 08:32:53.140 GMT-0600,19.593,19.567,0.01,0.01
22.02.2021 08:32:53.721 GMT-0600,19.582,19.558,0.01,0.01
22.02.2021 08:32:53.772 GMT-0600,19.593,19.557000000000002,0.01,0.01
22.02.2021 08:32:53.822 GMT-0600,19.583,19.567,0.01,0.01
22.02.2021 08:32:53.973 GMT-0600,19.573,19.557000000000002,0.01,0.01
22.02.2021 08:32:54.023 GMT-0600,19.582,19.558,0.01,0.01
22.02.2021 08:32:54.123 GMT-0600,19.582,19.548,0.01,0.01
22.02.2021 08:32:54.174 GMT-0600,19.572,19.548,0.01,0.01
22.02.2021 08:32:54.324 GMT-0600,19.573,19.557000000000002,0.01,0.01
22.02.2021 08:32:54.441 GMT-0600,19.553,19.537000000000003,0.01,0.01
22.02.2021 08:32:54.562 GMT-0600,19.563,19.537000000000003,0.01,0.01
22.02.2021 08:32:54.612 GMT-0600,19.562,19.548,0.01,0.01
22.02.2021 08:32:54.743 GMT-0600,19.572,19.558,0.01,0.01
22.02.2021 08:32:54.948 GMT-0600,19.583,19.557000000000002,0.01,0.01
22.02.2021 08:32:54.998 GMT-0600,19.582,19.568,0.01,0.01
22.02.2021 08:32:55.562 GMT-0600,19.572,19.558,0.01,0.01
22.02.2021 08:32:55.882 GMT-0600,19.562,19.548,0.01,0.01
22.02.2021 08:32:55.983 GMT-0600,19.573,19.557000000000002,0.01,0.01
22.02.2021 08:32:56.348 GMT-0600,19.573,19.547,0.01,0.01
22.02.2021 08:32:56.398 GMT-0600,19.573,19.557000000000002,0.01,0.01
22.02.2021 08:32:58.140 GMT-0600,19.573,19.547,0.01,0.01
22.02.2021 08:32:58.190 GMT-0600,19.563,19.547,0.01,0.01
22.02.2021 08:32:58.240 GMT-0600,19.572,19.548,0.01,0.01
22.02.2021 08:32:58.315 GMT-0600,19.563,19.547,0.01,0.01
22.02.2021 08:32:58.416 GMT-0600,19.562,19.538,0.01,0.01
22.02.2021 08:32:58.587 GMT-0600,19.553,19.537000000000003,0.01,0.01
22.02.2021 08:32:58.738 GMT-0600,19.562,19.538,0.01,0.01
22.02.2021 08:32:59.519 GMT-0600,19.563,19.547,0.01,0.01
22.02.2021 08:32:59.992 GMT-0600,19.572,19.548,0.01,0.01
22.02.2021 08:33:00.093 GMT-0600,19.563,19.547,0.01,0.01
22.02.2021 08:33:00.851 GMT-0600,19.573,19.547,0.01,0.01
22.02.2021 08:33:01.198 GMT-0600,19.563,19.547,0.01,0.01
22.02.2021 08:33:01.585 GMT-0600,19.572,19.548,0.01,0.01
22.02.2021 08:33:01.785 GMT-0600,19.563,19.547,0.01,0.01
22.02.2021 08:33:02.105 GMT-0600,19.572,19.548,0.01,0.01
22.02.2021 08:33:02.379 GMT-0600,19.582,19.558,0.01,0.01
22.02.2021 08:33:02.797 GMT-0600,19.583,19.567,0.01,0.01
22.02.2021 08:33:03.827 GMT-0600,19.593,19.577,0.01,0.01
22.02.2021 08:33:03.950 GMT-0600,19.603,19.587,0.01,0.01
22.02.2021 08:33:04.118 GMT-0600,19.593,19.577,0.01,0.01
22.02.2021 08:33:04.168 GMT-0600,19.603,19.577,0.01,0.01
22.02.2021 08:33:04.369 GMT-0600,19.613,19.597,0.01,0.01
22.02.2021 08:33:04.722 GMT-0600,19.602,19.588,0.01,0.01
22.02.2021 08:33:04.772 GMT-0600,19.612000000000002,19.588,0.01,0.01
22.02.2021 08:33:05.526 GMT-0600,19.603,19.587,0.01,0.01
22.02.2021 08:33:05.596 GMT-0600,19.613,19.587,0.01,0.01
22.02.2021 08:33:05.814 GMT-0600,19.602,19.588,0.01,0.01
22.02.2021 08:33:05.899 GMT-0600,19.613,19.587,0.01,0.01
22.02.2021 08:33:05.949 GMT-0600,19.602,19.588,0.01,0.01
22.02.2021 08:33:06.439 GMT-0600,19.603,19.577,0.01,0.01
22.02.2021 08:33:06.572 GMT-0600,19.593,19.577,0.01,0.01
22.02.2021 08:33:07.560 GMT-0600,19.603,19.587,0.01,0.01
22.02.2021 08:33:07.812 GMT-0600,19.612000000000002,19.588,0.01,0.01
22.02.2021 08:33:07.938 GMT-0600,19.603,19.587,0.01,0.01
22.02.2021 08:33:08.000 GMT-0600,19.613,19.587,0.01,0.01
22.02.2021 08:33:08.103 GMT-0600,19.603,19.587,0.01,0.01
22.02.2021 08:33:08.269 GMT-0600,19.612000000000002,19.588,0.01,0.01
22.02.2021 08:33:08.355 GMT-0600,19.603,19.587,0.01,0.01
22.02.2021 08:33:08.748 GMT-0600,19.593,19.577,0.01,0.01
22.02.2021 08:33:08.962 GMT-0600,19.583,19.567,0.01,0.01
22.02.2021 08:33:09.424 GMT-0600,19.573,19.557000000000002,0.01,0.01
22.02.2021 08:33:09.584 GMT-0600,19.563,19.547,0.01,0.01
22.02.2021 08:33:09.957 GMT-0600,19.572,19.558,0.01,0.01
22.02.2021 08:33:10.008 GMT-0600,19.572,19.548,0.01,0.01
22.02.2021 08:33:10.143 GMT-0600,19.573,19.557000000000002,0.01,0.01
22.02.2021 08:33:10.193 GMT-0600,19.572,19.548,0.01,0.01
22.02.2021 08:33:10.555 GMT-0600,19.562,19.548,0.01,0.01
22.02.2021 08:33:10.938 GMT-0600,19.552,19.538,0.01,0.01
22.02.2021 08:33:11.429 GMT-0600,19.542,19.518,0.01,0.01
22.02.2021 08:33:11.846 GMT-0600,19.533,19.517,0.01,0.01
22.02.2021 08:33:12.058 GMT-0600,19.532,19.508,0.01,0.01
22.02.2021 08:33:12.108 GMT-0600,19.543,19.517,0.01,0.01
22.02.2021 08:33:12.558 GMT-0600,19.532,19.518,0.01,0.01
22.02.2021 08:33:12.609 GMT-0600,19.542,19.518,0.01,0.01
22.02.2021 08:33:12.784 GMT-0600,19.542,19.528,0.01,0.01
22.02.2021 08:33:13.005 GMT-0600,19.552,19.528,0.01,0.01
22.02.2021 08:33:13.102 GMT-0600,19.543,19.527,0.01,0.01
22.02.2021 08:33:13.153 GMT-0600,19.543,19.517,0.01,0.01
22.02.2021 08:33:13.239 GMT-0600,19.533,19.517,0.01,0.01
22.02.2021 08:33:13.361 GMT-0600,19.553,19.527,0.01,0.01
22.02.2021 08:33:13.673 GMT-0600,19.552,19.538,0.01,0.01
22.02.2021 08:33:13.773 GMT-0600,19.552,19.528,0.01,0.01
22.02.2021 08:33:14.199 GMT-0600,19.542,19.528,0.01,0.01
22.02.2021 08:33:14.249 GMT-0600,19.552,19.528,0.01,0.01
22.02.2021 08:33:15.037 GMT-0600,19.553,19.537000000000003,0.01,0.01
22.02.2021 08:33:15.498 GMT-0600,19.552,19.528,0.01,0.01
22.02.2021 08:33:15.548 GMT-0600,19.552,19.538,0.01,0.01
22.02.2021 08:33:16.019 GMT-0600,19.552,19.528,0.01,0.01
22.02.2021 08:33:16.166 GMT-0600,19.563,19.537000000000003,0.01,0.01
22.02.2021 08:33:16.367 GMT-0600,19.563,19.547,0.01,0.01
22.02.2021 08:33:17.126 GMT-0600,19.553,19.537000000000003,0.01,0.01
22.02.2021 08:33:18.174 GMT-0600,19.552,19.528,0.01,0.01
22.02.2021 08:33:18.368 GMT-0600,19.542,19.528,0.01,0.01
22.02.2021 08:33:18.728 GMT-0600,19.562,19.538,0.01,0.01
22.02.2021 08:33:18.980 GMT-0600,19.563,19.547,0.01,0.01
22.02.2021 08:33:19.052 GMT-0600,19.572,19.548,0.01,0.01
22.02.2021 08:33:19.102 GMT-0600,19.572,19.558,0.01,0.01
22.02.2021 08:33:19.152 GMT-0600,19.572,19.548,0.01,0.01
22.02.2021 08:33:19.270 GMT-0600,19.572,19.558,0.01,0.01
22.02.2021 08:33:19.638 GMT-0600,19.592000000000002,19.578,0.01,0.01
22.02.2021 08:33:19.743 GMT-0600,19.602,19.578,0.01,0.01
22.02.2021 08:33:20.132 GMT-0600,19.603,19.587,0.01,0.01
22.02.2021 08:33:20.451 GMT-0600,19.593,19.577,0.01,0.01
22.02.2021 08:33:20.502 GMT-0600,19.603,19.577,0.01,0.01
22.02.2021 08:33:21.021 GMT-0600,19.593,19.577,0.01,0.01
22.02.2021 08:33:21.501 GMT-0600,19.603,19.577,0.01,0.01
22.02.2021 08:33:21.552 GMT-0600,19.603,19.587,0.01,0.01
22.02.2021 08:33:21.711 GMT-0600,19.603,19.577,0.01,0.01
22.02.2021 08:33:22.012 GMT-0600,19.593,19.567,0.01,0.01
22.02.2021 08:33:22.389 GMT-0600,19.592000000000002,19.578,0.01,0.01
22.02.2021 08:33:22.490 GMT-0600,19.593,19.567,0.01,0.01
22.02.2021 08:33:22.601 GMT-0600,19.592000000000002,19.578,0.01,0.01
22.02.2021 08:33:22.741 GMT-0600,19.602,19.578,0.01,0.01
22.02.2021 08:33:23.198 GMT-0600,19.593,19.577,0.01,0.01
22.02.2021 08:33:23.295 GMT-0600,19.603,19.577,0.01,0.01
22.02.2021 08:33:23.345 GMT-0600,19.602,19.588,0.01,0.01
22.02.2021 08:33:23.395 GMT-0600,19.602,19.578,0.01,0.01
22.02.2021 08:33:23.734 GMT-0600,19.593,19.577,0.01,0.01
22.02.2021 08:33:23.784 GMT-0600,19.603,19.577,0.01,0.01
22.02.2021 08:33:23.940 GMT-0600,19.592000000000002,19.578,0.01,0.01
22.02.2021 08:33:23.990 GMT-0600,19.602,19.578,0.01,0.01
22.02.2021 08:33:24.196 GMT-0600,19.592000000000002,19.578,0.01,0.01
22.02.2021 08:33:26.123 GMT-0600,19.582,19.568,0.01,0.01
22.02.2021 08:33:26.309 GMT-0600,19.573,19.557000000000002,0.01,0.01
22.02.2021 08:33:26.586 GMT-0600,19.563,19.547,0.01,0.01
22.02.2021 08:33:27.903 GMT-0600,19.573,19.547,0.01,0.01
22.02.2021 08:33:28.003 GMT-0600,19.563,19.547,0.01,0.01
22.02.2021 08:33:28.054 GMT-0600,19.572,19.548,0.01,0.01
22.02.2021 08:33:28.154 GMT-0600,19.563,19.547,0.01,0.01
22.02.2021 08:33:28.296 GMT-0600,19.553,19.537000000000003,0.01,0.01
22.02.2021 08:33:28.353 GMT-0600,19.552,19.528,0.01,0.01
22.02.2021 08:33:28.403 GMT-0600,19.553,19.537000000000003,0.01,0.01
22.02.2021 08:33:28.699 GMT-0600,19.552,19.528,0.01,0.01
22.02.2021 08:33:28.799 GMT-0600,19.543,19.527,0.01,0.01
22.02.2021 08:33:28.924 GMT-0600,19.542,19.518,0.01,0.01
22.02.2021 08:33:29.214 GMT-0600,19.543,19.527,0.01,0.01
22.02.2021 08:33:29.266 GMT-0600,19.553,19.527,0.01,0.01
22.02.2021 08:33:29.316 GMT-0600,19.552,19.538,0.01,0.01
22.02.2021 08:33:29.417 GMT-0600,19.542,19.528,0.01,0.01
22.02.2021 08:33:29.480 GMT-0600,19.542,19.518,0.01,0.01
22.02.2021 08:33:29.890 GMT-0600,19.553,19.527,0.01,0.01
22.02.2021 08:33:30.952 GMT-0600,19.553,19.537000000000003,0.01,0.01
22.02.2021 08:33:31.052 GMT-0600,19.562,19.538,0.01,0.01
22.02.2021 08:33:31.235 GMT-0600,19.572,19.548,0.01,0.01
22.02.2021 08:33:31.435 GMT-0600,19.553,19.537000000000003,0.01,0.01
22.02.2021 08:33:31.551 GMT-0600,19.552,19.528,0.01,0.01
22.02.2021 08:33:32.523 GMT-0600,19.542,19.528,0.01,0.01
22.02.2021 08:33:32.674 GMT-0600,19.543,19.517,0.01,0.01
22.02.2021 08:33:32.894 GMT-0600,19.553,19.527,0.01,0.01
22.02.2021 08:33:32.995 GMT-0600,19.562,19.538,0.01,0.01
22.02.2021 08:33:33.154 GMT-0600,19.563,19.547,0.01,0.01
22.02.2021 08:33:33.255 GMT-0600,19.572,19.558,0.01,0.01
22.02.2021 08:33:33.647 GMT-0600,19.572,19.548,0.01,0.01
22.02.2021 08:33:34.297 GMT-0600,19.562,19.548,0.01,0.01
22.02.2021 08:33:34.355 GMT-0600,19.563,19.537000000000003,0.01,0.01
22.02.2021 08:33:35.529 GMT-0600,19.553,19.527,0.01,0.01
22.02.2021 08:33:35.923 GMT-0600,19.563,19.537000000000003,0.01,0.01
22.02.2021 08:33:36.024 GMT-0600,19.562,19.548,0.01,0.01
22.02.2021 08:33:36.266 GMT-0600,19.552,19.528,0.01,0.01
22.02.2021 08:33:36.562 GMT-0600,19.543,19.517,0.01,0.01
22.02.2021 08:33:36.666 GMT-0600,19.533,19.517,0.01,0.01
22.02.2021 08:33:36.967 GMT-0600,19.553,19.537000000000003,0.01,0.01
22.02.2021 08:33:37.079 GMT-0600,19.562,19.538,0.01,0.01
22.02.2021 08:33:37.252 GMT-0600,19.552,19.538,0.01,0.01
22.02.2021 08:33:37.313 GMT-0600,19.563,19.537000000000003,0.01,0.01
22.02.2021 08:33:37.369 GMT-0600,19.562,19.548,0.01,0.01
22.02.2021 08:33:37.469 GMT-0600,19.562,19.538,0.01,0.01
22.02.2021 08:33:37.519 GMT-0600,19.572,19.558,0.01,0.01
22.02.2021 08:33:37.620 GMT-0600,19.582,19.558,0.01,0.01
22.02.2021 08:33:37.720 GMT-0600,19.572,19.548,0.01,0.01
22.02.2021 08:33:38.461 GMT-0600,19.562,19.548,0.01,0.01
22.02.2021 08:33:38.511 GMT-0600,19.562,19.538,0.01,0.01
22.02.2021 08:33:38.561 GMT-0600,19.572,19.548,0.01,0.01
22.02.2021 08:33:38.840 GMT-0600,19.583,19.557000000000002,0.01,0.01
22.02.2021 08:33:39.000 GMT-0600,19.572,19.558,0.01,0.01
22.02.2021 08:33:39.468 GMT-0600,19.583,19.557000000000002,0.01,0.01
22.02.2021 08:33:39.692 GMT-0600,19.583,19.567,0.01,0.01
22.02.2021 08:33:39.793 GMT-0600,19.583,19.557000000000002,0.01,0.01
22.02.2021 08:33:39.884 GMT-0600,19.582,19.568,0.01,0.01
22.02.2021 08:33:39.935 GMT-0600,19.592000000000002,19.568,0.01,0.01
22.02.2021 08:33:40.338 GMT-0600,19.593,19.557000000000002,0.01,0.01
22.02.2021 08:33:40.449 GMT-0600,19.582,19.558,0.01,0.01
22.02.2021 08:33:40.563 GMT-0600,19.573,19.557000000000002,0.01,0.01
22.02.2021 08:33:40.823 GMT-0600,19.582,19.558,0.01,0.01
22.02.2021 08:33:41.091 GMT-0600,19.572,19.558,0.01,0.01
22.02.2021 08:33:41.292 GMT-0600,19.583,19.557000000000002,0.01,0.01
22.02.2021 08:33:41.656 GMT-0600,19.573,19.557000000000002,0.01,0.01
22.02.2021 08:33:42.985 GMT-0600,19.563,19.547,0.01,0.01
22.02.2021 08:33:43.058 GMT-0600,19.562,19.538,0.01,0.01
22.02.2021 08:33:43.475 GMT-0600,19.553,19.527,0.01,0.01
22.02.2021 08:33:43.605 GMT-0600,19.542,19.528,0.01,0.01
22.02.2021 08:33:43.753 GMT-0600,19.532,19.518,0.01,0.01
22.02.2021 08:33:44.020 GMT-0600,19.533,19.507,0.01,0.01
22.02.2021 08:33:44.296 GMT-0600,19.522000000000002,19.508,0.01,0.01
22.02.2021 08:33:44.770 GMT-0600,19.533,19.507,0.01,0.01
22.02.2021 08:33:44.820 GMT-0600,19.533,19.517,0.01,0.01
22.02.2021 08:33:44.921 GMT-0600,19.533,19.507,0.01,0.01
22.02.2021 08:33:44.971 GMT-0600,19.533,19.517,0.01,0.01
22.02.2021 08:33:45.021 GMT-0600,19.553,19.527,0.01,0.01
22.02.2021 08:33:45.607 GMT-0600,19.552,19.518,0.01,0.01
22.02.2021 08:33:45.658 GMT-0600,19.533,19.517,0.01,0.01
22.02.2021 08:33:46.074 GMT-0600,19.533,19.507,0.01,0.01
22.02.2021 08:33:46.441 GMT-0600,19.522000000000002,19.508,0.01,0.01
22.02.2021 08:33:46.825 GMT-0600,19.533,19.517,0.01,0.01
22.02.2021 08:33:47.475 GMT-0600,19.532,19.508,0.01,0.01
22.02.2021 08:33:47.526 GMT-0600,19.522000000000002,19.508,0.01,0.01
22.02.2021 08:33:47.641 GMT-0600,19.543,19.517,0.01,0.01
22.02.2021 08:33:48.376 GMT-0600,19.542,19.528,0.01,0.01
22.02.2021 08:33:48.477 GMT-0600,19.552,19.538,0.01,0.01
22.02.2021 08:33:48.693 GMT-0600,19.533,19.507,0.01,0.01
22.02.2021 08:33:48.743 GMT-0600,19.543,19.517,0.01,0.01
22.02.2021 08:33:49.479 GMT-0600,19.532,19.508,0.01,0.01
22.02.2021 08:33:49.630 GMT-0600,19.523,19.507,0.01,0.01
22.02.2021 08:33:49.770 GMT-0600,19.533,19.507,0.01,0.01
22.02.2021 08:33:49.852 GMT-0600,19.532,19.518,0.01,0.01
22.02.2021 08:33:50.002 GMT-0600,19.542,19.518,0.01,0.01
22.02.2021 08:33:50.406 GMT-0600,19.523,19.507,0.01,0.01
22.02.2021 08:33:52.056 GMT-0600,19.502000000000002,19.488,0.01,0.01
22.02.2021 08:33:52.128 GMT-0600,19.502000000000002,19.478,0.01,0.01
22.02.2021 08:33:52.279 GMT-0600,19.502000000000002,19.488,0.01,0.01
22.02.2021 08:33:52.429 GMT-0600,19.513,19.497,0.01,0.01
22.02.2021 08:33:52.480 GMT-0600,19.522000000000002,19.498,0.01,0.01
22.02.2021 08:33:53.123 GMT-0600,19.512,19.498,0.01,0.01
22.02.2021 08:33:53.224 GMT-0600,19.512,19.488,0.01,0.01
22.02.2021 08:33:54.062 GMT-0600,19.503,19.487000000000002,0.01,0.01
22.02.2021 08:33:54.396 GMT-0600,19.513,19.487000000000002,0.01,0.01
22.02.2021 08:33:54.661 GMT-0600,19.503,19.487000000000002,0.01,0.01
22.02.2021 08:33:55.048 GMT-0600,19.513,19.487000000000002,0.01,0.01
22.02.2021 08:33:55.791 GMT-0600,19.522000000000002,19.498,0.01,0.01
22.02.2021 08:33:55.992 GMT-0600,19.522000000000002,19.508,0.01,0.01
22.02.2021 08:33:56.092 GMT-0600,19.523,19.497,0.01,0.01
22.02.2021 08:33:57.722 GMT-0600,19.523,19.507,0.01,0.01
22.02.2021 08:33:58.001 GMT-0600,19.512,19.498,0.01,0.01
22.02.2021 08:33:58.051 GMT-0600,19.522000000000002,19.498,0.01,0.01
22.02.2021 08:33:58.192 GMT-0600,19.513,19.497,0.01,0.01
22.02.2021 08:33:58.310 GMT-0600,19.513,19.487000000000002,0.01,0.01
22.02.2021 08:33:59.529 GMT-0600,19.502000000000002,19.488,0.01,0.01
22.02.2021 08:33:59.817 GMT-0600,19.513,19.487000000000002,0.01,0.01
22.02.2021 08:34:00.267 GMT-0600,19.503,19.487000000000002,0.01,0.01
22.02.2021 08:34:00.630 GMT-0600,19.503,19.477,0.01,0.01
22.02.2021 08:34:01.286 GMT-0600,19.492,19.478,0.01,0.01
22.02.2021 08:34:01.567 GMT-0600,19.492,19.468,0.01,0.01
22.02.2021 08:34:01.617 GMT-0600,19.493,19.477,0.01,0.01
22.02.2021 08:34:03.066 GMT-0600,19.503,19.477,0.01,0.01
22.02.2021 08:34:03.550 GMT-0600,19.493,19.477,0.01,0.01
22.02.2021 08:34:04.249 GMT-0600,19.483,19.467000000000002,0.01,0.01
22.02.2021 08:34:04.400 GMT-0600,19.473,19.457,0.01,0.01
22.02.2021 08:34:05.448 GMT-0600,19.472,19.448,0.01,0.01
22.02.2021 08:34:05.654 GMT-0600,19.462,19.438,0.01,0.01
22.02.2021 08:34:05.804 GMT-0600,19.453,19.427,0.01,0.01
22.02.2021 08:34:06.356 GMT-0600,19.442,19.428,0.01,0.01
22.02.2021 08:34:06.406 GMT-0600,19.442,19.418,0.01,0.01
22.02.2021 08:34:06.893 GMT-0600,19.432000000000002,19.418,0.01,0.01
22.02.2021 08:34:06.944 GMT-0600,19.433,19.407,0.01,0.01
22.02.2021 08:34:06.994 GMT-0600,19.423,19.407,0.01,0.01
22.02.2021 08:34:07.155 GMT-0600,19.432000000000002,19.408,0.01,0.01
22.02.2021 08:34:07.409 GMT-0600,19.423,19.407,0.01,0.01
22.02.2021 08:34:07.459 GMT-0600,19.432000000000002,19.408,0.01,0.01
22.02.2021 08:34:08.003 GMT-0600,19.432000000000002,19.418,0.01,0.01
22.02.2021 08:34:08.664 GMT-0600,19.432000000000002,19.408,0.01,0.01
22.02.2021 08:34:08.873 GMT-0600,19.433,19.417,0.01,0.01
22.02.2021 08:34:09.023 GMT-0600,19.432000000000002,19.408,0.01,0.01
22.02.2021 08:34:09.749 GMT-0600,19.422,19.408,0.01,0.01
22.02.2021 08:34:10.043 GMT-0600,19.432000000000002,19.408,0.01,0.01
22.02.2021 08:34:10.530 GMT-0600,19.423,19.407,0.01,0.01
22.02.2021 08:34:10.603 GMT-0600,19.432000000000002,19.408,0.01,0.01
22.02.2021 08:34:11.139 GMT-0600,19.433,19.417,0.01,0.01
22.02.2021 08:34:11.526 GMT-0600,19.443,19.427,0.01,0.01
22.02.2021 08:34:13.195 GMT-0600,19.463,19.437,0.01,0.01
22.02.2021 08:34:13.395 GMT-0600,19.453,19.437,0.01,0.01
22.02.2021 08:34:13.620 GMT-0600,19.452,19.428,0.01,0.01
22.02.2021 08:34:14.284 GMT-0600,19.453,19.437,0.01,0.01
22.02.2021 08:34:14.384 GMT-0600,19.453,19.427,0.01,0.01
22.02.2021 08:34:14.752 GMT-0600,19.462,19.438,0.01,0.01
22.02.2021 08:34:15.876 GMT-0600,19.452,19.428,0.01,0.01
22.02.2021 08:34:16.278 GMT-0600,19.453,19.437,0.01,0.01
22.02.2021 08:34:16.329 GMT-0600,19.463,19.437,0.01,0.01
22.02.2021 08:34:16.380 GMT-0600,19.453,19.437,0.01,0.01
22.02.2021 08:34:16.484 GMT-0600,19.462,19.438,0.01,0.01
22.02.2021 08:34:16.534 GMT-0600,19.453,19.427,0.01,0.01
22.02.2021 08:34:16.722 GMT-0600,19.442,19.428,0.01,0.01
22.02.2021 08:34:17.028 GMT-0600,19.452,19.438,0.01,0.01
22.02.2021 08:34:17.078 GMT-0600,19.442,19.418,0.01,0.01
22.02.2021 08:34:17.229 GMT-0600,19.433,19.407,0.01,0.01
22.02.2021 08:34:17.571 GMT-0600,19.423,19.407,0.01,0.01
22.02.2021 08:34:17.695 GMT-0600,19.423,19.397000000000002,0.01,0.01
22.02.2021 08:34:18.756 GMT-0600,19.402,19.388,0.01,0.01
22.02.2021 08:34:18.856 GMT-0600,19.412000000000003,19.388,0.01,0.01
22.02.2021 08:34:19.475 GMT-0600,19.422,19.398,0.01,0.01
22.02.2021 08:34:19.625 GMT-0600,19.422,19.408,0.01,0.01
22.02.2021 08:34:19.676 GMT-0600,19.432000000000002,19.408,0.01,0.01
22.02.2021 08:34:20.210 GMT-0600,19.422,19.408,0.01,0.01
22.02.2021 08:34:20.260 GMT-0600,19.423,19.397000000000002,0.01,0.01
22.02.2021 08:34:20.510 GMT-0600,19.413,19.397000000000002,0.01,0.01
22.02.2021 08:34:20.560 GMT-0600,19.413,19.387,0.01,0.01
22.02.2021 08:34:20.893 GMT-0600,19.402,19.378,0.01,0.01
22.02.2021 08:34:20.994 GMT-0600,19.403,19.387,0.01,0.01
22.02.2021 08:34:21.385 GMT-0600,19.412000000000003,19.388,0.01,0.01
22.02.2021 08:34:21.488 GMT-0600,19.412000000000003,19.398,0.01,0.01
22.02.2021 08:34:21.538 GMT-0600,19.423,19.397000000000002,0.01,0.01
22.02.2021 08:34:21.628 GMT-0600,19.412000000000003,19.398,0.01,0.01
22.02.2021 08:34:21.678 GMT-0600,19.423,19.397000000000002,0.01,0.01
22.02.2021 08:34:21.779 GMT-0600,19.422,19.408,0.01,0.01
22.02.2021 08:34:22.172 GMT-0600,19.423,19.397000000000002,0.01,0.01
22.02.2021 08:34:22.415 GMT-0600,19.412000000000003,19.398,0.01,0.01
22.02.2021 08:34:22.566 GMT-0600,19.402,19.388,0.01,0.01
22.02.2021 08:34:22.876 GMT-0600,19.393,19.377000000000002,0.01,0.01
22.02.2021 08:34:23.026 GMT-0600,19.402,19.378,0.01,0.01
22.02.2021 08:34:23.076 GMT-0600,19.402,19.388,0.01,0.01
22.02.2021 08:34:23.540 GMT-0600,19.412000000000003,19.388,0.01,0.01
22.02.2021 08:34:23.883 GMT-0600,19.392,19.378,0.01,0.01
22.02.2021 08:34:23.947 GMT-0600,19.403,19.377000000000002,0.01,0.01
22.02.2021 08:34:24.163 GMT-0600,19.403,19.387,0.01,0.01
22.02.2021 08:34:24.939 GMT-0600,19.412000000000003,19.388,0.01,0.01
22.02.2021 08:34:25.247 GMT-0600,19.402,19.388,0.01,0.01
22.02.2021 08:34:25.298 GMT-0600,19.402,19.378,0.01,0.01
22.02.2021 08:34:25.459 GMT-0600,19.393,19.377000000000002,0.01,0.01
22.02.2021 08:34:25.510 GMT-0600,19.402,19.378,0.01,0.01
22.02.2021 08:34:25.768 GMT-0600,19.412000000000003,19.388,0.01,0.01
22.02.2021 08:34:26.219 GMT-0600,19.403,19.387,0.01,0.01
22.02.2021 08:34:26.269 GMT-0600,19.412000000000003,19.388,0.01,0.01
22.02.2021 08:34:26.319 GMT-0600,19.402,19.388,0.01,0.01
22.02.2021 08:34:26.855 GMT-0600,19.402,19.378,0.01,0.01
22.02.2021 08:34:27.418 GMT-0600,19.413,19.387,0.01,0.01
22.02.2021 08:34:27.559 GMT-0600,19.402,19.388,0.01,0.01
22.02.2021 08:34:27.795 GMT-0600,19.402,19.378,0.01,0.01
22.02.2021 08:34:29.360 GMT-0600,19.393,19.367,0.01,0.01
22.02.2021 08:34:31.150 GMT-0600,19.383,19.367,0.01,0.01
22.02.2021 08:34:32.942 GMT-0600,19.372,19.358,0.01,0.01
22.02.2021 08:34:32.992 GMT-0600,19.382,19.358,0.01,0.01
22.02.2021 08:34:33.042 GMT-0600,19.383,19.367,0.01,0.01
22.02.2021 08:34:33.466 GMT-0600,19.363,19.347,0.01,0.01
22.02.2021 08:34:33.666 GMT-0600,19.373,19.347,0.01,0.01
22.02.2021 08:34:33.787 GMT-0600,19.382,19.368,0.01,0.01
22.02.2021 08:34:34.123 GMT-0600,19.382,19.358,0.01,0.01
22.02.2021 08:34:34.173 GMT-0600,19.383,19.367,0.01,0.01
22.02.2021 08:34:34.915 GMT-0600,19.382,19.358,0.01,0.01
22.02.2021 08:34:35.134 GMT-0600,19.393,19.367,0.01,0.01
22.02.2021 08:34:35.334 GMT-0600,19.382,19.368,0.01,0.01
22.02.2021 08:34:35.799 GMT-0600,19.393,19.367,0.01,0.01
22.02.2021 08:34:36.464 GMT-0600,19.382,19.368,0.01,0.01
22.02.2021 08:34:37.291 GMT-0600,19.373,19.357,0.01,0.01
22.02.2021 08:34:37.392 GMT-0600,19.362000000000002,19.338,0.01,0.01
22.02.2021 08:34:37.492 GMT-0600,19.363,19.347,0.01,0.01
22.02.2021 08:34:37.558 GMT-0600,19.362000000000002,19.338,0.01,0.01
22.02.2021 08:34:38.148 GMT-0600,19.353,19.337,0.01,0.01
22.02.2021 08:34:38.198 GMT-0600,19.353,19.327,0.01,0.01
22.02.2021 08:34:39.543 GMT-0600,19.352,19.338,0.01,0.01
22.02.2021 08:34:39.694 GMT-0600,19.352,19.328,0.01,0.01
22.02.2021 08:34:39.778 GMT-0600,19.363,19.337,0.01,0.01
22.02.2021 08:34:40.134 GMT-0600,19.373,19.347,0.01,0.01
22.02.2021 08:34:40.381 GMT-0600,19.383,19.357,0.01,0.01
22.02.2021 08:34:41.582 GMT-0600,19.372,19.348,0.01,0.01
22.02.2021 08:34:43.049 GMT-0600,19.363,19.347,0.01,0.01
22.02.2021 08:34:43.648 GMT-0600,19.363,19.337,0.01,0.01
22.02.2021 08:34:43.781 GMT-0600,19.353,19.337,0.01,0.01
22.02.2021 08:34:43.831 GMT-0600,19.352,19.328,0.01,0.01
22.02.2021 08:34:44.406 GMT-0600,19.353,19.337,0.01,0.01
22.02.2021 08:34:44.732 GMT-0600,19.362000000000002,19.338,0.01,0.01
22.02.2021 08:34:44.782 GMT-0600,19.362000000000002,19.348,0.01,0.01
22.02.2021 08:34:45.632 GMT-0600,19.362000000000002,19.338,0.01,0.01
22.02.2021 08:34:45.685 GMT-0600,19.363,19.347,0.01,0.01
22.02.2021 08:34:45.820 GMT-0600,19.363,19.337,0.01,0.01
22.02.2021 08:34:46.224 GMT-0600,19.352,19.338,0.01,0.01
22.02.2021 08:34:46.325 GMT-0600,19.352,19.328,0.01,0.01
22.02.2021 08:34:46.600 GMT-0600,19.342000000000002,19.328,0.01,0.01
22.02.2021 08:34:46.759 GMT-0600,19.343,19.317,0.01,0.01
22.02.2021 08:34:48.365 GMT-0600,19.332,19.318,0.01,0.01
22.02.2021 08:34:48.810 GMT-0600,19.322,19.308,0.01,0.01
22.02.2021 08:34:49.491 GMT-0600,19.323,19.297,0.01,0.01
22.02.2021 08:34:50.115 GMT-0600,19.333,19.317,0.01,0.01
22.02.2021 08:34:50.981 GMT-0600,19.343,19.317,0.01,0.01
22.02.2021 08:34:51.143 GMT-0600,19.343,19.327,0.01,0.01
22.02.2021 08:34:51.544 GMT-0600,19.333,19.317,0.01,0.01
22.02.2021 08:34:51.783 GMT-0600,19.342000000000002,19.318,0.01,0.01
22.02.2021 08:34:51.941 GMT-0600,19.333,19.317,0.01,0.01
22.02.2021 08:34:51.991 GMT-0600,19.343,19.317,0.01,0.01
22.02.2021 08:34:52.094 GMT-0600,19.332,19.318,0.01,0.01
22.02.2021 08:34:52.195 GMT-0600,19.342000000000002,19.318,0.01,0.01
22.02.2021 08:34:53.144 GMT-0600,19.342000000000002,19.328,0.01,0.01
22.02.2021 08:34:53.890 GMT-0600,19.343,19.317,0.01,0.01
22.02.2021 08:34:55.490 GMT-0600,19.343,19.327,0.01,0.01
22.02.2021 08:34:55.639 GMT-0600,19.342000000000002,19.318,0.01,0.01
22.02.2021 08:35:02.691 GMT-0600,19.352,19.338,0.01,0.01
22.02.2021 08:35:02.792 GMT-0600,19.362000000000002,19.338,0.01,0.01
22.02.2021 08:35:03.161 GMT-0600,19.362000000000002,19.348,0.01,0.01
22.02.2021 08:35:03.211 GMT-0600,19.362000000000002,19.338,0.01,0.01
22.02.2021 08:35:03.311 GMT-0600,19.363,19.347,0.01,0.01
22.02.2021 08:35:03.656 GMT-0600,19.362000000000002,19.338,0.01,0.01
22.02.2021 08:35:03.791 GMT-0600,19.362000000000002,19.348,0.01,0.01
22.02.2021 08:35:03.948 GMT-0600,19.353,19.337,0.01,0.01
22.02.2021 08:35:04.386 GMT-0600,19.342000000000002,19.328,0.01,0.01
22.02.2021 08:35:04.742 GMT-0600,19.332,19.318,0.01,0.01
22.02.2021 08:35:04.893 GMT-0600,19.342000000000002,19.328,0.01,0.01
22.02.2021 08:35:04.943 GMT-0600,19.353,19.327,0.01,0.01
22.02.2021 08:35:05.044 GMT-0600,19.342000000000002,19.328,0.01,0.01
22.02.2021 08:35:05.195 GMT-0600,19.342000000000002,19.318,0.01,0.01
22.02.2021 08:35:05.246 GMT-0600,19.333,19.317,0.01,0.01
22.02.2021 08:35:05.497 GMT-0600,19.352,19.338,0.01,0.01
22.02.2021 08:35:05.584 GMT-0600,19.353,19.327,0.01,0.01
22.02.2021 08:35:05.702 GMT-0600,19.343,19.317,0.01,0.01
22.02.2021 08:35:05.803 GMT-0600,19.342000000000002,19.328,0.01,0.01
22.02.2021 08:35:06.615 GMT-0600,19.363,19.337,0.01,0.01
22.02.2021 08:35:06.716 GMT-0600,19.363,19.347,0.01,0.01
22.02.2021 08:35:06.949 GMT-0600,19.372,19.358,0.01,0.01
22.02.2021 08:35:07.146 GMT-0600,19.373,19.347,0.01,0.01
22.02.2021 08:35:07.249 GMT-0600,19.372,19.358,0.01,0.01
22.02.2021 08:35:07.299 GMT-0600,19.373,19.347,0.01,0.01
22.02.2021 08:35:07.349 GMT-0600,19.373,19.357,0.01,0.01
22.02.2021 08:35:08.052 GMT-0600,19.372,19.348,0.01,0.01
22.02.2021 08:35:08.259 GMT-0600,19.372,19.358,0.01,0.01
22.02.2021 08:35:11.219 GMT-0600,19.372,19.348,0.01,0.01
22.02.2021 08:35:11.593 GMT-0600,19.373,19.357,0.01,0.01
22.02.2021 08:35:11.744 GMT-0600,19.373,19.347,0.01,0.01
22.02.2021 08:35:11.844 GMT-0600,19.373,19.357,0.01,0.01
22.02.2021 08:35:11.995 GMT-0600,19.362000000000002,19.348,0.01,0.01
22.02.2021 08:35:12.467 GMT-0600,19.353,19.337,0.01,0.01
22.02.2021 08:35:12.769 GMT-0600,19.353,19.327,0.01,0.01
22.02.2021 08:35:12.984 GMT-0600,19.353,19.337,0.01,0.01
22.02.2021 08:35:13.554 GMT-0600,19.353,19.327,0.01,0.01
22.02.2021 08:35:13.604 GMT-0600,19.363,19.337,0.01,0.01
22.02.2021 08:35:13.773 GMT-0600,19.352,19.338,0.01,0.01
22.02.2021 08:35:13.974 GMT-0600,19.363,19.347,0.01,0.01
22.02.2021 08:35:14.535 GMT-0600,19.363,19.337,0.01,0.01
22.02.2021 08:35:15.412 GMT-0600,19.353,19.337,0.01,0.01
22.02.2021 08:35:15.519 GMT-0600,19.342000000000002,19.328,0.01,0.01
22.02.2021 08:35:16.979 GMT-0600,19.332,19.318,0.01,0.01
22.02.2021 08:35:27.235 GMT-0600,19.403,19.387,0.01,0.01
22.02.2021 08:35:27.481 GMT-0600,19.413,19.397000000000002,0.01,0.01
22.02.2021 08:35:28.610 GMT-0600,19.423,19.397000000000002,0.01,0.01
22.02.2021 08:35:28.660 GMT-0600,19.422,19.408,0.01,0.01
22.02.2021 08:35:28.811 GMT-0600,19.433,19.417,0.01,0.01
22.02.2021 08:35:29.004 GMT-0600,19.443,19.427,0.01,0.01
22.02.2021 08:35:29.465 GMT-0600,19.433,19.417,0.01,0.01
22.02.2021 08:35:30.146 GMT-0600,19.433,19.407,0.01,0.01
22.02.2021 08:35:30.196 GMT-0600,19.433,19.417,0.01,0.01
22.02.2021 08:35:30.447 GMT-0600,19.432000000000002,19.408,0.01,0.01
22.02.2021 08:35:30.775 GMT-0600,19.432000000000002,19.418,0.01,0.01
22.02.2021 08:35:30.876 GMT-0600,19.443,19.427,0.01,0.01
22.02.2021 08:35:32.563 GMT-0600,19.463,19.447,0.01,0.01
22.02.2021 08:35:32.954 GMT-0600,19.473,19.457,0.01,0.01
22.02.2021 08:35:33.025 GMT-0600,19.473,19.447,0.01,0.01
22.02.2021 08:35:33.076 GMT-0600,19.473,19.457,0.01,0.01
22.02.2021 08:35:33.794 GMT-0600,19.483,19.467000000000002,0.01,0.01
22.02.2021 08:35:34.018 GMT-0600,19.482,19.458,0.01,0.01
22.02.2021 08:35:34.403 GMT-0600,19.482,19.468,0.01,0.01
22.02.2021 08:35:34.704 GMT-0600,19.473,19.457,0.01,0.01
22.02.2021 08:35:35.046 GMT-0600,19.482,19.458,0.01,0.01
22.02.2021 08:35:35.146 GMT-0600,19.472,19.458,0.01,0.01
22.02.2021 08:35:35.631 GMT-0600,19.462,19.448,0.01,0.01
22.02.2021 08:35:35.851 GMT-0600,19.472,19.448,0.01,0.01
22.02.2021 08:35:36.025 GMT-0600,19.473,19.457,0.01,0.01
22.02.2021 08:35:36.180 GMT-0600,19.472,19.448,0.01,0.01
22.02.2021 08:35:36.281 GMT-0600,19.472,19.458,0.01,0.01
22.02.2021 08:35:36.485 GMT-0600,19.483,19.457,0.01,0.01
22.02.2021 08:35:36.535 GMT-0600,19.482,19.468,0.01,0.01
22.02.2021 08:35:36.635 GMT-0600,19.482,19.458,0.01,0.01
22.02.2021 08:35:36.736 GMT-0600,19.492,19.468,0.01,0.01
22.02.2021 08:35:39.572 GMT-0600,19.473,19.457,0.01,0.01
22.02.2021 08:35:39.772 GMT-0600,19.482,19.458,0.01,0.01
22.02.2021 08:35:39.873 GMT-0600,19.472,19.458,0.01,0.01
22.02.2021 08:35:39.973 GMT-0600,19.473,19.447,0.01,0.01
22.02.2021 08:35:40.224 GMT-0600,19.472,19.458,0.01,0.01
22.02.2021 08:35:40.275 GMT-0600,19.473,19.447,0.01,0.01
22.02.2021 08:35:40.735 GMT-0600,19.472,19.458,0.01,0.01
22.02.2021 08:35:40.897 GMT-0600,19.472,19.448,0.01,0.01
22.02.2021 08:35:41.244 GMT-0600,19.472,19.458,0.01,0.01
22.02.2021 08:35:42.168 GMT-0600,19.473,19.447,0.01,0.01
22.02.2021 08:35:42.257 GMT-0600,19.472,19.458,0.01,0.01
22.02.2021 08:35:42.927 GMT-0600,19.472,19.448,0.01,0.01
22.02.2021 08:35:42.996 GMT-0600,19.463,19.447,0.01,0.01
22.02.2021 08:35:43.535 GMT-0600,19.472,19.458,0.01,0.01
22.02.2021 08:35:43.586 GMT-0600,19.473,19.447,0.01,0.01
22.02.2021 08:35:43.736 GMT-0600,19.483,19.457,0.01,0.01
22.02.2021 08:35:43.912 GMT-0600,19.492,19.468,0.01,0.01
22.02.2021 08:35:44.192 GMT-0600,19.482,19.468,0.01,0.01
22.02.2021 08:35:44.243 GMT-0600,19.492,19.468,0.01,0.01
22.02.2021 08:35:44.300 GMT-0600,19.483,19.467000000000002,0.01,0.01
22.02.2021 08:35:44.431 GMT-0600,19.492,19.468,0.01,0.01
22.02.2021 08:35:44.482 GMT-0600,19.503,19.487000000000002,0.01,0.01
22.02.2021 08:35:44.632 GMT-0600,19.512,19.498,0.01,0.01
22.02.2021 08:35:44.962 GMT-0600,19.523,19.497,0.01,0.01
22.02.2021 08:35:45.013 GMT-0600,19.512,19.498,0.01,0.01
22.02.2021 08:35:45.658 GMT-0600,19.532,19.518,0.01,0.01
22.02.2021 08:35:45.809 GMT-0600,19.553,19.527,0.01,0.01
22.02.2021 08:35:45.859 GMT-0600,19.543,19.527,0.01,0.01
22.02.2021 08:35:45.912 GMT-0600,19.533,19.507,0.01,0.01
22.02.2021 08:35:45.963 GMT-0600,19.523,19.507,0.01,0.01
22.02.2021 08:35:46.025 GMT-0600,19.532,19.508,0.01,0.01
22.02.2021 08:35:46.125 GMT-0600,19.532,19.518,0.01,0.01
22.02.2021 08:35:46.176 GMT-0600,19.533,19.507,0.01,0.01
22.02.2021 08:35:46.394 GMT-0600,19.532,19.518,0.01,0.01
22.02.2021 08:35:46.545 GMT-0600,19.543,19.517,0.01,0.01
22.02.2021 08:35:48.094 GMT-0600,19.533,19.517,0.01,0.01
22.02.2021 08:35:48.144 GMT-0600,19.543,19.517,0.01,0.01
22.02.2021 08:35:48.651 GMT-0600,19.533,19.517,0.01,0.01
22.02.2021 08:35:48.701 GMT-0600,19.543,19.517,0.01,0.01
22.02.2021 08:35:49.257 GMT-0600,19.533,19.517,0.01,0.01
22.02.2021 08:35:49.407 GMT-0600,19.513,19.497,0.01,0.01
22.02.2021 08:35:49.508 GMT-0600,19.522000000000002,19.498,0.01,0.01
22.02.2021 08:35:49.955 GMT-0600,19.513,19.497,0.01,0.01
22.02.2021 08:35:50.006 GMT-0600,19.522000000000002,19.498,0.01,0.01
22.02.2021 08:35:50.128 GMT-0600,19.513,19.497,0.01,0.01
22.02.2021 08:35:50.179 GMT-0600,19.513,19.487000000000002,0.01,0.01
22.02.2021 08:35:50.335 GMT-0600,19.502000000000002,19.478,0.01,0.01
22.02.2021 08:35:50.485 GMT-0600,19.502000000000002,19.488,0.01,0.01
22.02.2021 08:35:50.536 GMT-0600,19.503,19.477,0.01,0.01
22.02.2021 08:35:51.318 GMT-0600,19.493,19.467000000000002,0.01,0.01
22.02.2021 08:35:52.274 GMT-0600,19.482,19.468,0.01,0.01
22.02.2021 08:35:52.324 GMT-0600,19.492,19.468,0.01,0.01
22.02.2021 08:35:53.467 GMT-0600,19.482,19.468,0.01,0.01
22.02.2021 08:35:53.518 GMT-0600,19.492,19.468,0.01,0.01
22.02.2021 08:35:54.019 GMT-0600,19.482,19.468,0.01,0.01
22.02.2021 08:35:54.280 GMT-0600,19.483,19.457,0.01,0.01
22.02.2021 08:35:54.330 GMT-0600,19.482,19.468,0.01,0.01
22.02.2021 08:35:54.607 GMT-0600,19.483,19.457,0.01,0.01
22.02.2021 08:35:54.658 GMT-0600,19.473,19.457,0.01,0.01
22.02.2021 08:35:54.861 GMT-0600,19.462,19.448,0.01,0.01
22.02.2021 08:35:55.059 GMT-0600,19.473,19.447,0.01,0.01
22.02.2021 08:35:55.117 GMT-0600,19.463,19.447,0.01,0.01
22.02.2021 08:35:55.267 GMT-0600,19.463,19.437,0.01,0.01
22.02.2021 08:35:55.370 GMT-0600,19.463,19.447,0.01,0.01
22.02.2021 08:35:55.423 GMT-0600,19.482,19.468,0.01,0.01
22.02.2021 08:35:55.473 GMT-0600,19.482,19.458,0.01,0.01
22.02.2021 08:35:55.523 GMT-0600,19.483,19.467000000000002,0.01,0.01
22.02.2021 08:35:56.836 GMT-0600,19.482,19.458,0.01,0.01
22.02.2021 08:35:57.062 GMT-0600,19.482,19.468,0.01,0.01
22.02.2021 08:35:57.424 GMT-0600,19.482,19.458,0.01,0.01
22.02.2021 08:35:57.605 GMT-0600,19.483,19.467000000000002,0.01,0.01
22.02.2021 08:35:58.103 GMT-0600,19.493,19.477,0.01,0.01
22.02.2021 08:35:58.410 GMT-0600,19.483,19.467000000000002,0.01,0.01
22.02.2021 08:35:58.772 GMT-0600,19.482,19.458,0.01,0.01
22.02.2021 08:35:58.897 GMT-0600,19.482,19.468,0.01,0.01
22.02.2021 08:35:59.043 GMT-0600,19.483,19.457,0.01,0.01
22.02.2021 08:35:59.233 GMT-0600,19.492,19.478,0.01,0.01
22.02.2021 08:36:00.100 GMT-0600,19.493,19.467000000000002,0.01,0.01
22.02.2021 08:36:00.150 GMT-0600,19.493,19.477,0.01,0.01
22.02.2021 08:36:00.512 GMT-0600,19.493,19.467000000000002,0.01,0.01
22.02.2021 08:36:00.612 GMT-0600,19.492,19.478,0.01,0.01
22.02.2021 08:36:00.918 GMT-0600,19.492,19.468,0.01,0.01
22.02.2021 08:36:01.119 GMT-0600,19.472,19.458,0.01,0.01
22.02.2021 08:36:01.272 GMT-0600,19.473,19.447,0.01,0.01
22.02.2021 08:36:01.322 GMT-0600,19.472,19.458,0.01,0.01
22.02.2021 08:36:01.422 GMT-0600,19.473,19.447,0.01,0.01
22.02.2021 08:36:01.640 GMT-0600,19.472,19.458,0.01,0.01
22.02.2021 08:36:01.752 GMT-0600,19.482,19.468,0.01,0.01
22.02.2021 08:36:02.062 GMT-0600,19.492,19.478,0.01,0.01
22.02.2021 08:36:02.327 GMT-0600,19.482,19.468,0.01,0.01
22.02.2021 08:36:02.564 GMT-0600,19.483,19.457,0.01,0.01
22.02.2021 08:36:02.960 GMT-0600,19.462,19.448,0.01,0.01
22.02.2021 08:36:08.533 GMT-0600,19.483,19.467000000000002,0.01,0.01
22.02.2021 08:36:10.309 GMT-0600,19.502000000000002,19.488,0.01,0.01
22.02.2021 08:36:10.684 GMT-0600,19.512,19.488,0.01,0.01
22.02.2021 08:36:10.834 GMT-0600,19.522000000000002,19.488,0.01,0.01
22.02.2021 08:36:10.991 GMT-0600,19.523,19.497,0.01,0.01
22.02.2021 08:36:11.220 GMT-0600,19.513,19.497,0.01,0.01
22.02.2021 08:36:11.320 GMT-0600,19.513,19.487000000000002,0.01,0.01
22.02.2021 08:36:11.471 GMT-0600,19.513,19.497,0.01,0.01
22.02.2021 08:36:11.746 GMT-0600,19.523,19.497,0.01,0.01
22.02.2021 08:36:11.796 GMT-0600,19.512,19.498,0.01,0.01
22.02.2021 08:36:12.356 GMT-0600,19.512,19.488,0.01,0.01
22.02.2021 08:36:12.407 GMT-0600,19.503,19.487000000000002,0.01,0.01
22.02.2021 08:36:12.557 GMT-0600,19.493,19.477,0.01,0.01
22.02.2021 08:36:12.812 GMT-0600,19.503,19.477,0.01,0.01
22.02.2021 08:36:13.043 GMT-0600,19.493,19.477,0.01,0.01
22.02.2021 08:36:13.094 GMT-0600,19.493,19.467000000000002,0.01,0.01
22.02.2021 08:36:13.194 GMT-0600,19.483,19.457,0.01,0.01
22.02.2021 08:36:13.386 GMT-0600,19.493,19.467000000000002,0.01,0.01
22.02.2021 08:36:13.515 GMT-0600,19.482,19.458,0.01,0.01
22.02.2021 08:36:13.616 GMT-0600,19.483,19.467000000000002,0.01,0.01
22.02.2021 08:36:14.060 GMT-0600,19.492,19.468,0.01,0.01
22.02.2021 08:36:14.110 GMT-0600,19.492,19.478,0.01,0.01
22.02.2021 08:36:14.539 GMT-0600,19.493,19.467000000000002,0.01,0.01
22.02.2021 08:36:14.655 GMT-0600,19.493,19.477,0.01,0.01
22.02.2021 08:36:14.728 GMT-0600,19.493,19.467000000000002,0.01,0.01
22.02.2021 08:36:14.828 GMT-0600,19.482,19.468,0.01,0.01
22.02.2021 08:36:14.879 GMT-0600,19.492,19.468,0.01,0.01
22.02.2021 08:36:15.086 GMT-0600,19.493,19.477,0.01,0.01
22.02.2021 08:36:15.137 GMT-0600,19.503,19.477,0.01,0.01
22.02.2021 08:36:15.636 GMT-0600,19.513,19.487000000000002,0.01,0.01
22.02.2021 08:36:15.861 GMT-0600,19.502000000000002,19.478,0.01,0.01
22.02.2021 08:36:16.254 GMT-0600,19.503,19.487000000000002,0.01,0.01
22.02.2021 08:36:16.304 GMT-0600,19.503,19.477,0.01,0.01
22.02.2021 08:36:16.355 GMT-0600,19.492,19.478,0.01,0.01
22.02.2021 08:36:16.506 GMT-0600,19.502000000000002,19.478,0.01,0.01
22.02.2021 08:36:16.612 GMT-0600,19.493,19.477,0.01,0.01
22.02.2021 08:36:16.726 GMT-0600,19.503,19.477,0.01,0.01
22.02.2021 08:36:16.827 GMT-0600,19.483,19.467000000000002,0.01,0.01
22.02.2021 08:36:17.037 GMT-0600,19.492,19.478,0.01,0.01
22.02.2021 08:36:18.741 GMT-0600,19.482,19.468,0.01,0.01
22.02.2021 08:36:18.975 GMT-0600,19.492,19.478,0.01,0.01
22.02.2021 08:36:19.265 GMT-0600,19.492,19.468,0.01,0.01
22.02.2021 08:36:19.608 GMT-0600,19.493,19.477,0.01,0.01
22.02.2021 08:36:20.444 GMT-0600,19.503,19.487000000000002,0.01,0.01
22.02.2021 08:36:21.545 GMT-0600,19.503,19.477,0.01,0.01
22.02.2021 08:36:21.596 GMT-0600,19.502000000000002,19.488,0.01,0.01
22.02.2021 08:36:22.477 GMT-0600,19.492,19.478,0.01,0.01
22.02.2021 08:36:23.102 GMT-0600,19.482,19.468,0.01,0.01
22.02.2021 08:36:23.886 GMT-0600,19.492,19.468,0.01,0.01
22.02.2021 08:36:23.936 GMT-0600,19.493,19.477,0.01,0.01
22.02.2021 08:36:24.172 GMT-0600,19.483,19.467000000000002,0.01,0.01
22.02.2021 08:36:24.322 GMT-0600,19.472,19.458,0.01,0.01
22.02.2021 08:36:25.396 GMT-0600,19.483,19.457,0.01,0.01
22.02.2021 08:36:25.822 GMT-0600,19.473,19.457,0.01,0.01
22.02.2021 08:36:26.020 GMT-0600,19.482,19.458,0.01,0.01
22.02.2021 08:36:26.279 GMT-0600,19.472,19.458,0.01,0.01
22.02.2021 08:36:26.458 GMT-0600,19.482,19.458,0.01,0.01
22.02.2021 08:36:26.508 GMT-0600,19.472,19.458,0.01,0.01
22.02.2021 08:36:26.609 GMT-0600,19.482,19.468,0.01,0.01
22.02.2021 08:36:30.564 GMT-0600,19.482,19.458,0.01,0.01
22.02.2021 08:36:30.715 GMT-0600,19.483,19.467000000000002,0.01,0.01
22.02.2021 08:36:31.240 GMT-0600,19.482,19.458,0.01,0.01
22.02.2021 08:36:31.340 GMT-0600,19.482,19.468,0.01,0.01
22.02.2021 08:36:31.726 GMT-0600,19.482,19.458,0.01,0.01
22.02.2021 08:36:32.317 GMT-0600,19.493,19.477,0.01,0.01
22.02.2021 08:36:32.418 GMT-0600,19.503,19.487000000000002,0.01,0.01
22.02.2021 08:36:32.568 GMT-0600,19.512,19.498,0.01,0.01
22.02.2021 08:36:32.732 GMT-0600,19.513,19.487000000000002,0.01,0.01
22.02.2021 08:36:32.812 GMT-0600,19.503,19.487000000000002,0.01,0.01
22.02.2021 08:36:33.050 GMT-0600,19.512,19.498,0.01,0.01
22.02.2021 08:36:33.418 GMT-0600,19.522000000000002,19.508,0.01,0.01
22.02.2021 08:36:34.980 GMT-0600,19.512,19.498,0.01,0.01
22.02.2021 08:36:38.910 GMT-0600,19.513,19.487000000000002,0.01,0.01
22.02.2021 08:36:39.082 GMT-0600,19.502000000000002,19.488,0.01,0.01
22.02.2021 08:36:49.770 GMT-0600,19.482,19.468,0.01,0.01
22.02.2021 08:36:50.159 GMT-0600,19.493,19.477,0.01,0.01
22.02.2021 08:36:50.210 GMT-0600,19.493,19.467000000000002,0.01,0.01
22.02.2021 08:36:51.003 GMT-0600,19.492,19.478,0.01,0.01
22.02.2021 08:36:51.054 GMT-0600,19.502000000000002,19.478,0.01,0.01
22.02.2021 08:36:51.403 GMT-0600,19.513,19.487000000000002,0.01,0.01
22.02.2021 08:36:51.504 GMT-0600,19.503,19.487000000000002,0.01,0.01
22.02.2021 08:36:51.662 GMT-0600,19.513,19.487000000000002,0.01,0.01
22.02.2021 08:36:51.848 GMT-0600,19.502000000000002,19.488,0.01,0.01
22.02.2021 08:36:52.046 GMT-0600,19.503,19.477,0.01,0.01
22.02.2021 08:36:52.286 GMT-0600,19.513,19.487000000000002,0.01,0.01
22.02.2021 08:36:52.779 GMT-0600,19.503,19.487000000000002,0.01,0.01
22.02.2021 08:36:55.606 GMT-0600,19.513,19.487000000000002,0.01,0.01
22.02.2021 08:36:56.032 GMT-0600,19.523,19.497,0.01,0.01
22.02.2021 08:36:56.449 GMT-0600,19.513,19.487000000000002,0.01,0.01
22.02.2021 08:36:56.595 GMT-0600,19.522000000000002,19.498,0.01,0.01
22.02.2021 08:36:57.801 GMT-0600,19.523,19.507,0.01,0.01
22.02.2021 08:37:01.694 GMT-0600,19.532,19.518,0.01,0.01
22.02.2021 08:37:02.294 GMT-0600,19.543,19.517,0.01,0.01
22.02.2021 08:37:02.344 GMT-0600,19.532,19.518,0.01,0.01
22.02.2021 08:37:02.929 GMT-0600,19.522000000000002,19.508,0.01,0.01
22.02.2021 08:37:03.719 GMT-0600,19.533,19.507,0.01,0.01
22.02.2021 08:37:04.006 GMT-0600,19.523,19.507,0.01,0.01
22.02.2021 08:37:06.861 GMT-0600,19.512,19.498,0.01,0.01
22.02.2021 08:37:07.075 GMT-0600,19.523,19.497,0.01,0.01
22.02.2021 08:37:07.137 GMT-0600,19.522000000000002,19.508,0.01,0.01
22.02.2021 08:37:07.287 GMT-0600,19.533,19.507,0.01,0.01
22.02.2021 08:37:07.442 GMT-0600,19.522000000000002,19.508,0.01,0.01
22.02.2021 08:37:08.411 GMT-0600,19.532,19.508,0.01,0.01
22.02.2021 08:37:08.462 GMT-0600,19.532,19.518,0.01,0.01
22.02.2021 08:37:08.575 GMT-0600,19.532,19.508,0.01,0.01
22.02.2021 08:37:08.680 GMT-0600,19.533,19.517,0.01,0.01
22.02.2021 08:37:09.110 GMT-0600,19.543,19.527,0.01,0.01
22.02.2021 08:37:10.395 GMT-0600,19.532,19.518,0.01,0.01
22.02.2021 08:37:10.445 GMT-0600,19.543,19.517,0.01,0.01
22.02.2021 08:37:10.495 GMT-0600,19.542,19.528,0.01,0.01
22.02.2021 08:37:10.805 GMT-0600,19.553,19.527,0.01,0.01
22.02.2021 08:37:10.866 GMT-0600,19.543,19.527,0.01,0.01
22.02.2021 08:37:11.044 GMT-0600,19.552,19.538,0.01,0.01
22.02.2021 08:37:11.222 GMT-0600,19.562,19.538,0.01,0.01
22.02.2021 08:37:11.914 GMT-0600,19.562,19.548,0.01,0.01
22.02.2021 08:37:12.647 GMT-0600,19.582,19.558,0.01,0.01
22.02.2021 08:37:12.698 GMT-0600,19.573,19.557000000000002,0.01,0.01
22.02.2021 08:37:13.320 GMT-0600,19.582,19.558,0.01,0.01
22.02.2021 08:37:13.532 GMT-0600,19.583,19.567,0.01,0.01
22.02.2021 08:37:13.583 GMT-0600,19.593,19.567,0.01,0.01
22.02.2021 08:37:14.223 GMT-0600,19.583,19.567,0.01,0.01
22.02.2021 08:37:14.273 GMT-0600,19.572,19.548,0.01,0.01
22.02.2021 08:37:14.323 GMT-0600,19.563,19.547,0.01,0.01
22.02.2021 08:37:14.373 GMT-0600,19.573,19.547,0.01,0.01
22.02.2021 08:37:14.683 GMT-0600,19.572,19.558,0.01,0.01
22.02.2021 08:37:14.734 GMT-0600,19.572,19.548,0.01,0.01
22.02.2021 08:37:14.801 GMT-0600,19.572,19.558,0.01,0.01
22.02.2021 08:37:15.141 GMT-0600,19.572,19.548,0.01,0.01
22.02.2021 08:37:15.308 GMT-0600,19.573,19.557000000000002,0.01,0.01
22.02.2021 08:37:15.359 GMT-0600,19.583,19.557000000000002,0.01,0.01
22.02.2021 08:37:16.083 GMT-0600,19.573,19.557000000000002,0.01,0.01
22.02.2021 08:37:16.197 GMT-0600,19.562,19.548,0.01,0.01
22.02.2021 08:37:16.342 GMT-0600,19.573,19.547,0.01,0.01
22.02.2021 08:37:16.392 GMT-0600,19.573,19.557000000000002,0.01,0.01
22.02.2021 08:37:17.479 GMT-0600,19.582,19.558,0.01,0.01
22.02.2021 08:37:17.580 GMT-0600,19.573,19.557000000000002,0.01,0.01
22.02.2021 08:37:18.679 GMT-0600,19.582,19.558,0.01,0.01
22.02.2021 08:37:18.893 GMT-0600,19.573,19.557000000000002,0.01,0.01
22.02.2021 08:37:19.056 GMT-0600,19.572,19.548,0.01,0.01
22.02.2021 08:37:19.107 GMT-0600,19.562,19.548,0.01,0.01
22.02.2021 08:37:19.458 GMT-0600,19.573,19.557000000000002,0.01,0.01
22.02.2021 08:37:19.559 GMT-0600,19.562,19.548,0.01,0.01
22.02.2021 08:37:19.659 GMT-0600,19.573,19.547,0.01,0.01
22.02.2021 08:37:19.709 GMT-0600,19.572,19.558,0.01,0.01
22.02.2021 08:37:21.771 GMT-0600,19.582,19.568,0.01,0.01
22.02.2021 08:37:21.821 GMT-0600,19.573,19.547,0.01,0.01
22.02.2021 08:37:23.409 GMT-0600,19.563,19.547,0.01,0.01
22.02.2021 08:37:23.664 GMT-0600,19.573,19.557000000000002,0.01,0.01
22.02.2021 08:37:23.891 GMT-0600,19.583,19.557000000000002,0.01,0.01
22.02.2021 08:37:23.992 GMT-0600,19.572,19.558,0.01,0.01
22.02.2021 08:37:25.286 GMT-0600,19.582,19.568,0.01,0.01
22.02.2021 08:37:26.120 GMT-0600,19.582,19.558,0.01,0.01
22.02.2021 08:37:26.347 GMT-0600,19.572,19.558,0.01,0.01
22.02.2021 08:37:26.894 GMT-0600,19.562,19.548,0.01,0.01
22.02.2021 08:37:27.692 GMT-0600,19.553,19.537000000000003,0.01,0.01
22.02.2021 08:37:27.742 GMT-0600,19.552,19.528,0.01,0.01
22.02.2021 08:37:27.947 GMT-0600,19.543,19.527,0.01,0.01
22.02.2021 08:37:29.057 GMT-0600,19.552,19.538,0.01,0.01
22.02.2021 08:37:29.148 GMT-0600,19.562,19.538,0.01,0.01
22.02.2021 08:37:29.249 GMT-0600,19.553,19.527,0.01,0.01
22.02.2021 08:37:29.371 GMT-0600,19.563,19.547,0.01,0.01
22.02.2021 08:37:29.449 GMT-0600,19.573,19.547,0.01,0.01
22.02.2021 08:37:29.751 GMT-0600,19.562,19.548,0.01,0.01
22.02.2021 08:37:30.059 GMT-0600,19.552,19.538,0.01,0.01
22.02.2021 08:37:30.221 GMT-0600,19.563,19.537000000000003,0.01,0.01
22.02.2021 08:37:31.048 GMT-0600,19.553,19.537000000000003,0.01,0.01
22.02.2021 08:37:31.743 GMT-0600,19.563,19.537000000000003,0.01,0.01
22.02.2021 08:37:31.843 GMT-0600,19.552,19.538,0.01,0.01
22.02.2021 08:37:32.244 GMT-0600,19.563,19.537000000000003,0.01,0.01
22.02.2021 08:37:32.294 GMT-0600,19.562,19.548,0.01,0.01
22.02.2021 08:37:32.394 GMT-0600,19.563,19.537000000000003,0.01,0.01
22.02.2021 08:37:32.995 GMT-0600,19.562,19.548,0.01,0.01
22.02.2021 08:37:33.206 GMT-0600,19.572,19.558,0.01,0.01
22.02.2021 08:37:33.317 GMT-0600,19.573,19.547,0.01,0.01
22.02.2021 08:37:33.468 GMT-0600,19.562,19.548,0.01,0.01
22.02.2021 08:37:33.588 GMT-0600,19.552,19.538,0.01,0.01
22.02.2021 08:37:33.695 GMT-0600,19.563,19.547,0.01,0.01
22.02.2021 08:37:34.052 GMT-0600,19.563,19.537000000000003,0.01,0.01
22.02.2021 08:37:34.108 GMT-0600,19.553,19.537000000000003,0.01,0.01
22.02.2021 08:37:34.208 GMT-0600,19.562,19.538,0.01,0.01
22.02.2021 08:37:34.331 GMT-0600,19.552,19.538,0.01,0.01
22.02.2021 08:37:34.432 GMT-0600,19.562,19.538,0.01,0.01
22.02.2021 08:37:34.591 GMT-0600,19.553,19.537000000000003,0.01,0.01
22.02.2021 08:37:34.741 GMT-0600,19.563,19.537000000000003,0.01,0.01
22.02.2021 08:37:34.821 GMT-0600,19.553,19.537000000000003,0.01,0.01
22.02.2021 08:37:34.977 GMT-0600,19.563,19.537000000000003,0.01,0.01
22.02.2021 08:37:35.119 GMT-0600,19.553,19.527,0.01,0.01
22.02.2021 08:37:35.220 GMT-0600,19.552,19.538,0.01,0.01
22.02.2021 08:37:35.320 GMT-0600,19.552,19.528,0.01,0.01
22.02.2021 08:37:35.513 GMT-0600,19.553,19.537000000000003,0.01,0.01
22.02.2021 08:37:36.693 GMT-0600,19.563,19.547,0.01,0.01
22.02.2021 08:37:41.040 GMT-0600,19.562,19.538,0.01,0.01
22.02.2021 08:37:41.090 GMT-0600,19.552,19.538,0.01,0.01
22.02.2021 08:37:42.036 GMT-0600,19.563,19.537000000000003,0.01,0.01
22.02.2021 08:37:42.222 GMT-0600,19.552,19.538,0.01,0.01
22.02.2021 08:37:43.243 GMT-0600,19.562,19.548,0.01,0.01
22.02.2021 08:37:43.957 GMT-0600,19.562,19.538,0.01,0.01
22.02.2021 08:37:44.253 GMT-0600,19.563,19.547,0.01,0.01
22.02.2021 08:37:45.673 GMT-0600,19.563,19.537000000000003,0.01,0.01
22.02.2021 08:37:45.723 GMT-0600,19.542,19.528,0.01,0.01
22.02.2021 08:37:47.072 GMT-0600,19.552,19.528,0.01,0.01
22.02.2021 08:37:47.122 GMT-0600,19.562,19.538,0.01,0.01
22.02.2021 08:37:47.272 GMT-0600,19.572,19.548,0.01,0.01
22.02.2021 08:37:47.373 GMT-0600,19.563,19.547,0.01,0.01
22.02.2021 08:37:48.390 GMT-0600,19.572,19.558,0.01,0.01
22.02.2021 08:37:48.497 GMT-0600,19.573,19.547,0.01,0.01
22.02.2021 08:37:48.548 GMT-0600,19.562,19.548,0.01,0.01
22.02.2021 08:37:49.231 GMT-0600,19.573,19.557000000000002,0.01,0.01
22.02.2021 08:37:49.357 GMT-0600,19.563,19.547,0.01,0.01
22.02.2021 08:37:49.644 GMT-0600,19.572,19.558,0.01,0.01
22.02.2021 08:37:49.695 GMT-0600,19.572,19.548,0.01,0.01
22.02.2021 08:37:49.793 GMT-0600,19.563,19.547,0.01,0.01
22.02.2021 08:37:50.336 GMT-0600,19.552,19.538,0.01,0.01
22.02.2021 08:37:52.060 GMT-0600,19.562,19.538,0.01,0.01
22.02.2021 08:37:52.110 GMT-0600,19.552,19.538,0.01,0.01
22.02.2021 08:37:53.046 GMT-0600,19.542,19.528,0.01,0.01
22.02.2021 08:37:53.096 GMT-0600,19.543,19.517,0.01,0.01
22.02.2021 08:37:53.147 GMT-0600,19.542,19.528,0.01,0.01
22.02.2021 08:37:53.197 GMT-0600,19.542,19.518,0.01,0.01
22.02.2021 08:37:53.350 GMT-0600,19.542,19.528,0.01,0.01
22.02.2021 08:37:53.450 GMT-0600,19.542,19.518,0.01,0.01
22.02.2021 08:37:53.818 GMT-0600,19.543,19.527,0.01,0.01
22.02.2021 08:37:54.019 GMT-0600,19.542,19.518,0.01,0.01
22.02.2021 08:37:54.138 GMT-0600,19.543,19.527,0.01,0.01
22.02.2021 08:37:54.189 GMT-0600,19.553,19.527,0.01,0.01
22.02.2021 08:37:54.289 GMT-0600,19.542,19.528,0.01,0.01
22.02.2021 08:37:55.242 GMT-0600,19.553,19.527,0.01,0.01
22.02.2021 08:37:55.292 GMT-0600,19.543,19.527,0.01,0.01
22.02.2021 08:37:55.424 GMT-0600,19.553,19.527,0.01,0.01
22.02.2021 08:37:55.566 GMT-0600,19.542,19.528,0.01,0.01
22.02.2021 08:37:55.675 GMT-0600,19.553,19.527,0.01,0.01
22.02.2021 08:37:55.726 GMT-0600,19.543,19.527,0.01,0.01
22.02.2021 08:37:55.826 GMT-0600,19.552,19.528,0.01,0.01
22.02.2021 08:37:56.113 GMT-0600,19.552,19.538,0.01,0.01
22.02.2021 08:37:56.213 GMT-0600,19.562,19.538,0.01,0.01
22.02.2021 08:37:56.407 GMT-0600,19.563,19.547,0.01,0.01
22.02.2021 08:37:56.542 GMT-0600,19.572,19.558,0.01,0.01
22.02.2021 08:37:56.658 GMT-0600,19.583,19.557000000000002,0.01,0.01
22.02.2021 08:37:56.963 GMT-0600,19.573,19.557000000000002,0.01,0.01
22.02.2021 08:37:57.064 GMT-0600,19.583,19.567,0.01,0.01
22.02.2021 08:37:58.700 GMT-0600,19.593,19.577,0.01,0.01
22.02.2021 08:37:59.163 GMT-0600,19.582,19.568,0.01,0.01
22.02.2021 08:37:59.520 GMT-0600,19.593,19.567,0.01,0.01
22.02.2021 08:37:59.956 GMT-0600,19.592000000000002,19.578,0.01,0.01
22.02.2021 08:38:00.201 GMT-0600,19.602,19.588,0.01,0.01
22.02.2021 08:38:00.402 GMT-0600,19.602,19.578,0.01,0.01
22.02.2021 08:38:00.974 GMT-0600,19.602,19.588,0.01,0.01
22.02.2021 08:38:01.605 GMT-0600,19.603,19.577,0.01,0.01
22.02.2021 08:38:01.790 GMT-0600,19.603,19.587,0.01,0.01
22.02.2021 08:38:02.133 GMT-0600,19.602,19.578,0.01,0.01
22.02.2021 08:38:03.359 GMT-0600,19.603,19.587,0.01,0.01
22.02.2021 08:38:03.718 GMT-0600,19.613,19.597,0.01,0.01
22.02.2021 08:38:03.769 GMT-0600,19.622,19.598,0.01,0.01
22.02.2021 08:38:04.128 GMT-0600,19.613,19.597,0.01,0.01
22.02.2021 08:38:04.229 GMT-0600,19.623,19.607,0.01,0.01
22.02.2021 08:38:04.279 GMT-0600,19.642,19.628,0.01,0.01
22.02.2021 08:38:04.585 GMT-0600,19.633,19.617,0.01,0.01
22.02.2021 08:38:05.075 GMT-0600,19.622,19.608,0.01,0.01
22.02.2021 08:38:05.185 GMT-0600,19.632,19.618,0.01,0.01
22.02.2021 08:38:05.649 GMT-0600,19.622,19.608,0.01,0.01
22.02.2021 08:38:05.699 GMT-0600,19.633,19.607,0.01,0.01
22.02.2021 08:38:06.210 GMT-0600,19.622,19.598,0.01,0.01
22.02.2021 08:38:06.562 GMT-0600,19.622,19.608,0.01,0.01
22.02.2021 08:38:07.050 GMT-0600,19.633,19.607,0.01,0.01
22.02.2021 08:38:07.152 GMT-0600,19.622,19.608,0.01,0.01
22.02.2021 08:38:07.545 GMT-0600,19.633,19.607,0.01,0.01
22.02.2021 08:38:07.646 GMT-0600,19.633,19.617,0.01,0.01
22.02.2021 08:38:07.696 GMT-0600,19.633,19.607,0.01,0.01
22.02.2021 08:38:07.936 GMT-0600,19.642,19.618,0.01,0.01
22.02.2021 08:38:08.173 GMT-0600,19.633,19.607,0.01,0.01
22.02.2021 08:38:08.498 GMT-0600,19.622,19.608,0.01,0.01
22.02.2021 08:38:09.969 GMT-0600,19.612000000000002,19.598,0.01,0.01
22.02.2021 08:38:10.795 GMT-0600,19.622,19.608,0.01,0.01
22.02.2021 08:38:11.878 GMT-0600,19.603,19.587,0.01,0.01
22.02.2021 08:38:11.928 GMT-0600,19.612000000000002,19.588,0.01,0.01
22.02.2021 08:38:12.940 GMT-0600,19.602,19.588,0.01,0.01
22.02.2021 08:38:13.091 GMT-0600,19.592000000000002,19.578,0.01,0.01
22.02.2021 08:38:13.307 GMT-0600,19.602,19.578,0.01,0.01
22.02.2021 08:38:13.494 GMT-0600,19.593,19.577,0.01,0.01
22.02.2021 08:38:13.692 GMT-0600,19.602,19.588,0.01,0.01
22.02.2021 08:38:14.062 GMT-0600,19.612000000000002,19.588,0.01,0.01
22.02.2021 08:38:14.236 GMT-0600,19.602,19.588,0.01,0.01
22.02.2021 08:38:14.337 GMT-0600,19.592000000000002,19.578,0.01,0.01
22.02.2021 08:38:14.487 GMT-0600,19.603,19.577,0.01,0.01
22.02.2021 08:38:15.016 GMT-0600,19.613,19.587,0.01,0.01
22.02.2021 08:38:16.130 GMT-0600,19.613,19.597,0.01,0.01
22.02.2021 08:38:16.230 GMT-0600,19.613,19.587,0.01,0.01
22.02.2021 08:38:16.623 GMT-0600,19.612000000000002,19.598,0.01,0.01
22.02.2021 08:38:16.798 GMT-0600,19.622,19.608,0.01,0.01
22.02.2021 08:38:16.992 GMT-0600,19.633,19.617,0.01,0.01
22.02.2021 08:38:17.093 GMT-0600,19.623,19.607,0.01,0.01
22.02.2021 08:38:17.244 GMT-0600,19.632,19.618,0.01,0.01
22.02.2021 08:38:17.876 GMT-0600,19.642,19.628,0.01,0.01
22.02.2021 08:38:18.166 GMT-0600,19.643,19.617,0.01,0.01
22.02.2021 08:38:18.216 GMT-0600,19.642,19.628,0.01,0.01
22.02.2021 08:38:18.286 GMT-0600,19.642,19.618,0.01,0.01
22.02.2021 08:38:18.336 GMT-0600,19.642,19.628,0.01,0.01
22.02.2021 08:38:18.386 GMT-0600,19.642,19.618,0.01,0.01
22.02.2021 08:38:18.537 GMT-0600,19.642,19.628,0.01,0.01
22.02.2021 08:38:19.121 GMT-0600,19.632,19.618,0.01,0.01
22.02.2021 08:38:19.494 GMT-0600,19.642,19.618,0.01,0.01
22.02.2021 08:38:19.544 GMT-0600,19.643,19.627000000000002,0.01,0.01
22.02.2021 08:38:20.325 GMT-0600,19.643,19.617,0.01,0.01
22.02.2021 08:38:20.475 GMT-0600,19.643,19.627000000000002,0.01,0.01
22.02.2021 08:38:20.526 GMT-0600,19.643,19.617,0.01,0.01
22.02.2021 08:38:20.661 GMT-0600,19.643,19.627000000000002,0.01,0.01
22.02.2021 08:38:22.122 GMT-0600,19.643,19.617,0.01,0.01
22.02.2021 08:38:22.172 GMT-0600,19.642,19.628,0.01,0.01
22.02.2021 08:38:22.409 GMT-0600,19.653,19.627000000000002,0.01,0.01
22.02.2021 08:38:22.459 GMT-0600,19.653,19.637,0.01,0.01
22.02.2021 08:38:22.894 GMT-0600,19.643,19.627000000000002,0.01,0.01
22.02.2021 08:38:23.776 GMT-0600,19.652,19.638,0.01,0.01
22.02.2021 08:38:24.166 GMT-0600,19.663,19.647000000000002,0.01,0.01
22.02.2021 08:38:24.216 GMT-0600,19.672,19.648,0.01,0.01
22.02.2021 08:38:24.325 GMT-0600,19.672,19.658,0.01,0.01
22.02.2021 08:38:24.530 GMT-0600,19.672,19.648,0.01,0.01
22.02.2021 08:38:24.580 GMT-0600,19.662000000000003,19.648,0.01,0.01
22.02.2021 08:38:24.958 GMT-0600,19.673,19.657,0.01,0.01
22.02.2021 08:38:25.059 GMT-0600,19.663,19.647000000000002,0.01,0.01
22.02.2021 08:38:25.365 GMT-0600,19.672,19.648,0.01,0.01
22.02.2021 08:38:25.607 GMT-0600,19.662000000000003,19.648,0.01,0.01
22.02.2021 08:38:25.657 GMT-0600,19.672,19.648,0.01,0.01
22.02.2021 08:38:26.035 GMT-0600,19.673,19.657,0.01,0.01
22.02.2021 08:38:26.378 GMT-0600,19.672,19.648,0.01,0.01
22.02.2021 08:38:26.677 GMT-0600,19.673,19.657,0.01,0.01
22.02.2021 08:38:27.023 GMT-0600,19.682000000000002,19.668,0.01,0.01
22.02.2021 08:38:28.533 GMT-0600,19.692,19.678,0.01,0.01
22.02.2021 08:38:28.684 GMT-0600,19.682000000000002,19.668,0.01,0.01
22.02.2021 08:38:28.735 GMT-0600,19.702,19.678,0.01,0.01
22.02.2021 08:38:28.894 GMT-0600,19.703,19.687,0.01,0.01
22.02.2021 08:38:29.044 GMT-0600,19.713,19.697,0.01,0.01
22.02.2021 08:38:29.376 GMT-0600,19.722,19.698,0.01,0.01
22.02.2021 08:38:29.437 GMT-0600,19.712,19.698,0.01,0.01
22.02.2021 08:38:29.488 GMT-0600,19.713,19.687,0.01,0.01
22.02.2021 08:38:29.590 GMT-0600,19.703,19.687,0.01,0.01
22.02.2021 08:38:29.790 GMT-0600,19.712,19.698,0.01,0.01
22.02.2021 08:38:30.817 GMT-0600,19.722,19.708,0.01,0.01
22.02.2021 08:38:30.968 GMT-0600,19.732,19.708,0.01,0.01
22.02.2021 08:38:31.018 GMT-0600,19.733,19.717000000000002,0.01,0.01
22.02.2021 08:38:31.322 GMT-0600,19.722,19.708,0.01,0.01
22.02.2021 08:38:31.526 GMT-0600,19.733,19.717000000000002,0.01,0.01
22.02.2021 08:38:32.284 GMT-0600,19.732,19.708,0.01,0.01
22.02.2021 08:38:32.347 GMT-0600,19.723,19.707,0.01,0.01
22.02.2021 08:38:32.448 GMT-0600,19.733,19.707,0.01,0.01
22.02.2021 08:38:32.602 GMT-0600,19.722,19.708,0.01,0.01
22.02.2021 08:38:32.822 GMT-0600,19.733,19.707,0.01,0.01
22.02.2021 08:38:33.835 GMT-0600,19.712,19.698,0.01,0.01
22.02.2021 08:38:34.007 GMT-0600,19.723,19.707,0.01,0.01
22.02.2021 08:38:34.205 GMT-0600,19.733,19.707,0.01,0.01
22.02.2021 08:38:36.010 GMT-0600,19.742,19.718,0.01,0.01
22.02.2021 08:38:36.111 GMT-0600,19.743,19.727,0.01,0.01
22.02.2021 08:38:36.502 GMT-0600,19.752000000000002,19.728,0.01,0.01
22.02.2021 08:38:36.976 GMT-0600,19.742,19.728,0.01,0.01
22.02.2021 08:38:37.301 GMT-0600,19.753,19.727,0.01,0.01
22.02.2021 08:38:37.656 GMT-0600,19.752000000000002,19.738,0.01,0.01
22.02.2021 08:38:40.161 GMT-0600,19.773,19.757,0.01,0.01
22.02.2021 08:38:43.284 GMT-0600,19.772000000000002,19.748,0.01,0.01
22.02.2021 08:38:43.334 GMT-0600,19.762,19.748,0.01,0.01
22.02.2021 08:38:43.485 GMT-0600,19.763,19.737000000000002,0.01,0.01
22.02.2021 08:38:43.666 GMT-0600,19.763,19.747,0.01,0.01
22.02.2021 08:38:43.817 GMT-0600,19.773,19.757,0.01,0.01
22.02.2021 08:38:45.201 GMT-0600,19.762,19.748,0.01,0.01
22.02.2021 08:38:45.740 GMT-0600,19.762,19.738,0.01,0.01
22.02.2021 08:38:45.790 GMT-0600,19.753,19.737000000000002,0.01,0.01
22.02.2021 08:38:45.841 GMT-0600,19.762,19.738,0.01,0.01
22.02.2021 08:38:46.037 GMT-0600,19.762,19.748,0.01,0.01
22.02.2021 08:38:46.630 GMT-0600,19.772000000000002,19.748,0.01,0.01
22.02.2021 08:38:46.740 GMT-0600,19.763,19.747,0.01,0.01
22.02.2021 08:38:47.258 GMT-0600,19.753,19.737000000000002,0.01,0.01
22.02.2021 08:38:47.937 GMT-0600,19.743,19.727,0.01,0.01
22.02.2021 08:38:48.224 GMT-0600,19.752000000000002,19.728,0.01,0.01
22.02.2021 08:38:48.548 GMT-0600,19.742,19.728,0.01,0.01
22.02.2021 08:38:48.959 GMT-0600,19.732,19.718,0.01,0.01
22.02.2021 08:38:49.529 GMT-0600,19.722,19.708,0.01,0.01
22.02.2021 08:38:50.232 GMT-0600,19.722,19.698,0.01,0.01
22.02.2021 08:38:50.333 GMT-0600,19.722,19.708,0.01,0.01
22.02.2021 08:38:50.441 GMT-0600,19.723,19.697,0.01,0.01
22.02.2021 08:38:50.542 GMT-0600,19.713,19.697,0.01,0.01
22.02.2021 08:38:50.729 GMT-0600,19.722,19.708,0.01,0.01
22.02.2021 08:38:50.779 GMT-0600,19.723,19.697,0.01,0.01
22.02.2021 08:38:51.022 GMT-0600,19.723,19.707,0.01,0.01
22.02.2021 08:38:52.175 GMT-0600,19.733,19.707,0.01,0.01
22.02.2021 08:38:52.225 GMT-0600,19.733,19.717000000000002,0.01,0.01
22.02.2021 08:38:52.942 GMT-0600,19.742,19.718,0.01,0.01
22.02.2021 08:38:53.093 GMT-0600,19.743,19.727,0.01,0.01
22.02.2021 08:38:53.434 GMT-0600,19.743,19.717000000000002,0.01,0.01
22.02.2021 08:38:53.538 GMT-0600,19.733,19.717000000000002,0.01,0.01
22.02.2021 08:38:53.639 GMT-0600,19.742,19.728,0.01,0.01
22.02.2021 08:38:53.689 GMT-0600,19.743,19.717000000000002,0.01,0.01
22.02.2021 08:38:54.130 GMT-0600,19.733,19.717000000000002,0.01,0.01
22.02.2021 08:38:54.181 GMT-0600,19.743,19.717000000000002,0.01,0.01
22.02.2021 08:38:55.026 GMT-0600,19.752000000000002,19.738,0.01,0.01
22.02.2021 08:38:55.443 GMT-0600,19.762,19.738,0.01,0.01
22.02.2021 08:38:55.643 GMT-0600,19.772000000000002,19.748,0.01,0.01
22.02.2021 08:38:55.899 GMT-0600,19.763,19.747,0.01,0.01
22.02.2021 08:38:55.950 GMT-0600,19.783,19.767,0.01,0.01
22.02.2021 08:38:58.863 GMT-0600,19.772000000000002,19.758,0.01,0.01
22.02.2021 08:38:59.437 GMT-0600,19.783,19.767,0.01,0.01
22.02.2021 08:39:03.931 GMT-0600,19.792,19.768,0.01,0.01
22.02.2021 08:39:03.982 GMT-0600,19.783,19.767,0.01,0.01
22.02.2021 08:39:06.252 GMT-0600,19.773,19.757,0.01,0.01
22.02.2021 08:39:06.353 GMT-0600,19.782,19.758,0.01,0.01
22.02.2021 08:39:06.635 GMT-0600,19.783,19.767,0.01,0.01
22.02.2021 08:39:07.416 GMT-0600,19.793,19.767,0.01,0.01
22.02.2021 08:39:07.610 GMT-0600,19.793,19.777,0.01,0.01
22.02.2021 08:39:08.618 GMT-0600,19.802,19.788,0.01,0.01
22.02.2021 08:39:08.769 GMT-0600,19.813,19.797,0.01,0.01
22.02.2021 08:39:08.920 GMT-0600,19.823,19.807000000000002,0.01,0.01
22.02.2021 08:39:09.123 GMT-0600,19.822,19.798,0.01,0.01
22.02.2021 08:39:09.173 GMT-0600,19.812,19.798,0.01,0.01
22.02.2021 08:39:09.316 GMT-0600,19.823,19.797,0.01,0.01
22.02.2021 08:39:09.366 GMT-0600,19.822,19.808,0.01,0.01
22.02.2021 08:39:09.698 GMT-0600,19.813,19.797,0.01,0.01
22.02.2021 08:39:09.748 GMT-0600,19.822,19.798,0.01,0.01
22.02.2021 08:39:10.312 GMT-0600,19.813,19.787000000000003,0.01,0.01
22.02.2021 08:39:10.462 GMT-0600,19.802,19.788,0.01,0.01
22.02.2021 08:39:10.864 GMT-0600,19.813,19.797,0.01,0.01
22.02.2021 08:39:10.914 GMT-0600,19.823,19.797,0.01,0.01
22.02.2021 08:39:11.353 GMT-0600,19.822,19.808,0.01,0.01
22.02.2021 08:39:11.716 GMT-0600,19.823,19.797,0.01,0.01
22.02.2021 08:39:12.367 GMT-0600,19.822,19.808,0.01,0.01
22.02.2021 08:39:13.634 GMT-0600,19.822,19.798,0.01,0.01
22.02.2021 08:39:13.751 GMT-0600,19.822,19.808,0.01,0.01
22.02.2021 08:39:13.902 GMT-0600,19.833,19.817,0.01,0.01
22.02.2021 08:39:14.002 GMT-0600,19.842000000000002,19.818,0.01,0.01
22.02.2021 08:39:14.052 GMT-0600,19.832,19.818,0.01,0.01
22.02.2021 08:39:14.103 GMT-0600,19.843,19.817,0.01,0.01
22.02.2021 08:39:14.373 GMT-0600,19.843,19.827,0.01,0.01
22.02.2021 08:39:15.101 GMT-0600,19.853,19.827,0.01,0.01
22.02.2021 08:39:16.632 GMT-0600,19.853,19.837,0.01,0.01
22.02.2021 08:39:16.863 GMT-0600,19.853,19.827,0.01,0.01
22.02.2021 08:39:16.913 GMT-0600,19.853,19.837,0.01,0.01
22.02.2021 08:39:16.963 GMT-0600,19.853,19.827,0.01,0.01
22.02.2021 08:39:17.266 GMT-0600,19.853,19.837,0.01,0.01
22.02.2021 08:39:17.402 GMT-0600,19.863,19.837,0.01,0.01
22.02.2021 08:39:17.708 GMT-0600,19.852,19.838,0.01,0.01
22.02.2021 08:39:18.029 GMT-0600,19.852,19.828,0.01,0.01
22.02.2021 08:39:18.080 GMT-0600,19.842000000000002,19.828,0.01,0.01
22.02.2021 08:39:18.282 GMT-0600,19.843,19.817,0.01,0.01
22.02.2021 08:39:18.333 GMT-0600,19.832,19.818,0.01,0.01
22.02.2021 08:39:18.460 GMT-0600,19.833,19.807000000000002,0.01,0.01
22.02.2021 08:39:18.611 GMT-0600,19.833,19.817,0.01,0.01
22.02.2021 08:39:18.913 GMT-0600,19.823,19.797,0.01,0.01
22.02.2021 08:39:18.964 GMT-0600,19.822,19.808,0.01,0.01
22.02.2021 08:39:19.252 GMT-0600,19.832,19.808,0.01,0.01
22.02.2021 08:39:19.762 GMT-0600,19.833,19.817,0.01,0.01
22.02.2021 08:39:19.813 GMT-0600,19.842000000000002,19.818,0.01,0.01
22.02.2021 08:39:19.863 GMT-0600,19.833,19.817,0.01,0.01
22.02.2021 08:39:19.963 GMT-0600,19.853,19.837,0.01,0.01
22.02.2021 08:39:20.066 GMT-0600,19.862000000000002,19.848,0.01,0.01
22.02.2021 08:39:20.217 GMT-0600,19.872,19.848,0.01,0.01
22.02.2021 08:39:21.519 GMT-0600,19.872,19.858,0.01,0.01
22.02.2021 08:39:21.886 GMT-0600,19.883,19.857,0.01,0.01
22.02.2021 08:39:21.936 GMT-0600,19.883,19.867,0.01,0.01
22.02.2021 08:39:22.391 GMT-0600,19.882,19.858,0.01,0.01
22.02.2021 08:39:22.604 GMT-0600,19.873,19.857,0.01,0.01
22.02.2021 08:39:22.999 GMT-0600,19.882,19.858,0.01,0.01
22.02.2021 08:39:23.157 GMT-0600,19.883,19.867,0.01,0.01
22.02.2021 08:39:23.454 GMT-0600,19.873,19.857,0.01,0.01
22.02.2021 08:39:23.555 GMT-0600,19.882,19.858,0.01,0.01
22.02.2021 08:39:24.076 GMT-0600,19.883,19.867,0.01,0.01
22.02.2021 08:39:24.598 GMT-0600,19.892,19.878,0.01,0.01
22.02.2021 08:39:24.903 GMT-0600,19.882,19.868,0.01,0.01
22.02.2021 08:39:25.003 GMT-0600,19.892,19.868,0.01,0.01
22.02.2021 08:39:25.331 GMT-0600,19.883,19.867,0.01,0.01
22.02.2021 08:39:25.722 GMT-0600,19.892,19.868,0.01,0.01
22.02.2021 08:39:25.772 GMT-0600,19.892,19.878,0.01,0.01
22.02.2021 08:39:26.041 GMT-0600,19.903,19.877000000000002,0.01,0.01
22.02.2021 08:39:26.242 GMT-0600,19.902,19.888,0.01,0.01
22.02.2021 08:39:26.711 GMT-0600,19.912000000000003,19.888,0.01,0.01
22.02.2021 08:39:37.174 GMT-0600,19.992,19.968,0.01,0.01
22.02.2021 08:39:37.224 GMT-0600,19.993,19.977,0.01,0.01
22.02.2021 08:39:38.587 GMT-0600,20.002000000000002,19.978,0.01,0.01
22.02.2021 08:39:39.417 GMT-0600,19.992,19.978,0.01,0.01
22.02.2021 08:39:40.467 GMT-0600,20.003,19.987000000000002,0.01,0.01
22.02.2021 08:39:40.567 GMT-0600,20.003,19.977,0.01,0.01
22.02.2021 08:39:40.618 GMT-0600,20.003,19.987000000000002,0.01,0.01
22.02.2021 08:39:40.787 GMT-0600,20.022000000000002,20.008,0.01,0.01
22.02.2021 08:39:42.464 GMT-0600,20.032,20.018,0.01,0.01
22.02.2021 08:39:43.130 GMT-0600,20.043,20.027,0.01,0.01
22.02.2021 08:39:46.085 GMT-0600,20.052,20.038,0.01,0.01
22.02.2021 08:39:48.060 GMT-0600,20.042,20.028,0.01,0.01
22.02.2021 08:39:48.510 GMT-0600,20.053,20.027,0.01,0.01
22.02.2021 08:39:48.561 GMT-0600,20.042,20.028,0.01,0.01
22.02.2021 08:39:49.056 GMT-0600,20.053,20.037000000000003,0.01,0.01
22.02.2021 08:39:49.577 GMT-0600,20.063,20.037000000000003,0.01,0.01
22.02.2021 08:39:49.628 GMT-0600,20.072,20.058,0.01,0.01
22.02.2021 08:39:50.099 GMT-0600,20.063,20.047,0.01,0.01
22.02.2021 08:39:50.385 GMT-0600,20.063,20.037000000000003,0.01,0.01
22.02.2021 08:39:50.485 GMT-0600,20.073,20.057000000000002,0.01,0.01
22.02.2021 08:39:50.535 GMT-0600,20.082,20.058,0.01,0.01
22.02.2021 08:39:50.636 GMT-0600,20.083,20.067,0.01,0.01
22.02.2021 08:39:50.799 GMT-0600,20.102,20.068,0.01,0.01
22.02.2021 08:39:50.900 GMT-0600,20.102,20.078,0.01,0.01
22.02.2021 08:39:51.113 GMT-0600,20.103,20.087,0.01,0.01
22.02.2021 08:39:51.691 GMT-0600,20.122,20.098,0.01,0.01
22.02.2021 08:39:51.741 GMT-0600,20.132,20.108,0.01,0.01
22.02.2021 08:39:51.870 GMT-0600,20.122,20.108,0.01,0.01
22.02.2021 08:39:51.921 GMT-0600,20.133,20.107,0.01,0.01
22.02.2021 08:39:52.122 GMT-0600,20.122,20.108,0.01,0.01
22.02.2021 08:39:52.242 GMT-0600,20.113,20.097,0.01,0.01
22.02.2021 08:39:52.292 GMT-0600,20.113,20.087,0.01,0.01
22.02.2021 08:39:52.548 GMT-0600,20.112000000000002,20.098,0.01,0.01
22.02.2021 08:39:52.776 GMT-0600,20.122,20.098,0.01,0.01
22.02.2021 08:39:52.827 GMT-0600,20.113,20.097,0.01,0.01
22.02.2021 08:39:53.248 GMT-0600,20.112000000000002,20.088,0.01,0.01
22.02.2021 08:39:53.299 GMT-0600,20.103,20.077,0.01,0.01
22.02.2021 08:39:53.595 GMT-0600,20.083,20.067,0.01,0.01
22.02.2021 08:39:54.375 GMT-0600,20.072,20.058,0.01,0.01
22.02.2021 08:39:54.799 GMT-0600,20.083,20.057000000000002,0.01,0.01
22.02.2021 08:39:55.005 GMT-0600,20.072,20.058,0.01,0.01
22.02.2021 08:39:55.070 GMT-0600,20.072,20.048,0.01,0.01
22.02.2021 08:39:55.171 GMT-0600,20.072,20.058,0.01,0.01
22.02.2021 08:39:55.239 GMT-0600,20.083,20.057000000000002,0.01,0.01
22.02.2021 08:39:55.653 GMT-0600,20.093,20.067,0.01,0.01
22.02.2021 08:39:56.063 GMT-0600,20.082,20.068,0.01,0.01
22.02.2021 08:39:56.164 GMT-0600,20.093,20.067,0.01,0.01
22.02.2021 08:39:56.654 GMT-0600,20.092000000000002,20.078,0.01,0.01
22.02.2021 08:39:56.754 GMT-0600,20.073,20.047,0.01,0.01
22.02.2021 08:39:56.805 GMT-0600,20.062,20.048,0.01,0.01
22.02.2021 08:39:56.905 GMT-0600,20.073,20.047,0.01,0.01
22.02.2021 08:39:56.955 GMT-0600,20.063,20.047,0.01,0.01
22.02.2021 08:39:57.100 GMT-0600,20.073,20.047,0.01,0.01
22.02.2021 08:39:57.223 GMT-0600,20.062,20.048,0.01,0.01
22.02.2021 08:39:57.374 GMT-0600,20.073,20.047,0.01,0.01
22.02.2021 08:40:04.301 GMT-0600,20.043,20.027,0.01,0.01
22.02.2021 08:40:04.509 GMT-0600,20.063,20.037000000000003,0.01,0.01
22.02.2021 08:40:04.559 GMT-0600,20.053,20.037000000000003,0.01,0.01
22.02.2021 08:40:04.997 GMT-0600,20.062,20.038,0.01,0.01
22.02.2021 08:40:05.118 GMT-0600,20.062,20.048,0.01,0.01
22.02.2021 08:40:05.252 GMT-0600,20.072,20.048,0.01,0.01
22.02.2021 08:40:05.411 GMT-0600,20.072,20.058,0.01,0.01
22.02.2021 08:40:05.630 GMT-0600,20.082,20.068,0.01,0.01
22.02.2021 08:40:05.681 GMT-0600,20.093,20.067,0.01,0.01
22.02.2021 08:40:06.152 GMT-0600,20.082,20.068,0.01,0.01
22.02.2021 08:40:06.559 GMT-0600,20.083,20.057000000000002,0.01,0.01
22.02.2021 08:40:06.973 GMT-0600,20.092000000000002,20.068,0.01,0.01
22.02.2021 08:40:07.120 GMT-0600,20.082,20.068,0.01,0.01
22.02.2021 08:40:07.170 GMT-0600,20.092000000000002,20.068,0.01,0.01
22.02.2021 08:40:07.230 GMT-0600,20.082,20.068,0.01,0.01
22.02.2021 08:40:07.338 GMT-0600,20.093,20.067,0.01,0.01
22.02.2021 08:40:07.404 GMT-0600,20.083,20.067,0.01,0.01
22.02.2021 08:40:07.562 GMT-0600,20.083,20.057000000000002,0.01,0.01
22.02.2021 08:40:07.713 GMT-0600,20.082,20.068,0.01,0.01
22.02.2021 08:40:07.914 GMT-0600,20.083,20.057000000000002,0.01,0.01
22.02.2021 08:40:08.710 GMT-0600,20.083,20.067,0.01,0.01
22.02.2021 08:40:08.773 GMT-0600,20.073,20.047,0.01,0.01
22.02.2021 08:40:09.452 GMT-0600,20.083,20.057000000000002,0.01,0.01
22.02.2021 08:40:10.008 GMT-0600,20.072,20.048,0.01,0.01
22.02.2021 08:40:10.109 GMT-0600,20.082,20.068,0.01,0.01
22.02.2021 08:40:10.696 GMT-0600,20.093,20.067,0.01,0.01
22.02.2021 08:40:10.746 GMT-0600,20.083,20.067,0.01,0.01
22.02.2021 08:40:10.889 GMT-0600,20.093,20.067,0.01,0.01
22.02.2021 08:40:11.094 GMT-0600,20.083,20.067,0.01,0.01
22.02.2021 08:40:11.144 GMT-0600,20.082,20.058,0.01,0.01
22.02.2021 08:40:11.195 GMT-0600,20.082,20.068,0.01,0.01
22.02.2021 08:40:11.245 GMT-0600,20.093,20.067,0.01,0.01
22.02.2021 08:40:11.503 GMT-0600,20.082,20.068,0.01,0.01
22.02.2021 08:40:11.889 GMT-0600,20.073,20.057000000000002,0.01,0.01
22.02.2021 08:40:11.997 GMT-0600,20.082,20.058,0.01,0.01
22.02.2021 08:40:12.048 GMT-0600,20.083,20.067,0.01,0.01
22.02.2021 08:40:12.484 GMT-0600,20.072,20.048,0.01,0.01
22.02.2021 08:40:12.644 GMT-0600,20.073,20.057000000000002,0.01,0.01
