Local time,Ask,Bid,AskVolume,BidVolume
22.02.2021 06:30:00.802 GMT-0800,313.683,312.09700000000004,0.0008,0.1
22.02.2021 06:30:02.688 GMT-0800,314.982,312.998,0.0008,0.1
22.02.2021 06:30:03.171 GMT-0800,314.982,313.178,0.1,0.075
22.02.2021 06:30:03.492 GMT-0800,314.873,313.177,0.1,0.1
22.02.2021 06:30:03.644 GMT-0800,314.862,313.178,0.075,0.1
22.02.2021 06:30:03.745 GMT-0800,314.873,313.177,0.1,0.1
22.02.2021 06:30:03.888 GMT-0800,314.982,313.178,0.1,0.1
22.02.2021 06:30:04.262 GMT-0800,314.973,313.177,0.0008,0.1
22.02.2021 06:30:04.371 GMT-0800,314.962,313.178,0.075,0.1
22.02.2021 06:30:04.421 GMT-0800,314.983,313.177,0.1,0.1
22.02.2021 06:30:04.471 GMT-0800,314.85200000000003,313.178,0.1,0.1
22.02.2021 06:30:04.774 GMT-0800,314.84200000000004,313.178,0.0008,0.1
22.02.2021 06:30:04.989 GMT-0800,314.833,313.177,0.0008,0.1
22.02.2021 06:30:05.089 GMT-0800,314.85200000000003,313.178,0.1,0.1
22.02.2021 06:30:05.517 GMT-0800,314.843,313.177,0.075,0.1
22.02.2021 06:30:05.617 GMT-0800,314.982,313.178,0.1,0.1
22.02.2021 06:30:05.681 GMT-0800,314.982,313.578,0.1,0.075
22.02.2021 06:30:06.071 GMT-0800,314.973,313.577,0.1,0.1
22.02.2021 06:30:06.208 GMT-0800,314.962,313.578,0.075,0.1
22.02.2021 06:30:06.259 GMT-0800,314.983,313.577,0.1,0.1
22.02.2021 06:30:06.423 GMT-0800,314.982,313.188,0.1,0.1
22.02.2021 06:30:06.540 GMT-0800,314.982,313.578,0.1,0.075
22.02.2021 06:30:06.752 GMT-0800,314.962,313.578,0.0008,0.1
22.02.2021 06:30:06.802 GMT-0800,314.963,312.997,0.1,0.1
22.02.2021 06:30:06.906 GMT-0800,314.962,313.578,0.1,0.075
22.02.2021 06:30:07.007 GMT-0800,315.002,313.578,0.1,0.1
22.02.2021 06:30:07.262 GMT-0800,314.992,313.578,0.0008,0.1
22.02.2021 06:30:07.509 GMT-0800,314.982,313.578,0.075,0.1
22.02.2021 06:30:07.937 GMT-0800,315.003,313.577,0.1,0.1
22.02.2021 06:30:08.050 GMT-0800,314.993,313.577,0.0008,0.1
22.02.2021 06:30:08.687 GMT-0800,314.983,313.577,0.1,0.1
22.02.2021 06:30:08.738 GMT-0800,315.002,313.578,0.1,0.1
22.02.2021 06:30:09.075 GMT-0800,315.002,313.788,0.1,0.075
22.02.2021 06:30:09.125 GMT-0800,315.002,313.008,0.1,0.1
22.02.2021 06:30:09.248 GMT-0800,314.992,313.008,0.0008,0.075
22.02.2021 06:30:09.705 GMT-0800,314.982,313.808,0.0008,0.1
22.02.2021 06:30:10.156 GMT-0800,315.002,313.808,0.1,0.1
22.02.2021 06:30:10.538 GMT-0800,314.993,313.807,0.1,0.1
22.02.2021 06:30:11.083 GMT-0800,314.983,313.807,0.075,0.1
22.02.2021 06:30:11.134 GMT-0800,314.982,313.008,0.1,0.1
22.02.2021 06:30:11.232 GMT-0800,314.982,313.918,0.075,0.0008
22.02.2021 06:30:11.283 GMT-0800,315.002,313.918,0.1,0.1
22.02.2021 06:30:11.640 GMT-0800,314.993,313.91700000000003,0.1,0.1
22.02.2021 06:30:12.137 GMT-0800,314.982,313.918,0.0008,0.1
22.02.2021 06:30:12.188 GMT-0800,315.002,313.918,0.1,0.1
22.02.2021 06:30:12.686 GMT-0800,314.993,313.91700000000003,0.0008,0.1
22.02.2021 06:30:13.887 GMT-0800,314.983,313.91700000000003,0.1,0.1
22.02.2021 06:30:14.034 GMT-0800,315.002,313.918,0.1,0.1
22.02.2021 06:30:14.420 GMT-0800,314.993,313.91700000000003,0.075,0.1
22.02.2021 06:30:15.877 GMT-0800,314.982,313.918,0.075,0.1
22.02.2021 06:30:16.166 GMT-0800,315.003,313.91700000000003,0.1,0.1
22.02.2021 06:30:16.431 GMT-0800,314.993,313.91700000000003,0.0008,0.1
22.02.2021 06:30:17.226 GMT-0800,314.983,313.91700000000003,0.0008,0.1
22.02.2021 06:30:17.327 GMT-0800,315.002,313.918,0.1,0.1
22.02.2021 06:30:18.055 GMT-0800,314.993,313.91700000000003,0.1,0.1
22.02.2021 06:30:18.203 GMT-0800,315.003,313.91700000000003,0.1,0.1
22.02.2021 06:30:19.669 GMT-0800,315.003,313.867,0.1,0.1
22.02.2021 06:30:20.016 GMT-0800,315.003,314.137,0.1,0.0008
22.02.2021 06:30:20.190 GMT-0800,315.003,313.867,0.1,0.1
22.02.2021 06:30:20.322 GMT-0800,315.002,314.138,0.1,0.0008
22.02.2021 06:30:20.423 GMT-0800,314.992,314.138,0.1,0.1
22.02.2021 06:30:20.473 GMT-0800,315.003,314.137,0.1,0.1
22.02.2021 06:30:20.942 GMT-0800,314.992,313.878,0.0008,0.1
22.02.2021 06:30:21.233 GMT-0800,315.002,313.878,0.1,0.1
22.02.2021 06:30:23.634 GMT-0800,314.992,313.868,0.1,0.1
22.02.2021 06:30:23.917 GMT-0800,315.003,313.867,0.1,0.1
22.02.2021 06:30:24.844 GMT-0800,314.992,313.868,0.0008,0.1
22.02.2021 06:30:25.468 GMT-0800,315.003,313.867,0.1,0.1
22.02.2021 06:30:26.784 GMT-0800,314.992,313.868,0.1,0.1
22.02.2021 06:30:26.885 GMT-0800,315.002,313.868,0.1,0.1
22.02.2021 06:30:27.581 GMT-0800,314.54200000000003,313.868,0.1,0.1
22.02.2021 06:30:28.500 GMT-0800,314.54200000000003,312.758,0.1,0.1
22.02.2021 06:30:28.565 GMT-0800,314.54200000000003,312.768,0.1,0.0008
22.02.2021 06:30:28.941 GMT-0800,314.543,312.757,0.1,0.1
22.02.2021 06:30:29.193 GMT-0800,314.543,313.95,0.1,0.075
22.02.2021 06:30:29.545 GMT-0800,313.903,312.177,0.1,0.1
22.02.2021 06:30:30.915 GMT-0800,314.543,313.28700000000003,0.1,0.0008
22.02.2021 06:30:31.077 GMT-0800,314.54200000000003,313.308,0.1,0.0008
22.02.2021 06:30:31.393 GMT-0800,314.53200000000004,313.308,0.1,0.1
22.02.2021 06:30:31.606 GMT-0800,314.54200000000003,313.308,0.1,0.1
22.02.2021 06:30:31.680 GMT-0800,314.302,313.308,0.075,0.1
22.02.2021 06:30:33.454 GMT-0800,314.302,313.648,0.1,0.1
22.02.2021 06:30:38.411 GMT-0800,315.002,313.648,0.1,0.1
22.02.2021 06:30:39.020 GMT-0800,314.993,313.647,0.075,0.1
22.02.2021 06:30:39.399 GMT-0800,315.003,313.647,0.1,0.1
22.02.2021 06:30:40.183 GMT-0800,314.992,313.648,0.0008,0.1
22.02.2021 06:30:40.642 GMT-0800,315.002,313.648,0.1,0.1
22.02.2021 06:30:40.806 GMT-0800,315.003,313.887,0.1,0.075
22.02.2021 06:30:40.906 GMT-0800,315.002,313.878,0.1,0.1
22.02.2021 06:30:42.056 GMT-0800,314.513,313.877,0.1,0.1
22.02.2021 06:30:42.106 GMT-0800,314.063,312.077,0.1,0.1
22.02.2021 06:30:46.236 GMT-0800,314.29200000000003,313.388,0.1,0.0008
22.02.2021 06:30:46.806 GMT-0800,314.283,313.397,0.0008,0.0008
22.02.2021 06:30:47.084 GMT-0800,314.283,313.40700000000004,0.075,0.0008
22.02.2021 06:30:47.134 GMT-0800,314.29200000000003,313.408,0.1,0.1
22.02.2021 06:30:49.645 GMT-0800,314.29200000000003,312.358,0.1,0.0008
22.02.2021 06:30:50.233 GMT-0800,314.29200000000003,312.448,0.1,0.1
22.02.2021 06:30:52.724 GMT-0800,314.293,313.627,0.1,0.1
22.02.2021 06:30:52.885 GMT-0800,314.29200000000003,313.828,0.0008,0.075
22.02.2021 06:30:52.936 GMT-0800,314.402,313.638,0.1,0.1
22.02.2021 06:30:52.986 GMT-0800,314.41200000000003,313.958,0.1,0.1
22.02.2021 06:30:53.254 GMT-0800,314.41200000000003,313.958,0.1,0.1
22.02.2021 06:30:54.374 GMT-0800,314.402,313.968,0.075,0.075
22.02.2021 06:30:54.424 GMT-0800,314.413,313.957,0.1,0.1
22.02.2021 06:30:56.728 GMT-0800,314.41200000000003,313.968,0.1,0.075
22.02.2021 06:30:56.884 GMT-0800,314.41200000000003,314.208,0.1,0.0008
22.02.2021 06:30:57.313 GMT-0800,314.41200000000003,314.218,0.1,0.1
22.02.2021 06:30:57.363 GMT-0800,314.41200000000003,312.958,0.1,0.1
22.02.2021 06:30:57.473 GMT-0800,314.392,313.688,0.0008,0.0008
22.02.2021 06:30:58.459 GMT-0800,314.41200000000003,313.688,0.1,0.1
22.02.2021 06:30:58.576 GMT-0800,314.41200000000003,313.748,0.1,0.075
22.02.2021 06:31:01.534 GMT-0800,314.413,313.827,0.1,0.075
22.02.2021 06:31:01.781 GMT-0800,314.183,313.712,0.0008,0.075
22.02.2021 06:31:01.831 GMT-0800,314.232,312.428,0.1,0.1
22.02.2021 06:31:02.172 GMT-0800,314.233,312.437,0.1,0.0008
22.02.2021 06:31:03.240 GMT-0800,314.41200000000003,312.438,0.1,0.1
22.02.2021 06:31:04.495 GMT-0800,314.403,312.447,0.1,0.1
22.02.2021 06:31:04.765 GMT-0800,314.413,312.447,0.1,0.1
22.02.2021 06:31:06.311 GMT-0800,314.41200000000003,312.898,0.1,0.1
22.02.2021 06:31:07.469 GMT-0800,314.402,312.908,0.1,0.1
22.02.2021 06:31:07.579 GMT-0800,314.41200000000003,312.908,0.1,0.1
22.02.2021 06:31:07.717 GMT-0800,314.41200000000003,312.898,0.1,0.1
22.02.2021 06:31:08.215 GMT-0800,314.113,312.90700000000004,0.0008,0.0008
22.02.2021 06:31:08.266 GMT-0800,314.41200000000003,312.898,0.1,0.1
22.02.2021 06:31:09.217 GMT-0800,314.402,312.908,0.1,0.1
22.02.2021 06:31:09.325 GMT-0800,314.413,312.897,0.1,0.1
22.02.2021 06:31:10.416 GMT-0800,314.413,312.90700000000004,0.1,0.0008
22.02.2021 06:31:12.874 GMT-0800,314.41200000000003,313.108,0.1,0.075
22.02.2021 06:31:13.382 GMT-0800,314.393,313.107,0.0008,0.1
22.02.2021 06:31:16.836 GMT-0800,314.392,313.118,0.1,0.0008
22.02.2021 06:31:17.759 GMT-0800,314.392,313.128,0.1,0.075
22.02.2021 06:31:19.588 GMT-0800,314.392,313.138,0.1,0.0008
22.02.2021 06:31:19.689 GMT-0800,315.003,313.107,0.1,0.1
22.02.2021 06:31:20.395 GMT-0800,314.993,313.117,0.075,0.075
22.02.2021 06:31:20.638 GMT-0800,314.992,313.148,0.0008,0.075
22.02.2021 06:31:20.689 GMT-0800,315.003,313.147,0.1,0.1
22.02.2021 06:31:20.938 GMT-0800,315.003,314.385,0.1,0.0008
22.02.2021 06:31:21.201 GMT-0800,314.992,314.388,0.075,0.1
22.02.2021 06:31:21.252 GMT-0800,314.493,313.15700000000004,0.1,0.1
22.02.2021 06:31:21.352 GMT-0800,315.003,313.107,0.1,0.1
22.02.2021 06:31:21.769 GMT-0800,314.643,313.107,0.1,0.1
22.02.2021 06:31:21.876 GMT-0800,314.643,313.117,0.1,0.075
22.02.2021 06:31:23.181 GMT-0800,314.643,313.127,0.1,0.075
22.02.2021 06:31:24.056 GMT-0800,314.422,313.128,0.075,0.1
22.02.2021 06:31:24.107 GMT-0800,314.643,313.127,0.1,0.1
22.02.2021 06:31:24.819 GMT-0800,315.002,313.108,0.1,0.1
22.02.2021 06:31:25.217 GMT-0800,314.432,313.148,0.075,0.075
22.02.2021 06:31:25.267 GMT-0800,315.002,313.148,0.1,0.1
22.02.2021 06:31:25.371 GMT-0800,315.002,313.108,0.1,0.1
22.02.2021 06:31:26.797 GMT-0800,314.993,313.117,0.0008,0.0008
22.02.2021 06:31:26.897 GMT-0800,315.002,313.108,0.1,0.1
22.02.2021 06:31:28.998 GMT-0800,314.262,313.118,0.1,0.1
22.02.2021 06:31:29.048 GMT-0800,315.002,313.118,0.1,0.1
22.02.2021 06:31:29.099 GMT-0800,315.002,313.108,0.1,0.1
22.02.2021 06:31:29.498 GMT-0800,314.993,313.107,0.1,0.1
22.02.2021 06:31:29.610 GMT-0800,315.003,313.117,0.1,0.1
22.02.2021 06:31:31.536 GMT-0800,314.423,313.117,0.1,0.0008
22.02.2021 06:31:34.331 GMT-0800,314.423,313.127,0.1,0.075
22.02.2021 06:31:36.767 GMT-0800,314.423,313.997,0.1,0.1
22.02.2021 06:31:36.955 GMT-0800,314.423,314.22700000000003,0.075,0.0008
22.02.2021 06:31:37.005 GMT-0800,314.973,313.34700000000004,0.1,0.1
22.02.2021 06:31:37.068 GMT-0800,314.97200000000004,314.008,0.1,0.075
22.02.2021 06:31:37.555 GMT-0800,314.963,314.007,0.0008,0.075
22.02.2021 06:31:37.605 GMT-0800,314.973,313.53700000000003,0.1,0.1
22.02.2021 06:31:37.656 GMT-0800,314.973,314.327,0.1,0.1
22.02.2021 06:31:37.998 GMT-0800,314.913,314.327,0.1,0.0008
22.02.2021 06:31:38.048 GMT-0800,314.91200000000003,313.538,0.1,0.1
22.02.2021 06:31:40.010 GMT-0800,314.913,313.547,0.1,0.075
22.02.2021 06:31:40.628 GMT-0800,314.913,313.557,0.1,0.0008
22.02.2021 06:31:41.048 GMT-0800,314.752,313.558,0.1,0.1
22.02.2021 06:31:41.427 GMT-0800,314.753,313.567,0.1,0.075
22.02.2021 06:31:41.576 GMT-0800,314.752,313.618,0.1,0.075
22.02.2021 06:31:41.627 GMT-0800,314.752,313.558,0.1,0.1
22.02.2021 06:31:42.132 GMT-0800,314.752,313.348,0.075,0.1
22.02.2021 06:31:42.183 GMT-0800,314.91200000000003,313.348,0.1,0.1
22.02.2021 06:31:42.449 GMT-0800,314.622,313.358,0.1,0.1
22.02.2021 06:31:42.570 GMT-0800,314.622,313.348,0.1,0.1
22.02.2021 06:31:43.254 GMT-0800,314.612,313.348,0.1,0.1
22.02.2021 06:31:44.367 GMT-0800,314.623,313.34700000000004,0.1,0.1
22.02.2021 06:31:44.705 GMT-0800,314.622,313.358,0.1,0.1
22.02.2021 06:31:45.399 GMT-0800,314.623,313.367,0.1,0.0008
22.02.2021 06:31:46.783 GMT-0800,314.622,313.378,0.1,0.0008
22.02.2021 06:31:46.884 GMT-0800,314.91200000000003,313.348,0.1,0.1
22.02.2021 06:31:47.333 GMT-0800,314.413,313.357,0.1,0.1
22.02.2021 06:31:47.384 GMT-0800,314.41200000000003,313.348,0.1,0.1
22.02.2021 06:31:48.019 GMT-0800,314.41200000000003,313.358,0.1,0.0008
22.02.2021 06:31:48.120 GMT-0800,314.413,313.34700000000004,0.1,0.1
22.02.2021 06:31:48.665 GMT-0800,314.213,313.357,0.0008,0.0008
22.02.2021 06:31:48.715 GMT-0800,314.91200000000003,313.128,0.1,0.1
22.02.2021 06:31:48.910 GMT-0800,314.202,313.128,0.075,0.1
22.02.2021 06:31:49.391 GMT-0800,314.202,313.845,0.1,0.0008
22.02.2021 06:31:49.441 GMT-0800,314.913,312.96700000000004,0.1,0.1
22.02.2021 06:31:49.542 GMT-0800,314.242,312.918,0.1,0.1
22.02.2021 06:31:49.681 GMT-0800,314.913,312.91700000000003,0.1,0.1
22.02.2021 06:31:49.747 GMT-0800,314.113,312.91700000000003,0.0008,0.1
22.02.2021 06:31:50.841 GMT-0800,314.10200000000003,313.358,0.0008,0.1
22.02.2021 06:31:50.892 GMT-0800,313.933,312.927,0.1,0.1
22.02.2021 06:31:50.997 GMT-0800,313.922,312.918,0.0008,0.1
22.02.2021 06:31:51.877 GMT-0800,313.922,312.928,0.1,0.075
22.02.2021 06:31:54.755 GMT-0800,313.913,312.91700000000003,0.1,0.075
22.02.2021 06:31:54.806 GMT-0800,313.91200000000003,312.688,0.1,0.1
22.02.2021 06:31:54.856 GMT-0800,313.91200000000003,312.698,0.1,0.1
22.02.2021 06:31:54.906 GMT-0800,313.91200000000003,312.688,0.1,0.1
22.02.2021 06:31:55.555 GMT-0800,313.913,312.697,0.1,0.1
22.02.2021 06:31:56.554 GMT-0800,313.91200000000003,313.308,0.1,0.075
22.02.2021 06:31:57.274 GMT-0800,313.922,313.308,0.1,0.1
22.02.2021 06:32:00.122 GMT-0800,314.913,313.307,0.1,0.1
22.02.2021 06:32:01.559 GMT-0800,313.883,313.307,0.0008,0.1
22.02.2021 06:32:04.153 GMT-0800,313.873,313.307,0.0008,0.1
22.02.2021 06:32:04.254 GMT-0800,313.732,313.308,0.1,0.1
22.02.2021 06:32:04.304 GMT-0800,313.742,313.308,0.1,0.1
22.02.2021 06:32:04.495 GMT-0800,313.883,313.307,0.1,0.1
22.02.2021 06:32:04.875 GMT-0800,313.872,313.318,0.0008,0.0008
22.02.2021 06:32:04.976 GMT-0800,313.883,313.307,0.1,0.1
22.02.2021 06:32:05.405 GMT-0800,313.882,313.588,0.1,0.0008
22.02.2021 06:32:05.455 GMT-0800,313.882,313.328,0.1,0.1
22.02.2021 06:32:05.557 GMT-0800,313.883,313.317,0.1,0.1
22.02.2021 06:32:05.617 GMT-0800,313.802,313.318,0.1,0.1
22.02.2021 06:32:05.667 GMT-0800,313.883,313.317,0.1,0.1
22.02.2021 06:32:06.681 GMT-0800,313.882,313.328,0.1,0.0008
22.02.2021 06:32:06.781 GMT-0800,313.882,313.318,0.1,0.1
22.02.2021 06:32:08.406 GMT-0800,313.863,313.317,0.0008,0.075
22.02.2021 06:32:08.457 GMT-0800,313.862,313.308,0.1,0.1
22.02.2021 06:32:09.543 GMT-0800,313.883,313.307,0.1,0.1
22.02.2021 06:32:09.640 GMT-0800,313.783,313.317,0.0008,0.0008
22.02.2021 06:32:09.690 GMT-0800,313.882,313.308,0.1,0.1
22.02.2021 06:32:15.096 GMT-0800,313.72200000000004,313.308,0.0008,0.1
22.02.2021 06:32:19.399 GMT-0800,313.72200000000004,313.65700000000004,0.075,0.0008
22.02.2021 06:32:19.450 GMT-0800,314.863,313.767,0.1,0.1
22.02.2021 06:32:19.505 GMT-0800,314.872,313.768,0.1,0.1
22.02.2021 06:32:19.556 GMT-0800,314.922,313.768,0.1,0.1
22.02.2021 06:32:20.248 GMT-0800,314.923,313.317,0.1,0.1
22.02.2021 06:32:20.459 GMT-0800,314.922,313.308,0.1,0.1
22.02.2021 06:32:24.622 GMT-0800,314.122,313.308,0.1,0.1
22.02.2021 06:32:25.152 GMT-0800,314.123,313.66700000000003,0.1,0.0008
22.02.2021 06:32:29.132 GMT-0800,314.122,313.718,0.1,0.075
22.02.2021 06:32:29.232 GMT-0800,314.122,313.608,0.1,0.1
22.02.2021 06:32:29.283 GMT-0800,314.123,313.647,0.1,0.1
22.02.2021 06:32:30.530 GMT-0800,314.123,313.607,0.1,0.1
22.02.2021 06:32:30.580 GMT-0800,314.122,313.668,0.1,0.1
22.02.2021 06:32:34.678 GMT-0800,314.423,313.317,0.1,0.1
22.02.2021 06:32:34.729 GMT-0800,314.422,313.308,0.1,0.1
22.02.2021 06:32:35.479 GMT-0800,314.413,313.317,0.0008,0.0008
22.02.2021 06:32:35.579 GMT-0800,314.41200000000003,313.308,0.1,0.1
22.02.2021 06:32:36.571 GMT-0800,314.403,313.317,0.075,0.075
22.02.2021 06:32:36.787 GMT-0800,314.402,313.308,0.1,0.1
22.02.2021 06:32:41.574 GMT-0800,314.393,313.317,0.1,0.1
22.02.2021 06:32:41.962 GMT-0800,314.432,313.308,0.1,0.1
22.02.2021 06:32:42.455 GMT-0800,314.423,313.65700000000004,0.0008,0.0008
22.02.2021 06:32:42.505 GMT-0800,314.422,313.318,0.1,0.1
22.02.2021 06:32:42.556 GMT-0800,314.203,313.91700000000003,0.1,0.1
22.02.2021 06:32:42.606 GMT-0800,314.923,313.91700000000003,0.1,0.1
22.02.2021 06:32:42.671 GMT-0800,314.073,313.91700000000003,0.0008,0.075
22.02.2021 06:32:42.721 GMT-0800,314.443,313.317,0.1,0.1
22.02.2021 06:32:42.772 GMT-0800,314.223,313.807,0.1,0.1
22.02.2021 06:32:43.297 GMT-0800,314.22200000000004,313.318,0.1,0.1
22.02.2021 06:32:45.809 GMT-0800,314.22200000000004,313.328,0.1,0.0008
22.02.2021 06:32:46.072 GMT-0800,314.223,313.78700000000003,0.1,0.075
22.02.2021 06:32:46.936 GMT-0800,314.91200000000003,313.788,0.1,0.1
22.02.2021 06:32:46.986 GMT-0800,314.453,313.84700000000004,0.1,0.1
22.02.2021 06:32:47.413 GMT-0800,314.452,313.788,0.1,0.1
22.02.2021 06:32:47.597 GMT-0800,314.073,313.78700000000003,0.1,0.1
22.02.2021 06:32:47.647 GMT-0800,314.452,313.788,0.1,0.1
22.02.2021 06:32:49.918 GMT-0800,314.442,313.788,0.0008,0.1
22.02.2021 06:32:50.141 GMT-0800,314.452,313.788,0.1,0.1
22.02.2021 06:32:51.148 GMT-0800,314.453,313.46700000000004,0.1,0.1
22.02.2021 06:32:57.463 GMT-0800,314.442,313.588,0.1,0.1
22.02.2021 06:32:57.513 GMT-0800,314.452,313.588,0.1,0.1
22.02.2021 06:32:58.242 GMT-0800,314.453,313.46700000000004,0.1,0.1
22.02.2021 06:32:59.875 GMT-0800,314.913,313.46700000000004,0.1,0.1
22.02.2021 06:33:00.543 GMT-0800,314.91200000000003,313.928,0.1,0.0008
22.02.2021 06:33:00.644 GMT-0800,314.04200000000003,313.308,0.1,0.1
22.02.2021 06:33:00.694 GMT-0800,314.052,313.308,0.1,0.1
22.02.2021 06:33:00.745 GMT-0800,314.052,313.378,0.1,0.1
22.02.2021 06:33:00.795 GMT-0800,314.463,313.377,0.1,0.1
22.02.2021 06:33:01.335 GMT-0800,314.452,313.388,0.1,0.1
22.02.2021 06:33:01.453 GMT-0800,314.033,313.377,0.1,0.1
22.02.2021 06:33:02.978 GMT-0800,314.033,313.517,0.075,0.0008
22.02.2021 06:33:03.028 GMT-0800,314.453,313.517,0.1,0.1
22.02.2021 06:33:03.078 GMT-0800,314.182,313.378,0.1,0.1
22.02.2021 06:33:03.129 GMT-0800,314.453,313.377,0.1,0.1
22.02.2021 06:33:04.418 GMT-0800,314.453,313.387,0.075,0.0008
22.02.2021 06:33:04.618 GMT-0800,314.183,313.377,0.1,0.1
22.02.2021 06:33:06.776 GMT-0800,314.182,313.388,0.1,0.0008
22.02.2021 06:33:06.876 GMT-0800,314.182,313.378,0.1,0.1
22.02.2021 06:33:10.766 GMT-0800,314.182,313.768,0.1,0.0008
22.02.2021 06:33:11.015 GMT-0800,314.142,313.768,0.0008,0.1
22.02.2021 06:33:11.149 GMT-0800,314.122,313.768,0.075,0.1
22.02.2021 06:33:11.199 GMT-0800,314.142,313.768,0.1,0.1
22.02.2021 06:33:12.275 GMT-0800,314.143,313.827,0.1,0.0008
22.02.2021 06:33:12.326 GMT-0800,314.143,313.377,0.1,0.1
22.02.2021 06:33:12.687 GMT-0800,314.123,313.377,0.1,0.1
22.02.2021 06:33:12.737 GMT-0800,314.142,313.378,0.1,0.1
22.02.2021 06:33:13.726 GMT-0800,314.083,313.827,0.075,0.075
22.02.2021 06:33:14.077 GMT-0800,314.083,313.387,0.1,0.1
22.02.2021 06:33:14.814 GMT-0800,314.082,313.828,0.1,0.075
22.02.2021 06:33:14.864 GMT-0800,314.082,313.388,0.1,0.1
22.02.2021 06:33:14.914 GMT-0800,314.083,313.747,0.1,0.1
22.02.2021 06:33:15.344 GMT-0800,314.082,313.378,0.1,0.1
22.02.2021 06:33:15.483 GMT-0800,314.063,313.377,0.0008,0.1
22.02.2021 06:33:15.919 GMT-0800,314.062,313.828,0.1,0.1
22.02.2021 06:33:16.069 GMT-0800,314.062,313.388,0.1,0.1
22.02.2021 06:33:16.782 GMT-0800,314.063,313.377,0.1,0.1
22.02.2021 06:33:17.360 GMT-0800,314.063,313.777,0.1,0.075
22.02.2021 06:33:17.630 GMT-0800,314.052,313.778,0.0008,0.1
22.02.2021 06:33:17.731 GMT-0800,314.053,313.377,0.1,0.1
22.02.2021 06:33:18.422 GMT-0800,314.03200000000004,313.378,0.1,0.1
22.02.2021 06:33:18.472 GMT-0800,314.062,313.378,0.1,0.1
22.02.2021 06:33:18.574 GMT-0800,314.083,313.377,0.1,0.1
22.02.2021 06:33:18.628 GMT-0800,314.043,313.377,0.075,0.1
22.02.2021 06:33:18.678 GMT-0800,314.082,313.378,0.1,0.1
22.02.2021 06:33:18.742 GMT-0800,314.053,313.377,0.075,0.1
22.02.2021 06:33:18.792 GMT-0800,314.083,313.377,0.1,0.1
22.02.2021 06:33:18.930 GMT-0800,314.082,313.668,0.1,0.075
22.02.2021 06:33:19.067 GMT-0800,314.052,313.668,0.0008,0.1
22.02.2021 06:33:19.168 GMT-0800,314.082,313.378,0.1,0.1
22.02.2021 06:33:19.302 GMT-0800,314.03200000000004,313.378,0.1,0.1
22.02.2021 06:33:19.353 GMT-0800,314.083,313.377,0.1,0.1
22.02.2021 06:33:19.403 GMT-0800,314.023,313.377,0.1,0.1
22.02.2021 06:33:19.453 GMT-0800,314.082,313.378,0.1,0.1
22.02.2021 06:33:20.193 GMT-0800,314.083,313.387,0.075,0.0008
22.02.2021 06:33:20.243 GMT-0800,314.142,313.388,0.1,0.1
22.02.2021 06:33:20.293 GMT-0800,314.142,313.708,0.1,0.1
22.02.2021 06:33:22.629 GMT-0800,313.893,313.707,0.075,0.0008
22.02.2021 06:33:22.680 GMT-0800,314.463,313.307,0.1,0.1
22.02.2021 06:33:22.730 GMT-0800,314.462,313.338,0.1,0.1
22.02.2021 06:33:23.629 GMT-0800,314.462,313.508,0.1,0.1
22.02.2021 06:33:23.956 GMT-0800,314.462,313.338,0.1,0.1
22.02.2021 06:33:25.810 GMT-0800,314.453,313.337,0.0008,0.1
22.02.2021 06:33:25.971 GMT-0800,314.463,313.337,0.1,0.1
22.02.2021 06:33:27.661 GMT-0800,314.462,313.868,0.1,0.075
22.02.2021 06:33:27.711 GMT-0800,314.463,313.337,0.1,0.1
22.02.2021 06:33:28.204 GMT-0800,314.453,313.337,0.1,0.1
22.02.2021 06:33:29.203 GMT-0800,314.452,313.748,0.075,0.0008
22.02.2021 06:33:29.253 GMT-0800,314.463,313.747,0.1,0.1
22.02.2021 06:33:29.304 GMT-0800,314.462,313.338,0.1,0.1
22.02.2021 06:33:29.448 GMT-0800,314.452,313.348,0.1,0.1
22.02.2021 06:33:29.499 GMT-0800,314.462,313.338,0.1,0.1
22.02.2021 06:33:30.962 GMT-0800,314.112,313.348,0.0008,0.0008
22.02.2021 06:33:31.012 GMT-0800,314.163,313.337,0.1,0.1
22.02.2021 06:33:32.657 GMT-0800,314.16200000000003,313.858,0.1,0.0008
22.02.2021 06:33:32.707 GMT-0800,314.163,313.337,0.1,0.1
22.02.2021 06:33:33.948 GMT-0800,314.853,313.34700000000004,0.1,0.1
22.02.2021 06:33:33.998 GMT-0800,314.853,313.78700000000003,0.1,0.1
22.02.2021 06:33:34.049 GMT-0800,314.853,313.337,0.1,0.1
22.02.2021 06:33:34.099 GMT-0800,314.513,313.337,0.1,0.1
22.02.2021 06:33:34.655 GMT-0800,314.193,313.337,0.075,0.1
22.02.2021 06:33:35.778 GMT-0800,314.192,313.858,0.1,0.1
22.02.2021 06:33:35.828 GMT-0800,314.243,313.857,0.1,0.1
22.02.2021 06:33:35.915 GMT-0800,314.243,313.867,0.075,0.0008
22.02.2021 06:33:35.965 GMT-0800,314.843,313.877,0.1,0.1
22.02.2021 06:33:36.066 GMT-0800,314.512,313.868,0.1,0.1
22.02.2021 06:33:36.398 GMT-0800,314.512,313.858,0.1,0.1
22.02.2021 06:33:36.493 GMT-0800,314.502,313.858,0.0008,0.1
22.02.2021 06:33:36.544 GMT-0800,314.513,313.857,0.1,0.1
22.02.2021 06:33:36.894 GMT-0800,314.513,313.867,0.1,0.075
22.02.2021 06:33:36.995 GMT-0800,314.512,313.808,0.1,0.1
22.02.2021 06:33:39.459 GMT-0800,314.513,314.007,0.1,0.075
22.02.2021 06:33:39.509 GMT-0800,314.242,313.338,0.1,0.1
22.02.2021 06:33:42.796 GMT-0800,314.243,313.945,0.1,0.075
22.02.2021 06:33:43.201 GMT-0800,314.243,314.007,0.1,0.1
22.02.2021 06:33:48.198 GMT-0800,314.243,314.117,0.1,0.0008
22.02.2021 06:33:48.299 GMT-0800,314.84200000000004,314.128,0.1,0.1
22.02.2021 06:33:48.349 GMT-0800,314.84200000000004,314.198,0.1,0.1
22.02.2021 06:33:48.399 GMT-0800,314.853,314.117,0.1,0.1
22.02.2021 06:33:48.450 GMT-0800,314.962,314.118,0.1,0.1
22.02.2021 06:33:48.737 GMT-0800,314.962,314.068,0.1,0.1
22.02.2021 06:33:48.943 GMT-0800,314.762,313.808,0.1,0.1
22.02.2021 06:33:49.056 GMT-0800,314.763,313.797,0.0008,0.1
22.02.2021 06:33:49.351 GMT-0800,314.932,313.828,0.1,0.0008
22.02.2021 06:33:49.463 GMT-0800,314.293,313.797,0.0008,0.1
22.02.2021 06:33:50.215 GMT-0800,314.232,314.078,0.0008,0.0008
22.02.2021 06:33:50.266 GMT-0800,314.933,313.797,0.1,0.1
22.02.2021 06:33:51.506 GMT-0800,314.923,313.807,0.1,0.1
22.02.2021 06:33:51.606 GMT-0800,314.933,313.797,0.1,0.1
22.02.2021 06:33:51.700 GMT-0800,314.882,313.798,0.075,0.1
22.02.2021 06:33:51.801 GMT-0800,314.293,313.797,0.1,0.1
22.02.2021 06:33:51.852 GMT-0800,314.883,313.797,0.1,0.1
22.02.2021 06:33:52.025 GMT-0800,314.932,313.798,0.1,0.1
22.02.2021 06:33:52.075 GMT-0800,314.882,313.798,0.1,0.1
22.02.2021 06:33:52.182 GMT-0800,314.333,314.007,0.1,0.1
22.02.2021 06:33:52.232 GMT-0800,314.34200000000004,313.398,0.1,0.1
22.02.2021 06:33:52.333 GMT-0800,314.343,313.337,0.1,0.1
22.02.2021 06:33:52.384 GMT-0800,314.183,313.337,0.1,0.1
22.02.2021 06:33:52.621 GMT-0800,314.533,313.337,0.1,0.1
22.02.2021 06:33:53.963 GMT-0800,314.522,313.338,0.0008,0.1
22.02.2021 06:33:54.064 GMT-0800,314.533,313.337,0.1,0.1
22.02.2021 06:33:55.974 GMT-0800,314.533,314.027,0.1,0.075
22.02.2021 06:33:56.245 GMT-0800,314.53200000000004,313.338,0.1,0.1
22.02.2021 06:33:56.538 GMT-0800,314.103,313.34700000000004,0.075,0.075
22.02.2021 06:33:56.589 GMT-0800,314.533,313.34700000000004,0.1,0.1
22.02.2021 06:33:56.639 GMT-0800,314.533,313.757,0.1,0.1
22.02.2021 06:33:56.832 GMT-0800,314.28200000000004,313.758,0.075,0.1
22.02.2021 06:33:57.532 GMT-0800,314.28200000000004,313.938,0.075,0.0008
22.02.2021 06:33:57.582 GMT-0800,314.53200000000004,313.758,0.1,0.1
22.02.2021 06:33:58.982 GMT-0800,314.933,313.757,0.1,0.1
22.02.2021 06:33:59.170 GMT-0800,314.923,313.767,0.1,0.1
22.02.2021 06:33:59.349 GMT-0800,314.932,313.758,0.1,0.1
22.02.2021 06:34:00.994 GMT-0800,314.34200000000004,314.048,0.0008,0.0008
22.02.2021 06:34:01.045 GMT-0800,314.34200000000004,313.758,0.1,0.1
22.02.2021 06:34:01.573 GMT-0800,314.283,313.757,0.075,0.1
22.02.2021 06:34:02.794 GMT-0800,314.283,313.767,0.1,0.075
22.02.2021 06:34:02.895 GMT-0800,314.493,313.757,0.1,0.1
22.02.2021 06:34:02.995 GMT-0800,314.863,313.757,0.1,0.1
22.02.2021 06:34:07.140 GMT-0800,314.85200000000003,313.768,0.075,0.075
22.02.2021 06:34:07.240 GMT-0800,314.863,313.757,0.1,0.1
22.02.2021 06:34:07.327 GMT-0800,314.343,313.757,0.0008,0.1
22.02.2021 06:34:08.003 GMT-0800,314.34200000000004,313.768,0.1,0.0008
22.02.2021 06:34:08.161 GMT-0800,314.34200000000004,313.758,0.1,0.1
22.02.2021 06:34:10.410 GMT-0800,314.34200000000004,313.768,0.1,0.0008
22.02.2021 06:34:10.511 GMT-0800,314.34200000000004,313.998,0.1,0.1
22.02.2021 06:34:10.561 GMT-0800,314.192,313.348,0.1,0.1
22.02.2021 06:34:10.661 GMT-0800,314.273,313.34700000000004,0.1,0.1
22.02.2021 06:34:10.760 GMT-0800,314.273,313.747,0.1,0.075
22.02.2021 06:34:13.273 GMT-0800,314.273,313.757,0.1,0.0008
22.02.2021 06:34:13.324 GMT-0800,314.252,313.438,0.1,0.1
22.02.2021 06:34:13.424 GMT-0800,314.53200000000004,313.348,0.1,0.1
22.02.2021 06:34:13.474 GMT-0800,314.35200000000003,313.348,0.1,0.1
22.02.2021 06:34:14.678 GMT-0800,314.353,313.357,0.1,0.0008
22.02.2021 06:34:14.779 GMT-0800,314.353,313.857,0.1,0.075
22.02.2021 06:34:14.880 GMT-0800,314.252,313.738,0.1,0.1
22.02.2021 06:34:14.983 GMT-0800,314.262,313.348,0.1,0.1
22.02.2021 06:34:15.477 GMT-0800,314.273,313.34700000000004,0.1,0.1
22.02.2021 06:34:15.947 GMT-0800,314.272,313.858,0.0008,0.075
22.02.2021 06:34:15.998 GMT-0800,314.522,313.748,0.1,0.1
22.02.2021 06:34:16.059 GMT-0800,314.533,313.737,0.1,0.1
22.02.2021 06:34:16.532 GMT-0800,314.533,313.34700000000004,0.1,0.1
22.02.2021 06:34:16.583 GMT-0800,314.522,313.358,0.1,0.1
22.02.2021 06:34:16.697 GMT-0800,314.53200000000004,313.738,0.1,0.1
22.02.2021 06:34:17.746 GMT-0800,314.523,313.747,0.075,0.075
22.02.2021 06:34:17.846 GMT-0800,314.53200000000004,313.738,0.1,0.1
22.02.2021 06:34:19.441 GMT-0800,314.522,313.748,0.0008,0.0008
22.02.2021 06:34:19.541 GMT-0800,314.53200000000004,313.738,0.1,0.1
22.02.2021 06:34:20.211 GMT-0800,314.253,313.747,0.0008,0.0008
22.02.2021 06:34:20.261 GMT-0800,314.533,313.747,0.1,0.1
22.02.2021 06:34:20.430 GMT-0800,314.533,313.737,0.1,0.1
22.02.2021 06:34:22.760 GMT-0800,314.53200000000004,314.238,0.0008,0.075
22.02.2021 06:34:22.811 GMT-0800,314.862,313.738,0.1,0.1
22.02.2021 06:34:22.865 GMT-0800,314.562,313.738,0.075,0.1
22.02.2021 06:34:24.094 GMT-0800,314.552,313.748,0.0008,0.0008
22.02.2021 06:34:24.195 GMT-0800,314.562,313.738,0.1,0.1
22.02.2021 06:34:24.266 GMT-0800,314.373,313.737,0.1,0.1
22.02.2021 06:34:24.316 GMT-0800,314.562,313.738,0.1,0.1
22.02.2021 06:34:24.367 GMT-0800,314.562,314.008,0.1,0.1
22.02.2021 06:34:25.971 GMT-0800,314.553,314.017,0.1,0.1
22.02.2021 06:34:26.101 GMT-0800,314.562,314.008,0.1,0.1
22.02.2021 06:34:26.561 GMT-0800,314.563,314.147,0.1,0.0008
22.02.2021 06:34:26.823 GMT-0800,314.562,313.738,0.1,0.1
22.02.2021 06:34:27.304 GMT-0800,314.963,314.177,0.1,0.1
22.02.2021 06:34:27.354 GMT-0800,314.952,313.738,0.1,0.1
22.02.2021 06:34:27.471 GMT-0800,314.963,313.737,0.1,0.1
22.02.2021 06:34:28.415 GMT-0800,314.953,313.747,0.0008,0.0008
22.02.2021 06:34:28.582 GMT-0800,314.962,314.238,0.1,0.1
22.02.2021 06:34:28.685 GMT-0800,314.962,313.738,0.1,0.1
22.02.2021 06:34:30.464 GMT-0800,314.962,314.328,0.1,0.075
22.02.2021 06:34:30.565 GMT-0800,314.963,313.737,0.1,0.1
22.02.2021 06:34:30.942 GMT-0800,314.952,313.748,0.1,0.1
22.02.2021 06:34:31.171 GMT-0800,314.962,313.738,0.1,0.1
22.02.2021 06:34:31.648 GMT-0800,314.952,314.158,0.075,0.075
22.02.2021 06:34:32.028 GMT-0800,314.962,313.738,0.1,0.1
22.02.2021 06:34:32.981 GMT-0800,314.953,313.747,0.075,0.075
22.02.2021 06:34:33.110 GMT-0800,314.953,314.147,0.075,0.0008
22.02.2021 06:34:33.160 GMT-0800,314.963,313.737,0.1,0.1
22.02.2021 06:34:34.218 GMT-0800,314.572,314.148,0.0008,0.0008
22.02.2021 06:34:34.394 GMT-0800,314.572,313.738,0.1,0.1
22.02.2021 06:34:34.517 GMT-0800,314.573,313.747,0.1,0.1
22.02.2021 06:34:34.625 GMT-0800,314.572,313.738,0.1,0.1
22.02.2021 06:34:35.527 GMT-0800,314.572,314.148,0.1,0.0008
22.02.2021 06:34:35.628 GMT-0800,314.573,313.737,0.1,0.1
22.02.2021 06:34:37.537 GMT-0800,314.572,313.748,0.1,0.0008
22.02.2021 06:34:37.587 GMT-0800,314.573,313.737,0.1,0.1
22.02.2021 06:34:40.331 GMT-0800,314.573,313.747,0.1,0.0008
22.02.2021 06:34:40.437 GMT-0800,314.573,313.737,0.1,0.1
22.02.2021 06:34:41.280 GMT-0800,314.502,313.738,0.1,0.1
22.02.2021 06:34:41.381 GMT-0800,314.952,313.808,0.1,0.1
22.02.2021 06:34:41.548 GMT-0800,314.962,314.498,0.1,0.0008
22.02.2021 06:34:41.800 GMT-0800,315.003,314.497,0.1,0.1
22.02.2021 06:34:42.117 GMT-0800,314.992,314.498,0.075,0.1
22.02.2021 06:34:42.316 GMT-0800,314.943,314.497,0.075,0.1
22.02.2021 06:34:42.772 GMT-0800,314.863,314.497,0.1,0.1
22.02.2021 06:34:43.182 GMT-0800,314.992,314.498,0.1,0.1
22.02.2021 06:34:43.233 GMT-0800,314.91200000000003,314.498,0.1,0.1
22.02.2021 06:34:43.394 GMT-0800,315.003,314.497,0.1,0.1
22.02.2021 06:34:43.477 GMT-0800,314.853,314.497,0.1,0.1
22.02.2021 06:34:43.628 GMT-0800,314.85200000000003,314.638,0.1,0.075
22.02.2021 06:34:44.353 GMT-0800,314.652,314.498,0.1,0.1
22.02.2021 06:34:44.403 GMT-0800,315.003,314.497,0.1,0.1
22.02.2021 06:34:44.580 GMT-0800,314.84200000000004,314.498,0.0008,0.1
22.02.2021 06:34:46.401 GMT-0800,314.993,314.497,0.1,0.1
22.02.2021 06:34:46.821 GMT-0800,314.84200000000004,314.498,0.075,0.1
22.02.2021 06:34:47.122 GMT-0800,314.993,314.497,0.1,0.1
22.02.2021 06:34:47.486 GMT-0800,315.003,314.497,0.1,0.1
22.02.2021 06:34:47.667 GMT-0800,314.843,314.497,0.0008,0.1
22.02.2021 06:34:47.769 GMT-0800,314.84200000000004,314.168,0.1,0.1
22.02.2021 06:34:47.919 GMT-0800,314.84200000000004,314.158,0.1,0.1
22.02.2021 06:34:48.198 GMT-0800,315.002,314.158,0.1,0.1
22.02.2021 06:34:48.777 GMT-0800,314.992,314.168,0.075,0.075
22.02.2021 06:34:48.893 GMT-0800,314.59200000000004,314.168,0.1,0.1
22.02.2021 06:34:48.943 GMT-0800,314.993,314.16700000000003,0.1,0.1
22.02.2021 06:34:49.009 GMT-0800,314.84200000000004,313.738,0.1,0.1
22.02.2021 06:34:49.224 GMT-0800,315.003,313.737,0.1,0.1
22.02.2021 06:34:49.768 GMT-0800,314.672,313.738,0.075,0.1
22.02.2021 06:34:50.068 GMT-0800,314.672,314.218,0.1,0.0008
22.02.2021 06:34:50.168 GMT-0800,314.673,314.137,0.1,0.1
22.02.2021 06:34:50.284 GMT-0800,314.672,313.738,0.1,0.1
22.02.2021 06:34:50.412 GMT-0800,315.002,313.738,0.1,0.1
22.02.2021 06:34:50.462 GMT-0800,314.653,313.737,0.1,0.1
22.02.2021 06:34:51.143 GMT-0800,314.653,313.747,0.1,0.1
22.02.2021 06:34:51.288 GMT-0800,314.653,313.737,0.1,0.1
22.02.2021 06:34:52.033 GMT-0800,314.652,314.138,0.1,0.075
22.02.2021 06:34:52.578 GMT-0800,314.652,314.148,0.1,0.1
22.02.2021 06:34:52.678 GMT-0800,314.652,314.138,0.1,0.1
22.02.2021 06:34:53.178 GMT-0800,314.653,314.147,0.1,0.075
22.02.2021 06:34:53.228 GMT-0800,314.993,314.147,0.1,0.1
22.02.2021 06:34:53.374 GMT-0800,315.003,314.137,0.1,0.1
22.02.2021 06:34:53.724 GMT-0800,315.003,314.567,0.1,0.1
22.02.2021 06:34:53.775 GMT-0800,315.003,314.137,0.1,0.1
22.02.2021 06:34:53.835 GMT-0800,314.992,314.138,0.0008,0.1
22.02.2021 06:34:53.935 GMT-0800,315.003,314.137,0.1,0.1
22.02.2021 06:34:54.604 GMT-0800,315.002,314.148,0.1,0.0008
22.02.2021 06:34:54.705 GMT-0800,315.003,314.137,0.1,0.1
22.02.2021 06:34:55.156 GMT-0800,315.003,314.337,0.1,0.0008
22.02.2021 06:34:56.051 GMT-0800,315.003,314.577,0.1,0.1
22.02.2021 06:34:56.757 GMT-0800,314.943,314.137,0.1,0.1
22.02.2021 06:34:56.826 GMT-0800,314.942,314.148,0.1,0.075
22.02.2021 06:34:56.876 GMT-0800,314.943,314.137,0.1,0.1
22.02.2021 06:34:58.822 GMT-0800,314.863,314.577,0.075,0.075
22.02.2021 06:34:58.872 GMT-0800,314.863,314.137,0.1,0.1
22.02.2021 06:35:00.144 GMT-0800,314.85200000000003,314.578,0.075,0.075
22.02.2021 06:35:00.194 GMT-0800,314.853,314.137,0.1,0.1
22.02.2021 06:35:00.294 GMT-0800,314.862,314.448,0.1,0.1
22.02.2021 06:35:00.867 GMT-0800,314.702,314.448,0.0008,0.1
22.02.2021 06:35:02.609 GMT-0800,314.773,314.447,0.1,0.1
22.02.2021 06:35:02.682 GMT-0800,314.703,314.447,0.1,0.1
22.02.2021 06:35:03.033 GMT-0800,314.772,314.548,0.1,0.1
22.02.2021 06:35:03.083 GMT-0800,314.773,314.447,0.1,0.1
22.02.2021 06:35:03.156 GMT-0800,314.942,314.448,0.1,0.1
22.02.2021 06:35:03.403 GMT-0800,314.933,314.687,0.0008,0.0008
22.02.2021 06:35:03.453 GMT-0800,314.933,314.457,0.1,0.1
22.02.2021 06:35:03.504 GMT-0800,314.942,314.448,0.1,0.1
22.02.2021 06:35:03.554 GMT-0800,314.943,314.577,0.1,0.1
22.02.2021 06:35:03.949 GMT-0800,314.943,314.447,0.1,0.1
22.02.2021 06:35:04.240 GMT-0800,314.932,314.448,0.075,0.1
22.02.2021 06:35:04.340 GMT-0800,314.943,314.447,0.1,0.1
22.02.2021 06:35:04.869 GMT-0800,314.823,314.447,0.1,0.1
22.02.2021 06:35:04.978 GMT-0800,314.613,314.447,0.0008,0.1
22.02.2021 06:35:05.029 GMT-0800,314.813,313.827,0.1,0.1
22.02.2021 06:35:05.146 GMT-0800,314.823,313.817,0.1,0.1
22.02.2021 06:35:05.196 GMT-0800,314.79200000000003,313.818,0.1,0.1
22.02.2021 06:35:05.465 GMT-0800,314.79200000000003,314.128,0.1,0.075
22.02.2021 06:35:06.150 GMT-0800,314.942,314.128,0.1,0.1
22.02.2021 06:35:06.824 GMT-0800,314.933,314.137,0.075,0.075
22.02.2021 06:35:06.924 GMT-0800,314.943,314.127,0.1,0.1
22.02.2021 06:35:07.279 GMT-0800,314.942,314.388,0.1,0.0008
22.02.2021 06:35:07.681 GMT-0800,314.712,314.388,0.0008,0.1
22.02.2021 06:35:07.732 GMT-0800,314.943,314.387,0.1,0.1
22.02.2021 06:35:07.800 GMT-0800,314.943,314.46700000000004,0.1,0.0008
22.02.2021 06:35:07.851 GMT-0800,314.943,314.127,0.1,0.1
22.02.2021 06:35:07.972 GMT-0800,314.932,314.468,0.075,0.075
22.02.2021 06:35:09.411 GMT-0800,314.712,314.468,0.1,0.0008
22.02.2021 06:35:10.605 GMT-0800,314.713,314.47700000000003,0.1,0.075
22.02.2021 06:35:10.655 GMT-0800,314.712,314.408,0.1,0.1
22.02.2021 06:35:11.669 GMT-0800,314.582,314.408,0.0008,0.075
22.02.2021 06:35:11.719 GMT-0800,314.712,314.128,0.1,0.1
22.02.2021 06:35:11.819 GMT-0800,314.713,313.817,0.1,0.1
22.02.2021 06:35:11.870 GMT-0800,314.692,313.818,0.1,0.1
22.02.2021 06:35:11.920 GMT-0800,314.762,313.738,0.1,0.1
22.02.2021 06:35:12.055 GMT-0800,314.763,314.117,0.1,0.075
22.02.2021 06:35:12.166 GMT-0800,314.762,313.738,0.1,0.1
22.02.2021 06:35:12.216 GMT-0800,314.753,314.007,0.1,0.1
22.02.2021 06:35:12.346 GMT-0800,314.763,313.737,0.1,0.1
22.02.2021 06:35:12.493 GMT-0800,314.883,313.737,0.1,0.1
22.02.2021 06:35:12.643 GMT-0800,314.633,313.737,0.075,0.1
22.02.2021 06:35:12.794 GMT-0800,314.633,314.187,0.1,0.1
22.02.2021 06:35:12.844 GMT-0800,314.633,313.737,0.1,0.1
22.02.2021 06:35:12.894 GMT-0800,314.633,314.16700000000003,0.1,0.1
22.02.2021 06:35:12.945 GMT-0800,314.873,314.297,0.1,0.1
22.02.2021 06:35:12.995 GMT-0800,314.872,314.408,0.1,0.1
22.02.2021 06:35:13.129 GMT-0800,314.943,314.40700000000004,0.1,0.1
22.02.2021 06:35:13.268 GMT-0800,315.002,314.708,0.1,0.1
22.02.2021 06:35:13.318 GMT-0800,314.973,314.357,0.1,0.1
22.02.2021 06:35:13.545 GMT-0800,314.973,314.607,0.1,0.0008
22.02.2021 06:35:13.596 GMT-0800,314.973,314.117,0.1,0.1
22.02.2021 06:35:13.646 GMT-0800,314.97200000000004,314.408,0.1,0.1
22.02.2021 06:35:13.896 GMT-0800,314.963,314.607,0.075,0.075
22.02.2021 06:35:13.946 GMT-0800,314.97200000000004,314.538,0.1,0.1
22.02.2021 06:35:14.059 GMT-0800,315.002,314.538,0.1,0.1
22.02.2021 06:35:15.824 GMT-0800,314.992,314.538,0.0008,0.1
22.02.2021 06:35:16.054 GMT-0800,315.253,314.72700000000003,0.1,0.1
22.02.2021 06:35:16.105 GMT-0800,315.253,314.71700000000004,0.1,0.1
22.02.2021 06:35:16.164 GMT-0800,315.252,314.878,0.1,0.0008
22.02.2021 06:35:16.268 GMT-0800,315.253,314.71700000000004,0.1,0.1
22.02.2021 06:35:16.469 GMT-0800,315.483,314.877,0.1,0.0008
22.02.2021 06:35:16.520 GMT-0800,315.533,314.71700000000004,0.1,0.1
22.02.2021 06:35:16.570 GMT-0800,315.41200000000003,314.988,0.1,0.1
22.02.2021 06:35:16.819 GMT-0800,315.41200000000003,315.078,0.075,0.0008
22.02.2021 06:35:16.869 GMT-0800,315.523,315.077,0.1,0.1
22.02.2021 06:35:16.978 GMT-0800,315.533,315.077,0.1,0.1
22.02.2021 06:35:17.606 GMT-0800,315.53200000000004,315.088,0.1,0.0008
22.02.2021 06:35:17.817 GMT-0800,315.523,315.087,0.0008,0.1
22.02.2021 06:35:17.867 GMT-0800,315.533,315.087,0.1,0.1
22.02.2021 06:35:18.109 GMT-0800,315.53200000000004,315.098,0.1,0.0008
22.02.2021 06:35:18.224 GMT-0800,315.53200000000004,315.108,0.1,0.075
22.02.2021 06:35:18.466 GMT-0800,315.53200000000004,314.448,0.1,0.1
22.02.2021 06:35:18.517 GMT-0800,315.53200000000004,315.098,0.1,0.1
22.02.2021 06:35:18.618 GMT-0800,315.533,315.087,0.1,0.1
22.02.2021 06:35:18.668 GMT-0800,315.533,315.09700000000004,0.1,0.1
22.02.2021 06:35:19.106 GMT-0800,315.533,315.117,0.1,0.0008
22.02.2021 06:35:19.207 GMT-0800,315.533,315.107,0.1,0.1
22.02.2021 06:35:19.656 GMT-0800,315.663,314.777,0.1,0.1
22.02.2021 06:35:20.016 GMT-0800,315.652,314.778,0.0008,0.1
22.02.2021 06:35:20.066 GMT-0800,315.663,314.777,0.1,0.1
22.02.2021 06:35:20.116 GMT-0800,315.423,314.777,0.1,0.1
22.02.2021 06:35:20.219 GMT-0800,315.503,314.777,0.1,0.1
22.02.2021 06:35:21.016 GMT-0800,315.423,314.777,0.0008,0.1
22.02.2021 06:35:21.440 GMT-0800,315.422,315.148,0.1,0.075
22.02.2021 06:35:21.548 GMT-0800,315.423,315.22700000000003,0.1,0.1
22.02.2021 06:35:21.838 GMT-0800,315.413,315.22700000000003,0.1,0.1
22.02.2021 06:35:21.889 GMT-0800,315.423,315.22700000000003,0.1,0.1
22.02.2021 06:35:22.196 GMT-0800,315.462,315.228,0.1,0.1
22.02.2021 06:35:23.837 GMT-0800,315.503,315.22700000000003,0.1,0.1
22.02.2021 06:35:23.963 GMT-0800,315.423,315.22700000000003,0.0008,0.1
22.02.2021 06:35:24.148 GMT-0800,315.41200000000003,315.228,0.075,0.1
22.02.2021 06:35:24.524 GMT-0800,315.422,315.228,0.1,0.1
22.02.2021 06:35:25.607 GMT-0800,315.393,315.22700000000003,0.075,0.1
22.02.2021 06:35:25.657 GMT-0800,315.422,315.228,0.1,0.1
22.02.2021 06:35:25.970 GMT-0800,315.423,315.327,0.0008,0.075
22.02.2021 06:35:26.021 GMT-0800,315.553,315.22700000000003,0.1,0.1
22.02.2021 06:35:26.765 GMT-0800,315.54200000000003,315.238,0.0008,0.0008
22.02.2021 06:35:26.816 GMT-0800,315.54200000000003,315.228,0.1,0.1
22.02.2021 06:35:27.812 GMT-0800,315.553,315.237,0.1,0.1
22.02.2021 06:35:27.931 GMT-0800,315.452,315.238,0.0008,0.1
22.02.2021 06:35:27.981 GMT-0800,315.453,315.22700000000003,0.1,0.1
22.02.2021 06:35:28.130 GMT-0800,315.553,315.22700000000003,0.1,0.1
22.02.2021 06:35:28.671 GMT-0800,315.462,315.228,0.075,0.1
22.02.2021 06:35:28.722 GMT-0800,315.553,315.22700000000003,0.1,0.1
22.02.2021 06:35:28.817 GMT-0800,315.463,315.22700000000003,0.0008,0.1
22.02.2021 06:35:29.047 GMT-0800,315.453,315.22700000000003,0.0008,0.1
22.02.2021 06:35:29.349 GMT-0800,315.553,315.22700000000003,0.1,0.1
22.02.2021 06:35:30.148 GMT-0800,315.603,315.22700000000003,0.1,0.1
22.02.2021 06:35:30.199 GMT-0800,315.523,315.22700000000003,0.1,0.1
22.02.2021 06:35:31.078 GMT-0800,315.522,315.248,0.1,0.0008
22.02.2021 06:35:32.488 GMT-0800,315.523,315.257,0.1,0.075
22.02.2021 06:35:32.538 GMT-0800,315.523,315.247,0.1,0.1
22.02.2021 06:35:32.650 GMT-0800,315.462,315.248,0.075,0.1
22.02.2021 06:35:32.750 GMT-0800,315.522,315.248,0.1,0.1
22.02.2021 06:35:32.801 GMT-0800,315.453,315.22700000000003,0.1,0.1
22.02.2021 06:35:32.903 GMT-0800,315.522,315.228,0.1,0.1
22.02.2021 06:35:32.954 GMT-0800,315.463,315.22700000000003,0.1,0.1
22.02.2021 06:35:33.096 GMT-0800,315.453,315.22700000000003,0.1,0.1
22.02.2021 06:35:33.543 GMT-0800,315.523,315.22700000000003,0.1,0.1
22.02.2021 06:35:34.626 GMT-0800,315.522,315.248,0.1,0.075
22.02.2021 06:35:34.676 GMT-0800,315.522,315.228,0.1,0.1
22.02.2021 06:35:39.244 GMT-0800,315.502,315.228,0.0008,0.1
22.02.2021 06:35:39.394 GMT-0800,315.493,315.22700000000003,0.0008,0.1
22.02.2021 06:35:40.766 GMT-0800,315.483,315.22700000000003,0.1,0.1
22.02.2021 06:35:40.897 GMT-0800,315.502,315.228,0.1,0.1
22.02.2021 06:35:40.947 GMT-0800,315.463,315.22700000000003,0.1,0.1
22.02.2021 06:35:41.909 GMT-0800,315.503,315.22700000000003,0.1,0.1
22.02.2021 06:35:43.713 GMT-0800,315.503,315.267,0.1,0.075
22.02.2021 06:35:43.813 GMT-0800,315.502,315.228,0.1,0.1
22.02.2021 06:35:44.017 GMT-0800,315.463,315.22700000000003,0.0008,0.1
22.02.2021 06:35:44.378 GMT-0800,315.502,315.228,0.1,0.1
22.02.2021 06:35:44.945 GMT-0800,315.462,315.228,0.075,0.1
22.02.2021 06:35:45.823 GMT-0800,315.503,315.22700000000003,0.1,0.1
22.02.2021 06:35:45.943 GMT-0800,315.503,315.267,0.1,0.075
22.02.2021 06:35:46.102 GMT-0800,315.503,315.22700000000003,0.1,0.1
22.02.2021 06:35:46.807 GMT-0800,315.503,315.267,0.1,0.075
22.02.2021 06:35:48.059 GMT-0800,315.463,315.267,0.075,0.1
22.02.2021 06:35:48.427 GMT-0800,316.053,315.22700000000003,0.1,0.1
22.02.2021 06:35:48.527 GMT-0800,315.683,315.22700000000003,0.1,0.1
22.02.2021 06:35:48.578 GMT-0800,316.142,315.228,0.1,0.1
22.02.2021 06:35:48.966 GMT-0800,316.312,315.228,0.1,0.1
22.02.2021 06:35:49.117 GMT-0800,316.302,315.228,0.075,0.1
22.02.2021 06:35:49.267 GMT-0800,316.303,315.487,0.1,0.1
22.02.2021 06:35:49.387 GMT-0800,315.802,315.228,0.1,0.1
22.02.2021 06:35:49.699 GMT-0800,315.623,315.22700000000003,0.0008,0.1
22.02.2021 06:35:49.803 GMT-0800,315.622,315.278,0.075,0.1
22.02.2021 06:35:49.853 GMT-0800,315.832,315.278,0.1,0.1
22.02.2021 06:35:49.955 GMT-0800,315.832,315.288,0.1,0.0008
22.02.2021 06:35:50.005 GMT-0800,315.883,315.28700000000003,0.1,0.1
22.02.2021 06:35:50.076 GMT-0800,315.882,315.298,0.1,0.0008
22.02.2021 06:35:50.185 GMT-0800,315.883,315.307,0.1,0.0008
22.02.2021 06:35:50.311 GMT-0800,315.773,315.307,0.1,0.1
22.02.2021 06:35:50.616 GMT-0800,315.772,315.298,0.1,0.1
22.02.2021 06:35:53.021 GMT-0800,315.773,315.387,0.1,0.0008
22.02.2021 06:35:53.618 GMT-0800,315.773,315.397,0.1,0.075
22.02.2021 06:35:53.668 GMT-0800,315.772,315.298,0.1,0.1
22.02.2021 06:35:53.718 GMT-0800,315.773,315.40700000000004,0.1,0.1
22.02.2021 06:35:54.549 GMT-0800,315.773,315.41700000000003,0.1,0.075
22.02.2021 06:35:56.090 GMT-0800,316.013,315.41700000000003,0.1,0.1
22.02.2021 06:35:56.141 GMT-0800,316.002,315.448,0.075,0.075
22.02.2021 06:35:56.191 GMT-0800,316.013,315.367,0.1,0.1
22.02.2021 06:35:56.241 GMT-0800,316.013,315.40700000000004,0.1,0.1
22.02.2021 06:35:56.291 GMT-0800,316.013,315.387,0.1,0.1
22.02.2021 06:35:57.560 GMT-0800,315.822,315.388,0.075,0.1
22.02.2021 06:35:57.716 GMT-0800,315.823,315.447,0.1,0.075
22.02.2021 06:35:58.353 GMT-0800,315.822,315.558,0.1,0.1
22.02.2021 06:35:58.565 GMT-0800,315.883,315.557,0.1,0.1
22.02.2021 06:35:59.007 GMT-0800,315.872,315.558,0.075,0.1
22.02.2021 06:35:59.057 GMT-0800,315.883,315.557,0.1,0.1
22.02.2021 06:35:59.557 GMT-0800,315.883,315.22700000000003,0.1,0.1
22.02.2021 06:35:59.608 GMT-0800,315.882,315.598,0.1,0.1
22.02.2021 06:35:59.976 GMT-0800,315.892,315.598,0.1,0.1
22.02.2021 06:36:00.475 GMT-0800,315.873,315.59700000000004,0.075,0.1
22.02.2021 06:36:01.357 GMT-0800,316.012,315.318,0.1,0.1
22.02.2021 06:36:01.457 GMT-0800,315.872,315.308,0.1,0.1
22.02.2021 06:36:03.205 GMT-0800,315.872,315.318,0.1,0.0008
22.02.2021 06:36:03.419 GMT-0800,315.862,315.318,0.1,0.1
22.02.2021 06:36:03.940 GMT-0800,315.862,315.328,0.1,0.075
22.02.2021 06:36:04.054 GMT-0800,315.752,315.328,0.075,0.1
22.02.2021 06:36:04.362 GMT-0800,315.752,315.338,0.1,0.0008
22.02.2021 06:36:04.463 GMT-0800,315.753,315.327,0.1,0.1
22.02.2021 06:36:04.685 GMT-0800,315.762,315.328,0.1,0.1
22.02.2021 06:36:04.760 GMT-0800,315.753,315.327,0.075,0.1
22.02.2021 06:36:05.631 GMT-0800,315.752,315.338,0.1,0.0008
22.02.2021 06:36:05.682 GMT-0800,315.763,315.327,0.1,0.1
22.02.2021 06:36:05.807 GMT-0800,315.932,315.328,0.1,0.1
22.02.2021 06:36:05.857 GMT-0800,315.712,315.328,0.1,0.1
22.02.2021 06:36:05.908 GMT-0800,315.933,315.327,0.1,0.1
22.02.2021 06:36:06.176 GMT-0800,315.832,315.328,0.075,0.1
22.02.2021 06:36:06.283 GMT-0800,315.833,315.337,0.1,0.0008
22.02.2021 06:36:06.333 GMT-0800,315.833,315.327,0.1,0.1
22.02.2021 06:36:06.960 GMT-0800,315.663,315.327,0.075,0.0008
22.02.2021 06:36:07.061 GMT-0800,315.933,315.387,0.1,0.1
22.02.2021 06:36:07.111 GMT-0800,315.813,315.387,0.1,0.1
22.02.2021 06:36:08.201 GMT-0800,315.932,315.388,0.1,0.1
22.02.2021 06:36:08.368 GMT-0800,315.763,315.437,0.075,0.075
22.02.2021 06:36:09.056 GMT-0800,315.66200000000003,315.438,0.1,0.1
22.02.2021 06:36:09.106 GMT-0800,315.752,315.328,0.1,0.1
22.02.2021 06:36:09.157 GMT-0800,315.752,315.438,0.1,0.1
22.02.2021 06:36:09.639 GMT-0800,315.682,315.438,0.1,0.1
22.02.2021 06:36:09.798 GMT-0800,315.753,315.437,0.1,0.1
22.02.2021 06:36:09.967 GMT-0800,315.753,315.587,0.1,0.1
22.02.2021 06:36:10.018 GMT-0800,315.753,315.527,0.1,0.1
22.02.2021 06:36:10.119 GMT-0800,316.012,315.528,0.1,0.1
22.02.2021 06:36:10.274 GMT-0800,316.002,315.528,0.1,0.1
22.02.2021 06:36:10.324 GMT-0800,316.313,315.527,0.1,0.1
22.02.2021 06:36:10.447 GMT-0800,316.313,315.557,0.1,0.075
22.02.2021 06:36:10.547 GMT-0800,316.313,315.547,0.1,0.1
22.02.2021 06:36:10.624 GMT-0800,316.313,315.557,0.1,0.075
22.02.2021 06:36:10.816 GMT-0800,316.312,315.248,0.1,0.1
22.02.2021 06:36:10.866 GMT-0800,316.313,315.437,0.1,0.1
22.02.2021 06:36:11.120 GMT-0800,316.312,315.568,0.1,0.1
22.02.2021 06:36:11.319 GMT-0800,316.312,315.588,0.1,0.1
22.02.2021 06:36:11.546 GMT-0800,315.902,315.588,0.0008,0.1
22.02.2021 06:36:11.597 GMT-0800,316.312,315.588,0.1,0.1
22.02.2021 06:36:11.647 GMT-0800,316.313,315.707,0.1,0.1
22.02.2021 06:36:12.040 GMT-0800,315.962,315.708,0.075,0.1
22.02.2021 06:36:13.217 GMT-0800,315.963,315.547,0.1,0.1
22.02.2021 06:36:13.267 GMT-0800,315.78200000000004,315.548,0.1,0.1
22.02.2021 06:36:13.317 GMT-0800,315.962,315.548,0.1,0.1
22.02.2021 06:36:13.368 GMT-0800,316.053,315.547,0.1,0.1
22.02.2021 06:36:13.418 GMT-0800,315.753,315.547,0.1,0.1
22.02.2021 06:36:13.715 GMT-0800,316.053,315.547,0.1,0.1
22.02.2021 06:36:14.451 GMT-0800,316.052,315.648,0.1,0.075
22.02.2021 06:36:14.502 GMT-0800,316.04200000000003,315.568,0.1,0.1
22.02.2021 06:36:14.552 GMT-0800,315.963,315.567,0.1,0.1
22.02.2021 06:36:14.602 GMT-0800,315.963,315.557,0.1,0.1
22.02.2021 06:36:14.928 GMT-0800,316.053,315.247,0.1,0.1
22.02.2021 06:36:16.727 GMT-0800,315.903,315.247,0.075,0.1
22.02.2021 06:36:17.034 GMT-0800,316.053,315.247,0.1,0.1
22.02.2021 06:36:17.641 GMT-0800,316.043,315.257,0.0008,0.0008
22.02.2021 06:36:17.691 GMT-0800,316.053,315.247,0.1,0.1
22.02.2021 06:36:18.367 GMT-0800,316.052,315.797,0.1,0.075
22.02.2021 06:36:18.418 GMT-0800,316.053,315.257,0.1,0.1
22.02.2021 06:36:18.469 GMT-0800,316.053,315.247,0.1,0.1
22.02.2021 06:36:18.519 GMT-0800,316.053,315.567,0.1,0.1
22.02.2021 06:36:18.569 GMT-0800,316.053,315.247,0.1,0.1
22.02.2021 06:36:19.354 GMT-0800,316.052,315.718,0.1,0.075
22.02.2021 06:36:19.405 GMT-0800,315.683,315.447,0.0008,0.1
22.02.2021 06:36:19.455 GMT-0800,316.242,315.448,0.1,0.1
22.02.2021 06:36:19.618 GMT-0800,315.705,315.448,0.0008,0.1
22.02.2021 06:36:19.869 GMT-0800,316.243,315.387,0.1,0.1
22.02.2021 06:36:19.993 GMT-0800,316.232,315.398,0.1,0.1
22.02.2021 06:36:20.136 GMT-0800,316.233,315.567,0.1,0.075
22.02.2021 06:36:20.237 GMT-0800,315.923,315.567,0.1,0.1
22.02.2021 06:36:20.340 GMT-0800,316.233,315.567,0.1,0.1
22.02.2021 06:36:20.390 GMT-0800,316.082,315.568,0.1,0.1
22.02.2021 06:36:20.533 GMT-0800,315.923,315.567,0.1,0.1
22.02.2021 06:36:20.915 GMT-0800,315.922,315.578,0.0008,0.075
22.02.2021 06:36:20.966 GMT-0800,315.993,315.53700000000003,0.1,0.1
22.02.2021 06:36:21.016 GMT-0800,315.992,315.568,0.1,0.1
22.02.2021 06:36:21.067 GMT-0800,316.003,315.567,0.1,0.1
22.02.2021 06:36:21.117 GMT-0800,315.993,315.567,0.1,0.1
22.02.2021 06:36:21.521 GMT-0800,316.003,315.747,0.1,0.1
22.02.2021 06:36:23.067 GMT-0800,316.002,315.568,0.1,0.1
22.02.2021 06:36:24.250 GMT-0800,316.003,315.637,0.1,0.075
22.02.2021 06:36:24.556 GMT-0800,316.003,315.65700000000004,0.1,0.0008
22.02.2021 06:36:24.657 GMT-0800,316.002,315.668,0.1,0.1
22.02.2021 06:36:24.874 GMT-0800,316.035,315.97700000000003,0.075,0.0008
22.02.2021 06:36:24.924 GMT-0800,316.493,315.677,0.1,0.1
22.02.2021 06:36:25.052 GMT-0800,316.133,315.677,0.0008,0.1
22.02.2021 06:36:25.943 GMT-0800,316.133,315.757,0.1,0.0008
22.02.2021 06:36:28.704 GMT-0800,316.132,315.768,0.1,0.0008
22.02.2021 06:36:29.683 GMT-0800,316.133,315.78700000000003,0.1,0.0008
22.02.2021 06:36:30.416 GMT-0800,316.373,315.78700000000003,0.1,0.1
22.02.2021 06:36:30.467 GMT-0800,316.382,315.818,0.1,0.1
22.02.2021 06:36:30.966 GMT-0800,316.16200000000003,315.828,0.1,0.1
22.02.2021 06:36:31.072 GMT-0800,316.373,315.827,0.1,0.1
22.02.2021 06:36:31.172 GMT-0800,316.163,315.827,0.1,0.1
22.02.2021 06:36:31.223 GMT-0800,315.963,315.257,0.1,0.1
22.02.2021 06:36:31.273 GMT-0800,316.153,315.567,0.1,0.1
22.02.2021 06:36:31.464 GMT-0800,315.91200000000003,315.638,0.1,0.075
22.02.2021 06:36:31.614 GMT-0800,316.152,315.568,0.1,0.1
22.02.2021 06:36:31.670 GMT-0800,315.802,315.568,0.0008,0.1
22.02.2021 06:36:32.752 GMT-0800,315.83,315.798,0.0008,0.075
22.02.2021 06:36:32.802 GMT-0800,316.143,315.617,0.1,0.1
22.02.2021 06:36:32.902 GMT-0800,316.053,315.617,0.1,0.1
22.02.2021 06:36:34.840 GMT-0800,316.052,315.468,0.1,0.1
22.02.2021 06:36:35.205 GMT-0800,316.053,315.47700000000003,0.1,0.1
22.02.2021 06:36:36.735 GMT-0800,315.913,315.47700000000003,0.0008,0.1
22.02.2021 06:36:36.785 GMT-0800,316.053,315.577,0.1,0.1
22.02.2021 06:36:39.211 GMT-0800,316.053,315.59700000000004,0.1,0.1
22.02.2021 06:36:42.047 GMT-0800,316.053,315.607,0.1,0.0008
22.02.2021 06:36:42.664 GMT-0800,316.053,315.547,0.1,0.1
22.02.2021 06:36:43.896 GMT-0800,316.103,315.547,0.1,0.1
22.02.2021 06:36:44.558 GMT-0800,315.773,315.547,0.075,0.0008
22.02.2021 06:36:44.609 GMT-0800,315.762,315.328,0.1,0.1
22.02.2021 06:36:44.672 GMT-0800,315.763,315.317,0.1,0.1
22.02.2021 06:36:45.356 GMT-0800,315.762,315.438,0.1,0.075
22.02.2021 06:36:46.554 GMT-0800,315.762,315.488,0.1,0.0008
22.02.2021 06:36:48.276 GMT-0800,315.753,315.487,0.1,0.1
22.02.2021 06:36:48.327 GMT-0800,315.762,315.488,0.1,0.1
22.02.2021 06:36:52.581 GMT-0800,315.763,315.567,0.1,0.1
22.02.2021 06:36:53.135 GMT-0800,315.763,315.627,0.1,0.0008
22.02.2021 06:36:53.404 GMT-0800,315.762,315.568,0.1,0.1
22.02.2021 06:36:54.444 GMT-0800,315.762,315.488,0.1,0.1
22.02.2021 06:36:54.613 GMT-0800,315.822,315.488,0.1,0.1
22.02.2021 06:36:54.714 GMT-0800,315.922,315.488,0.1,0.1
22.02.2021 06:36:55.635 GMT-0800,315.91200000000003,315.488,0.0008,0.1
22.02.2021 06:36:55.860 GMT-0800,315.913,315.497,0.075,0.0008
22.02.2021 06:36:55.910 GMT-0800,316.262,315.498,0.1,0.1
22.02.2021 06:36:56.010 GMT-0800,316.263,315.487,0.1,0.1
22.02.2021 06:36:56.061 GMT-0800,316.262,315.638,0.1,0.1
22.02.2021 06:36:56.457 GMT-0800,316.262,315.688,0.1,0.0008
22.02.2021 06:36:56.645 GMT-0800,316.252,315.698,0.1,0.0008
22.02.2021 06:36:56.695 GMT-0800,316.253,315.487,0.1,0.1
22.02.2021 06:36:56.813 GMT-0800,316.253,315.497,0.1,0.0008
22.02.2021 06:36:57.146 GMT-0800,316.243,315.687,0.075,0.1
22.02.2021 06:36:59.252 GMT-0800,316.243,315.697,0.075,0.0008
22.02.2021 06:36:59.302 GMT-0800,316.253,315.53700000000003,0.1,0.1
22.02.2021 06:36:59.353 GMT-0800,316.252,315.708,0.1,0.1
22.02.2021 06:37:01.008 GMT-0800,315.943,315.707,0.0008,0.1
22.02.2021 06:37:01.108 GMT-0800,316.253,315.707,0.1,0.1
22.02.2021 06:37:01.185 GMT-0800,316.252,315.658,0.1,0.1
22.02.2021 06:37:02.405 GMT-0800,316.252,315.538,0.1,0.1
22.02.2021 06:37:02.479 GMT-0800,316.252,315.638,0.1,0.0008
22.02.2021 06:37:03.093 GMT-0800,315.993,315.637,0.075,0.1
22.02.2021 06:37:03.143 GMT-0800,315.992,315.488,0.1,0.1
22.02.2021 06:37:03.193 GMT-0800,315.97200000000004,315.488,0.1,0.1
22.02.2021 06:37:03.344 GMT-0800,315.993,315.487,0.1,0.1
22.02.2021 06:37:04.060 GMT-0800,315.982,315.488,0.075,0.1
22.02.2021 06:37:05.417 GMT-0800,315.903,315.487,0.0008,0.1
22.02.2021 06:37:05.469 GMT-0800,315.983,315.487,0.1,0.1
22.02.2021 06:37:05.642 GMT-0800,315.982,315.498,0.1,0.0008
22.02.2021 06:37:05.848 GMT-0800,315.983,315.487,0.1,0.1
22.02.2021 06:37:07.081 GMT-0800,316.152,315.488,0.1,0.1
22.02.2021 06:37:08.104 GMT-0800,316.153,315.637,0.1,0.0008
22.02.2021 06:37:09.867 GMT-0800,316.142,315.638,0.0008,0.1
22.02.2021 06:37:10.053 GMT-0800,316.143,315.587,0.1,0.1
22.02.2021 06:37:10.104 GMT-0800,316.16200000000003,315.748,0.1,0.1
22.02.2021 06:37:10.466 GMT-0800,316.16200000000003,315.758,0.1,0.0008
22.02.2021 06:37:11.408 GMT-0800,316.163,315.96700000000004,0.075,0.0008
22.02.2021 06:37:11.458 GMT-0800,316.733,315.71700000000004,0.1,0.1
22.02.2021 06:37:11.508 GMT-0800,316.59200000000004,315.758,0.1,0.1
22.02.2021 06:37:11.558 GMT-0800,316.59200000000004,315.718,0.1,0.1
22.02.2021 06:37:11.609 GMT-0800,316.593,315.757,0.1,0.1
22.02.2021 06:37:12.064 GMT-0800,316.492,315.758,0.0008,0.1
22.02.2021 06:37:12.165 GMT-0800,316.492,315.888,0.1,0.1
22.02.2021 06:37:12.266 GMT-0800,316.493,315.71700000000004,0.1,0.1
22.02.2021 06:37:12.316 GMT-0800,316.493,315.72700000000003,0.1,0.1
22.02.2021 06:37:12.509 GMT-0800,316.492,315.718,0.1,0.1
22.02.2021 06:37:12.559 GMT-0800,316.493,315.757,0.1,0.1
22.02.2021 06:37:12.958 GMT-0800,316.463,315.757,0.075,0.1
22.02.2021 06:37:13.390 GMT-0800,316.453,315.767,0.1,0.1
22.02.2021 06:37:13.440 GMT-0800,316.462,315.768,0.1,0.1
22.02.2021 06:37:13.722 GMT-0800,316.463,315.877,0.1,0.0008
22.02.2021 06:37:14.374 GMT-0800,316.452,315.878,0.1,0.1
22.02.2021 06:37:15.233 GMT-0800,316.453,316.027,0.1,0.075
22.02.2021 06:37:15.524 GMT-0800,316.443,315.96700000000004,0.1,0.1
22.02.2021 06:37:15.704 GMT-0800,316.493,315.96700000000004,0.1,0.1
22.02.2021 06:37:16.043 GMT-0800,316.492,315.878,0.1,0.1
22.02.2021 06:37:16.303 GMT-0800,316.482,315.878,0.1,0.1
22.02.2021 06:37:16.454 GMT-0800,316.483,315.957,0.1,0.1
22.02.2021 06:37:16.504 GMT-0800,316.483,315.877,0.1,0.1
22.02.2021 06:37:17.165 GMT-0800,316.47200000000004,316.148,0.0008,0.0008
22.02.2021 06:37:17.215 GMT-0800,316.47200000000004,315.878,0.1,0.1
22.02.2021 06:37:17.266 GMT-0800,316.543,315.877,0.1,0.1
22.02.2021 06:37:17.377 GMT-0800,316.54200000000003,315.908,0.1,0.1
22.02.2021 06:37:17.589 GMT-0800,316.54200000000003,315.958,0.1,0.075
22.02.2021 06:37:17.973 GMT-0800,316.502,315.908,0.1,0.1
22.02.2021 06:37:18.104 GMT-0800,316.502,315.958,0.1,0.0008
22.02.2021 06:37:18.154 GMT-0800,316.503,315.90700000000004,0.1,0.1
22.02.2021 06:37:18.424 GMT-0800,316.493,315.90700000000004,0.0008,0.1
22.02.2021 06:37:18.474 GMT-0800,316.502,315.908,0.1,0.1
22.02.2021 06:37:18.980 GMT-0800,316.493,315.90700000000004,0.0008,0.1
22.02.2021 06:37:19.754 GMT-0800,316.483,315.90700000000004,0.0008,0.1
22.02.2021 06:37:19.916 GMT-0800,316.492,315.958,0.1,0.1
22.02.2021 06:37:20.104 GMT-0800,316.34200000000004,315.958,0.075,0.1
22.02.2021 06:37:20.482 GMT-0800,316.353,315.957,0.1,0.1
22.02.2021 06:37:20.583 GMT-0800,316.35200000000003,315.978,0.1,0.1
22.02.2021 06:37:21.273 GMT-0800,316.492,316.038,0.1,0.1
22.02.2021 06:37:21.633 GMT-0800,316.482,316.038,0.075,0.1
22.02.2021 06:37:21.683 GMT-0800,316.493,316.03700000000003,0.1,0.1
22.02.2021 06:37:22.050 GMT-0800,316.493,316.047,0.075,0.0008
22.02.2021 06:37:22.100 GMT-0800,316.54200000000003,315.998,0.1,0.1
22.02.2021 06:37:22.414 GMT-0800,316.652,315.998,0.1,0.1
22.02.2021 06:37:22.955 GMT-0800,316.733,315.997,0.1,0.1
22.02.2021 06:37:23.467 GMT-0800,316.723,316.007,0.075,0.075
22.02.2021 06:37:23.518 GMT-0800,316.72200000000004,315.998,0.1,0.1
22.02.2021 06:37:23.705 GMT-0800,316.733,315.997,0.1,0.1
22.02.2021 06:37:24.214 GMT-0800,316.72200000000004,316.088,0.1,0.1
22.02.2021 06:37:24.319 GMT-0800,316.732,316.078,0.1,0.1
22.02.2021 06:37:24.442 GMT-0800,316.663,316.077,0.075,0.1
22.02.2021 06:37:24.492 GMT-0800,316.743,316.077,0.1,0.1
22.02.2021 06:37:24.568 GMT-0800,316.623,316.077,0.0008,0.1
22.02.2021 06:37:24.726 GMT-0800,316.613,316.077,0.075,0.1
22.02.2021 06:37:24.856 GMT-0800,316.613,316.087,0.1,0.075
22.02.2021 06:37:24.907 GMT-0800,316.613,316.077,0.1,0.1
22.02.2021 06:37:25.002 GMT-0800,316.522,316.078,0.0008,0.1
22.02.2021 06:37:25.052 GMT-0800,316.593,316.077,0.1,0.1
22.02.2021 06:37:25.152 GMT-0800,316.60200000000003,316.078,0.1,0.1
22.02.2021 06:37:25.599 GMT-0800,316.603,316.207,0.1,0.0008
22.02.2021 06:37:26.018 GMT-0800,316.652,316.078,0.1,0.1
22.02.2021 06:37:26.069 GMT-0800,316.742,316.298,0.1,0.1
22.02.2021 06:37:26.169 GMT-0800,317.213,316.447,0.1,0.1
22.02.2021 06:37:26.220 GMT-0800,316.882,316.078,0.1,0.1
22.02.2021 06:37:26.270 GMT-0800,316.882,316.138,0.1,0.1
22.02.2021 06:37:26.349 GMT-0800,317.213,316.137,0.1,0.1
22.02.2021 06:37:26.400 GMT-0800,316.883,316.137,0.1,0.1
22.02.2021 06:37:27.261 GMT-0800,316.833,316.237,0.0008,0.0008
22.02.2021 06:37:27.972 GMT-0800,316.832,316.138,0.1,0.1
22.02.2021 06:37:28.219 GMT-0800,316.832,316.248,0.1,0.1
22.02.2021 06:37:28.494 GMT-0800,316.832,316.498,0.1,0.1
22.02.2021 06:37:29.571 GMT-0800,316.832,316.548,0.1,0.0008
22.02.2021 06:37:29.682 GMT-0800,316.832,316.648,0.1,0.075
22.02.2021 06:37:29.732 GMT-0800,316.833,316.547,0.1,0.1
22.02.2021 06:37:30.143 GMT-0800,316.833,316.497,0.1,0.1
22.02.2021 06:37:30.478 GMT-0800,316.833,316.547,0.1,0.0008
22.02.2021 06:37:30.743 GMT-0800,316.833,316.497,0.1,0.1
22.02.2021 06:37:31.445 GMT-0800,316.882,316.498,0.1,0.1
22.02.2021 06:37:32.868 GMT-0800,316.883,316.617,0.1,0.1
22.02.2021 06:37:33.934 GMT-0800,316.942,316.618,0.1,0.1
22.02.2021 06:37:34.401 GMT-0800,316.942,316.738,0.1,0.0008
22.02.2021 06:37:34.502 GMT-0800,316.932,316.618,0.1,0.1
22.02.2021 06:37:35.330 GMT-0800,316.932,316.498,0.1,0.1
22.02.2021 06:37:35.446 GMT-0800,317.553,316.497,0.1,0.1
22.02.2021 06:37:35.803 GMT-0800,317.553,316.687,0.1,0.1
22.02.2021 06:37:36.479 GMT-0800,317.082,316.688,0.0008,0.1
22.02.2021 06:37:36.821 GMT-0800,317.082,316.498,0.1,0.1
22.02.2021 06:37:36.871 GMT-0800,317.082,316.708,0.1,0.1
22.02.2021 06:37:37.458 GMT-0800,317.082,316.768,0.1,0.0008
22.02.2021 06:37:39.883 GMT-0800,317.003,316.84700000000004,0.0008,0.0008
22.02.2021 06:37:39.934 GMT-0800,317.133,316.937,0.1,0.1
22.02.2021 06:37:40.034 GMT-0800,317.122,316.948,0.1,0.1
22.02.2021 06:37:40.135 GMT-0800,317.09200000000004,316.948,0.1,0.1
22.02.2021 06:37:41.477 GMT-0800,317.09200000000004,317.018,0.0008,0.075
22.02.2021 06:37:41.527 GMT-0800,317.233,317.017,0.1,0.1
22.02.2021 06:37:42.302 GMT-0800,317.233,317.15700000000004,0.1,0.0008
22.02.2021 06:37:42.867 GMT-0800,317.24,317.16700000000003,0.0008,0.075
22.02.2021 06:37:42.917 GMT-0800,317.402,317.168,0.1,0.1
22.02.2021 06:37:43.052 GMT-0800,317.403,317.307,0.1,0.075
22.02.2021 06:37:43.102 GMT-0800,317.383,316.78700000000003,0.1,0.1
22.02.2021 06:37:43.153 GMT-0800,317.353,316.78700000000003,0.1,0.1
22.02.2021 06:37:43.303 GMT-0800,317.34200000000004,316.788,0.1,0.1
22.02.2021 06:37:43.404 GMT-0800,317.343,317.047,0.1,0.1
22.02.2021 06:37:45.373 GMT-0800,317.343,317.03700000000003,0.1,0.1
22.02.2021 06:37:45.546 GMT-0800,317.34200000000004,317.048,0.1,0.1
22.02.2021 06:37:45.597 GMT-0800,317.34200000000004,317.038,0.1,0.1
22.02.2021 06:37:45.697 GMT-0800,317.252,316.788,0.1,0.1
22.02.2021 06:37:46.192 GMT-0800,317.393,316.927,0.1,0.1
22.02.2021 06:37:46.324 GMT-0800,317.393,317.127,0.1,0.075
22.02.2021 06:37:47.464 GMT-0800,317.393,317.137,0.1,0.1
22.02.2021 06:37:48.286 GMT-0800,317.392,317.128,0.1,0.1
22.02.2021 06:37:48.359 GMT-0800,317.393,317.137,0.1,0.075
22.02.2021 06:37:49.907 GMT-0800,317.393,316.927,0.1,0.1
22.02.2021 06:37:49.974 GMT-0800,317.382,316.938,0.1,0.1
22.02.2021 06:37:50.025 GMT-0800,317.382,316.928,0.1,0.1
22.02.2021 06:37:50.349 GMT-0800,317.293,316.927,0.0008,0.075
22.02.2021 06:37:50.400 GMT-0800,317.29200000000003,316.838,0.1,0.1
22.02.2021 06:37:50.560 GMT-0800,317.29200000000003,316.848,0.1,0.075
22.02.2021 06:37:50.611 GMT-0800,317.293,316.837,0.1,0.1
22.02.2021 06:37:51.377 GMT-0800,317.422,316.848,0.1,0.1
22.02.2021 06:37:51.595 GMT-0800,317.423,316.987,0.1,0.0008
22.02.2021 06:37:52.147 GMT-0800,317.353,316.987,0.0008,0.1
22.02.2021 06:37:52.311 GMT-0800,317.29200000000003,316.998,0.1,0.1
22.02.2021 06:37:52.361 GMT-0800,317.362,316.988,0.1,0.1
22.02.2021 06:37:52.411 GMT-0800,317.35200000000003,316.988,0.1,0.1
22.02.2021 06:37:56.264 GMT-0800,317.272,316.998,0.075,0.075
22.02.2021 06:37:56.315 GMT-0800,317.273,316.987,0.1,0.1
22.02.2021 06:37:57.012 GMT-0800,317.34200000000004,316.848,0.1,0.0008
22.02.2021 06:37:57.112 GMT-0800,317.34200000000004,316.838,0.1,0.1
22.02.2021 06:37:57.756 GMT-0800,317.343,316.84700000000004,0.1,0.0008
22.02.2021 06:37:57.912 GMT-0800,317.34200000000004,316.838,0.1,0.1
22.02.2021 06:37:58.133 GMT-0800,317.242,316.838,0.0008,0.1
22.02.2021 06:37:58.183 GMT-0800,317.313,316.837,0.1,0.1
22.02.2021 06:37:58.236 GMT-0800,317.312,317.038,0.1,0.1
22.02.2021 06:37:58.286 GMT-0800,317.313,316.837,0.1,0.1
22.02.2021 06:37:58.972 GMT-0800,317.312,316.848,0.1,0.075
22.02.2021 06:37:59.190 GMT-0800,317.312,316.838,0.1,0.1
22.02.2021 06:37:59.302 GMT-0800,317.272,316.838,0.075,0.1
22.02.2021 06:38:00.404 GMT-0800,317.272,316.848,0.1,0.1
22.02.2021 06:38:00.454 GMT-0800,317.272,316.838,0.1,0.1
22.02.2021 06:38:00.669 GMT-0800,317.163,316.837,0.1,0.1
22.02.2021 06:38:00.719 GMT-0800,317.262,316.758,0.1,0.1
22.02.2021 06:38:00.963 GMT-0800,317.272,316.758,0.1,0.1
22.02.2021 06:38:01.014 GMT-0800,317.22200000000004,316.758,0.1,0.1
22.02.2021 06:38:04.105 GMT-0800,317.22200000000004,316.768,0.1,0.0008
22.02.2021 06:38:04.206 GMT-0800,317.22200000000004,316.758,0.1,0.1
22.02.2021 06:38:04.791 GMT-0800,317.22200000000004,316.768,0.1,0.0008
22.02.2021 06:38:04.841 GMT-0800,317.223,316.757,0.1,0.1
22.02.2021 06:38:05.340 GMT-0800,317.223,316.767,0.075,0.0008
22.02.2021 06:38:05.391 GMT-0800,317.273,316.767,0.1,0.1
22.02.2021 06:38:05.493 GMT-0800,317.272,316.758,0.1,0.1
22.02.2021 06:38:06.313 GMT-0800,317.203,316.757,0.0008,0.1
22.02.2021 06:38:07.073 GMT-0800,317.202,316.768,0.1,0.1
22.02.2021 06:38:07.473 GMT-0800,317.203,316.757,0.1,0.1
22.02.2021 06:38:07.737 GMT-0800,317.202,316.658,0.1,0.1
22.02.2021 06:38:07.802 GMT-0800,317.322,316.658,0.1,0.1
22.02.2021 06:38:07.852 GMT-0800,317.202,316.658,0.1,0.1
22.02.2021 06:38:08.689 GMT-0800,317.203,316.66700000000003,0.1,0.0008
22.02.2021 06:38:08.965 GMT-0800,317.202,316.658,0.1,0.1
22.02.2021 06:38:10.007 GMT-0800,317.213,316.65700000000004,0.1,0.1
22.02.2021 06:38:10.127 GMT-0800,316.953,316.65700000000004,0.075,0.1
22.02.2021 06:38:10.278 GMT-0800,316.882,316.658,0.1,0.1
22.02.2021 06:38:11.099 GMT-0800,316.873,316.65700000000004,0.075,0.1
22.02.2021 06:38:11.856 GMT-0800,316.882,316.658,0.1,0.1
22.02.2021 06:38:13.733 GMT-0800,316.803,316.65700000000004,0.0008,0.1
22.02.2021 06:38:13.783 GMT-0800,317.022,316.658,0.1,0.1
22.02.2021 06:38:13.960 GMT-0800,316.953,316.65700000000004,0.1,0.1
22.02.2021 06:38:14.614 GMT-0800,316.942,316.658,0.1,0.1
22.02.2021 06:38:14.787 GMT-0800,316.952,316.658,0.1,0.1
22.02.2021 06:38:15.375 GMT-0800,316.943,316.65700000000004,0.0008,0.1
22.02.2021 06:38:15.526 GMT-0800,316.953,316.65700000000004,0.1,0.1
22.02.2021 06:38:15.841 GMT-0800,316.853,316.65700000000004,0.075,0.1
22.02.2021 06:38:16.412 GMT-0800,316.762,316.612,0.0008,0.075
22.02.2021 06:38:16.463 GMT-0800,316.85200000000003,316.178,0.1,0.1
22.02.2021 06:38:17.142 GMT-0800,316.853,316.187,0.1,0.0008
22.02.2021 06:38:17.193 GMT-0800,316.85200000000003,316.178,0.1,0.1
22.02.2021 06:38:18.254 GMT-0800,316.742,316.178,0.075,0.1
22.02.2021 06:38:18.989 GMT-0800,316.732,316.178,0.1,0.1
22.02.2021 06:38:19.685 GMT-0800,316.733,316.187,0.1,0.1
22.02.2021 06:38:19.867 GMT-0800,316.733,316.177,0.1,0.1
22.02.2021 06:38:21.552 GMT-0800,316.733,316.187,0.1,0.075
22.02.2021 06:38:21.653 GMT-0800,316.733,316.177,0.1,0.1
22.02.2021 06:38:21.848 GMT-0800,316.902,316.178,0.1,0.1
22.02.2021 06:38:21.899 GMT-0800,316.79200000000003,316.178,0.1,0.1
22.02.2021 06:38:23.051 GMT-0800,316.79200000000003,316.188,0.1,0.1
22.02.2021 06:38:23.385 GMT-0800,316.79200000000003,316.178,0.1,0.1
22.02.2021 06:38:23.974 GMT-0800,316.79200000000003,316.188,0.1,0.075
22.02.2021 06:38:24.246 GMT-0800,316.793,316.177,0.1,0.1
22.02.2021 06:38:26.047 GMT-0800,316.902,316.178,0.1,0.1
22.02.2021 06:38:27.068 GMT-0800,316.892,316.558,0.0008,0.0008
22.02.2021 06:38:27.118 GMT-0800,316.903,316.257,0.1,0.1
22.02.2021 06:38:27.719 GMT-0800,316.902,316.418,0.1,0.075
22.02.2021 06:38:28.487 GMT-0800,317.213,316.617,0.1,0.1
22.02.2021 06:38:28.587 GMT-0800,317.203,316.257,0.1,0.1
22.02.2021 06:38:30.428 GMT-0800,317.033,316.257,0.075,0.1
22.02.2021 06:38:30.711 GMT-0800,317.033,316.267,0.1,0.075
22.02.2021 06:38:30.762 GMT-0800,317.03200000000004,316.258,0.1,0.1
22.02.2021 06:38:31.525 GMT-0800,317.03200000000004,316.268,0.1,0.075
22.02.2021 06:38:31.575 GMT-0800,317.103,316.257,0.1,0.1
22.02.2021 06:38:31.684 GMT-0800,317.033,316.257,0.0008,0.1
22.02.2021 06:38:31.887 GMT-0800,317.10200000000003,316.258,0.1,0.1
22.02.2021 06:38:32.527 GMT-0800,317.04200000000003,316.258,0.075,0.1
22.02.2021 06:38:33.603 GMT-0800,317.103,316.257,0.1,0.1
22.02.2021 06:38:33.720 GMT-0800,317.012,316.258,0.1,0.1
22.02.2021 06:38:33.828 GMT-0800,317.012,316.268,0.1,0.1
22.02.2021 06:38:33.966 GMT-0800,317.013,316.257,0.1,0.1
22.02.2021 06:38:34.865 GMT-0800,317.013,316.267,0.1,0.0008
22.02.2021 06:38:34.915 GMT-0800,317.012,316.258,0.1,0.1
22.02.2021 06:38:35.264 GMT-0800,317.012,316.328,0.1,0.1
22.02.2021 06:38:35.665 GMT-0800,317.013,316.337,0.1,0.1
22.02.2021 06:38:35.715 GMT-0800,317.013,316.327,0.1,0.1
22.02.2021 06:38:36.189 GMT-0800,317.013,316.337,0.1,0.0008
22.02.2021 06:38:36.240 GMT-0800,317.013,316.327,0.1,0.1
22.02.2021 06:38:38.816 GMT-0800,317.013,316.337,0.1,0.1
22.02.2021 06:38:38.875 GMT-0800,317.012,316.328,0.1,0.1
22.02.2021 06:38:39.297 GMT-0800,317.013,316.497,0.1,0.1
22.02.2021 06:38:40.635 GMT-0800,317.012,316.508,0.1,0.0008
22.02.2021 06:38:40.793 GMT-0800,317.012,316.498,0.1,0.1
22.02.2021 06:38:40.844 GMT-0800,316.943,316.66700000000003,0.1,0.1
22.02.2021 06:38:40.894 GMT-0800,316.942,316.498,0.1,0.1
22.02.2021 06:38:41.112 GMT-0800,316.932,316.498,0.0008,0.1
22.02.2021 06:38:41.163 GMT-0800,316.942,316.498,0.1,0.1
22.02.2021 06:38:42.093 GMT-0800,316.942,316.508,0.1,0.0008
22.02.2021 06:38:42.322 GMT-0800,316.943,316.497,0.1,0.1
22.02.2021 06:38:42.918 GMT-0800,316.942,316.508,0.1,0.075
22.02.2021 06:38:43.029 GMT-0800,316.872,316.508,0.075,0.1
22.02.2021 06:38:43.130 GMT-0800,316.863,316.327,0.1,0.1
22.02.2021 06:38:43.526 GMT-0800,316.863,316.567,0.1,0.075
22.02.2021 06:38:44.418 GMT-0800,316.863,316.827,0.075,0.0008
22.02.2021 06:38:44.468 GMT-0800,317.113,316.637,0.1,0.1
22.02.2021 06:38:44.569 GMT-0800,317.453,316.797,0.1,0.1
22.02.2021 06:38:44.635 GMT-0800,317.653,316.797,0.1,0.1
22.02.2021 06:38:45.508 GMT-0800,317.653,316.617,0.1,0.1
22.02.2021 06:38:46.514 GMT-0800,317.393,316.617,0.0008,0.1
22.02.2021 06:38:47.089 GMT-0800,317.382,316.628,0.0008,0.0008
22.02.2021 06:38:47.140 GMT-0800,317.393,316.617,0.1,0.1
22.02.2021 06:38:47.672 GMT-0800,317.383,316.627,0.0008,0.0008
22.02.2021 06:38:47.722 GMT-0800,317.392,316.618,0.1,0.1
22.02.2021 06:38:48.144 GMT-0800,317.392,316.688,0.1,0.0008
22.02.2021 06:38:48.715 GMT-0800,317.043,316.697,0.0008,0.0008
22.02.2021 06:38:48.765 GMT-0800,317.293,316.697,0.1,0.1
22.02.2021 06:38:48.824 GMT-0800,317.29200000000003,316.688,0.1,0.1
22.02.2021 06:38:50.346 GMT-0800,317.283,316.697,0.0008,0.0008
22.02.2021 06:38:50.446 GMT-0800,317.28200000000004,316.688,0.1,0.1
22.02.2021 06:38:52.185 GMT-0800,317.29200000000003,316.688,0.1,0.1
22.02.2021 06:38:52.318 GMT-0800,317.283,316.697,0.075,0.075
22.02.2021 06:38:52.418 GMT-0800,317.283,316.687,0.1,0.1
22.02.2021 06:38:52.633 GMT-0800,317.293,316.687,0.1,0.1
22.02.2021 06:38:54.928 GMT-0800,317.293,316.947,0.1,0.0008
22.02.2021 06:38:55.502 GMT-0800,317.28200000000004,316.948,0.075,0.1
22.02.2021 06:38:55.602 GMT-0800,317.29200000000003,316.948,0.1,0.1
22.02.2021 06:38:56.349 GMT-0800,317.28200000000004,316.948,0.075,0.1
22.02.2021 06:38:56.547 GMT-0800,317.202,316.948,0.0008,0.1
22.02.2021 06:38:56.862 GMT-0800,317.28200000000004,316.948,0.1,0.1
22.02.2021 06:38:57.702 GMT-0800,317.28200000000004,317.038,0.075,0.0008
22.02.2021 06:38:57.752 GMT-0800,317.383,316.947,0.1,0.1
22.02.2021 06:38:58.252 GMT-0800,317.372,316.948,0.075,0.1
22.02.2021 06:38:58.788 GMT-0800,317.392,316.948,0.1,0.1
22.02.2021 06:38:59.043 GMT-0800,317.203,316.947,0.1,0.1
22.02.2021 06:39:00.111 GMT-0800,317.083,316.947,0.0008,0.1
22.02.2021 06:39:00.161 GMT-0800,317.212,316.948,0.1,0.1
22.02.2021 06:39:00.317 GMT-0800,317.202,316.698,0.1,0.0008
22.02.2021 06:39:01.158 GMT-0800,317.062,316.688,0.0008,0.1
22.02.2021 06:39:01.208 GMT-0800,316.913,316.357,0.1,0.1
22.02.2021 06:39:01.557 GMT-0800,316.913,316.327,0.1,0.1
22.02.2021 06:39:02.541 GMT-0800,316.91200000000003,316.338,0.1,0.1
22.02.2021 06:39:02.798 GMT-0800,316.91200000000003,316.328,0.1,0.1
22.02.2021 06:39:03.161 GMT-0800,316.913,316.337,0.1,0.0008
22.02.2021 06:39:05.095 GMT-0800,316.892,316.338,0.0008,0.1
22.02.2021 06:39:05.266 GMT-0800,316.893,316.34700000000004,0.1,0.0008
22.02.2021 06:39:05.533 GMT-0800,316.893,316.337,0.1,0.1
22.02.2021 06:39:05.634 GMT-0800,316.893,316.547,0.1,0.0008
22.02.2021 06:39:05.684 GMT-0800,316.892,316.188,0.1,0.1
22.02.2021 06:39:05.873 GMT-0800,316.843,316.187,0.075,0.1
22.02.2021 06:39:06.247 GMT-0800,316.762,316.188,0.075,0.1
22.02.2021 06:39:06.347 GMT-0800,317.062,316.188,0.1,0.1
22.02.2021 06:39:06.410 GMT-0800,316.823,316.187,0.075,0.1
22.02.2021 06:39:06.682 GMT-0800,316.752,316.188,0.0008,0.1
22.02.2021 06:39:06.732 GMT-0800,316.763,316.177,0.1,0.1
22.02.2021 06:39:07.063 GMT-0800,316.733,316.177,0.0008,0.1
22.02.2021 06:39:07.634 GMT-0800,316.653,316.177,0.1,0.1
22.02.2021 06:39:08.061 GMT-0800,316.642,316.178,0.075,0.1
22.02.2021 06:39:09.064 GMT-0800,316.632,316.178,0.1,0.1
22.02.2021 06:39:10.312 GMT-0800,316.622,316.178,0.0008,0.1
22.02.2021 06:39:14.757 GMT-0800,316.622,316.188,0.1,0.1
22.02.2021 06:39:14.807 GMT-0800,316.623,316.177,0.1,0.1
22.02.2021 06:39:15.138 GMT-0800,316.622,316.54,0.0008,0.075
22.02.2021 06:39:15.189 GMT-0800,316.743,316.317,0.1,0.1
22.02.2021 06:39:16.605 GMT-0800,316.743,316.177,0.1,0.1
22.02.2021 06:39:17.062 GMT-0800,316.72200000000004,316.178,0.0008,0.1
22.02.2021 06:39:17.112 GMT-0800,316.743,316.177,0.1,0.1
22.02.2021 06:39:17.162 GMT-0800,316.712,316.178,0.1,0.1
22.02.2021 06:39:17.213 GMT-0800,316.742,316.178,0.1,0.1
22.02.2021 06:39:17.263 GMT-0800,316.712,316.178,0.1,0.1
22.02.2021 06:39:17.408 GMT-0800,316.702,316.178,0.0008,0.1
22.02.2021 06:39:17.459 GMT-0800,316.712,316.178,0.1,0.1
22.02.2021 06:39:17.620 GMT-0800,316.712,316.188,0.1,0.0008
22.02.2021 06:39:17.899 GMT-0800,316.712,316.178,0.1,0.1
22.02.2021 06:39:18.538 GMT-0800,316.692,316.178,0.075,0.1
22.02.2021 06:39:18.639 GMT-0800,316.683,316.177,0.1,0.1
22.02.2021 06:39:18.814 GMT-0800,316.53200000000004,316.178,0.075,0.1
22.02.2021 06:39:19.775 GMT-0800,316.59200000000004,316.178,0.1,0.1
22.02.2021 06:39:20.106 GMT-0800,316.703,316.177,0.1,0.1
22.02.2021 06:39:20.661 GMT-0800,316.692,316.178,0.0008,0.1
22.02.2021 06:39:20.873 GMT-0800,316.702,316.178,0.1,0.1
22.02.2021 06:39:22.179 GMT-0800,316.60200000000003,316.178,0.0008,0.1
22.02.2021 06:39:23.231 GMT-0800,316.693,316.177,0.1,0.1
22.02.2021 06:39:23.610 GMT-0800,316.703,316.177,0.1,0.1
22.02.2021 06:39:24.175 GMT-0800,316.702,316.468,0.1,0.075
22.02.2021 06:39:24.226 GMT-0800,316.742,316.228,0.1,0.1
22.02.2021 06:39:27.533 GMT-0800,316.742,316.238,0.1,0.075
22.02.2021 06:39:28.061 GMT-0800,317.03200000000004,316.228,0.1,0.1
22.02.2021 06:39:28.227 GMT-0800,316.883,316.22700000000003,0.0008,0.1
22.02.2021 06:39:28.436 GMT-0800,316.783,316.22700000000003,0.1,0.1
22.02.2021 06:39:29.941 GMT-0800,316.883,316.22700000000003,0.1,0.1
22.02.2021 06:39:31.094 GMT-0800,316.873,316.237,0.0008,0.0008
22.02.2021 06:39:31.198 GMT-0800,316.882,316.238,0.1,0.1
22.02.2021 06:39:31.587 GMT-0800,316.883,316.337,0.1,0.0008
22.02.2021 06:39:31.728 GMT-0800,316.873,316.34700000000004,0.0008,0.0008
22.02.2021 06:39:31.829 GMT-0800,316.882,316.348,0.1,0.1
22.02.2021 06:39:32.528 GMT-0800,316.883,316.22700000000003,0.1,0.1
22.02.2021 06:39:32.956 GMT-0800,316.652,316.228,0.0008,0.1
22.02.2021 06:39:33.006 GMT-0800,316.883,316.277,0.1,0.1
22.02.2021 06:39:33.056 GMT-0800,316.883,316.327,0.1,0.1
22.02.2021 06:39:35.265 GMT-0800,316.883,316.277,0.1,0.1
22.02.2021 06:39:35.337 GMT-0800,316.872,316.288,0.0008,0.0008
22.02.2021 06:39:35.644 GMT-0800,316.882,316.278,0.1,0.1
22.02.2021 06:39:37.073 GMT-0800,316.872,316.288,0.075,0.075
22.02.2021 06:39:37.124 GMT-0800,316.882,316.278,0.1,0.1
22.02.2021 06:39:38.126 GMT-0800,316.873,316.28700000000003,0.0008,0.0008
22.02.2021 06:39:38.177 GMT-0800,316.882,316.278,0.1,0.1
22.02.2021 06:39:40.005 GMT-0800,316.872,316.288,0.075,0.075
22.02.2021 06:39:40.152 GMT-0800,316.873,316.34700000000004,0.075,0.1
22.02.2021 06:39:40.202 GMT-0800,316.883,316.34700000000004,0.1,0.1
22.02.2021 06:39:40.697 GMT-0800,316.883,316.497,0.1,0.075
22.02.2021 06:39:41.423 GMT-0800,316.883,316.34700000000004,0.1,0.1
22.02.2021 06:39:41.474 GMT-0800,316.802,316.348,0.1,0.1
22.02.2021 06:39:43.821 GMT-0800,316.882,316.348,0.1,0.1
22.02.2021 06:39:43.939 GMT-0800,316.732,316.348,0.1,0.1
22.02.2021 06:39:44.082 GMT-0800,316.883,316.34700000000004,0.1,0.1
22.02.2021 06:39:44.146 GMT-0800,316.783,316.34700000000004,0.075,0.1
22.02.2021 06:39:44.408 GMT-0800,316.883,316.34700000000004,0.1,0.1
22.02.2021 06:39:44.458 GMT-0800,316.783,316.34700000000004,0.1,0.1
22.02.2021 06:39:45.176 GMT-0800,316.882,316.348,0.1,0.1
22.02.2021 06:39:45.226 GMT-0800,316.702,316.188,0.1,0.1
22.02.2021 06:39:45.379 GMT-0800,316.703,316.177,0.1,0.1
22.02.2021 06:39:45.447 GMT-0800,316.543,316.177,0.0008,0.1
22.02.2021 06:39:45.498 GMT-0800,316.693,316.177,0.1,0.1
22.02.2021 06:39:45.718 GMT-0800,316.642,316.178,0.0008,0.1
22.02.2021 06:39:48.099 GMT-0800,316.713,316.177,0.1,0.1
22.02.2021 06:39:48.149 GMT-0800,316.622,316.178,0.1,0.1
22.02.2021 06:39:48.389 GMT-0800,316.712,316.178,0.1,0.1
22.02.2021 06:39:48.829 GMT-0800,316.702,316.178,0.075,0.1
22.02.2021 06:39:48.930 GMT-0800,316.712,316.178,0.1,0.1
22.02.2021 06:39:50.037 GMT-0800,316.562,316.178,0.075,0.1
22.02.2021 06:39:52.654 GMT-0800,316.423,316.177,0.0008,0.1
22.02.2021 06:39:54.924 GMT-0800,316.862,316.418,0.1,0.1
22.02.2021 06:39:55.111 GMT-0800,316.863,316.187,0.0008,0.1
22.02.2021 06:39:55.161 GMT-0800,316.763,316.187,0.1,0.1
22.02.2021 06:39:55.439 GMT-0800,316.762,316.328,0.1,0.075
22.02.2021 06:39:55.490 GMT-0800,317.033,316.327,0.1,0.1
22.02.2021 06:39:55.594 GMT-0800,317.04200000000003,316.328,0.1,0.075
22.02.2021 06:39:55.694 GMT-0800,317.043,316.34700000000004,0.1,0.1
22.02.2021 06:39:56.649 GMT-0800,316.783,316.34700000000004,0.075,0.0008
22.02.2021 06:39:56.699 GMT-0800,316.783,316.177,0.1,0.1
22.02.2021 06:39:56.800 GMT-0800,316.78200000000004,316.188,0.1,0.1
22.02.2021 06:39:56.938 GMT-0800,316.78200000000004,316.258,0.1,0.1
22.02.2021 06:39:57.916 GMT-0800,316.783,316.267,0.1,0.1
22.02.2021 06:39:57.966 GMT-0800,316.783,316.257,0.1,0.1
22.02.2021 06:39:58.088 GMT-0800,317.002,316.258,0.1,0.1
22.02.2021 06:39:58.148 GMT-0800,316.913,316.257,0.1,0.1
22.02.2021 06:39:58.585 GMT-0800,316.723,316.257,0.075,0.1
22.02.2021 06:39:58.635 GMT-0800,316.713,316.177,0.1,0.1
22.02.2021 06:39:59.119 GMT-0800,316.712,316.188,0.1,0.075
22.02.2021 06:39:59.219 GMT-0800,316.713,316.177,0.1,0.1
22.02.2021 06:39:59.430 GMT-0800,317.002,316.178,0.1,0.1
22.02.2021 06:40:00.260 GMT-0800,316.992,316.188,0.0008,0.0008
22.02.2021 06:40:00.310 GMT-0800,316.992,316.178,0.1,0.1
22.02.2021 06:40:00.595 GMT-0800,316.992,316.238,0.1,0.1
22.02.2021 06:40:00.708 GMT-0800,316.623,316.237,0.0008,0.1
22.02.2021 06:40:00.759 GMT-0800,317.002,316.238,0.1,0.1
22.02.2021 06:40:01.059 GMT-0800,316.862,316.238,0.0008,0.1
22.02.2021 06:40:01.169 GMT-0800,316.853,316.237,0.075,0.1
22.02.2021 06:40:01.590 GMT-0800,316.853,316.28700000000003,0.1,0.0008
22.02.2021 06:40:03.004 GMT-0800,316.84200000000004,316.288,0.0008,0.1
22.02.2021 06:40:04.194 GMT-0800,316.832,316.288,0.075,0.1
22.02.2021 06:40:06.340 GMT-0800,316.862,316.288,0.1,0.1
22.02.2021 06:40:07.271 GMT-0800,316.862,316.238,0.1,0.1
22.02.2021 06:40:08.696 GMT-0800,316.853,316.247,0.0008,0.0008
22.02.2021 06:40:08.746 GMT-0800,316.863,316.237,0.1,0.1
22.02.2021 06:40:09.225 GMT-0800,316.762,316.238,0.0008,0.1
22.02.2021 06:40:09.275 GMT-0800,316.762,316.178,0.1,0.1
22.02.2021 06:40:09.621 GMT-0800,316.702,316.178,0.1,0.1
22.02.2021 06:40:10.298 GMT-0800,316.593,316.177,0.0008,0.1
22.02.2021 06:40:10.399 GMT-0800,316.753,316.177,0.1,0.1
22.02.2021 06:40:12.656 GMT-0800,316.742,316.178,0.0008,0.1
22.02.2021 06:40:12.707 GMT-0800,316.752,316.178,0.1,0.1
22.02.2021 06:40:13.660 GMT-0800,316.742,316.178,0.0008,0.1
22.02.2021 06:40:13.912 GMT-0800,316.753,316.177,0.1,0.1
22.02.2021 06:40:14.451 GMT-0800,316.752,316.188,0.1,0.075
22.02.2021 06:40:14.602 GMT-0800,316.632,316.178,0.1,0.1
22.02.2021 06:40:15.715 GMT-0800,316.623,316.177,0.0008,0.1
22.02.2021 06:40:15.890 GMT-0800,316.633,316.177,0.1,0.1
22.02.2021 06:40:16.116 GMT-0800,316.402,316.248,0.1,0.1
22.02.2021 06:40:16.166 GMT-0800,316.502,316.178,0.1,0.1
22.02.2021 06:40:16.217 GMT-0800,316.753,316.177,0.1,0.1
22.02.2021 06:40:17.724 GMT-0800,316.743,316.177,0.1,0.1
22.02.2021 06:40:17.774 GMT-0800,316.752,316.178,0.1,0.1
22.02.2021 06:40:18.075 GMT-0800,316.53200000000004,316.178,0.1,0.1
22.02.2021 06:40:19.681 GMT-0800,316.41200000000003,316.178,0.0008,0.1
22.02.2021 06:40:19.731 GMT-0800,316.533,316.177,0.1,0.1
22.02.2021 06:40:20.738 GMT-0800,316.522,316.178,0.0008,0.1
22.02.2021 06:40:20.839 GMT-0800,316.53200000000004,316.178,0.1,0.1
22.02.2021 06:40:21.072 GMT-0800,316.682,316.178,0.1,0.1
22.02.2021 06:40:23.213 GMT-0800,316.673,316.177,0.075,0.1
22.02.2021 06:40:23.380 GMT-0800,316.682,316.178,0.1,0.1
22.02.2021 06:40:24.074 GMT-0800,316.623,316.177,0.1,0.1
22.02.2021 06:40:24.201 GMT-0800,316.54200000000003,316.178,0.1,0.1
22.02.2021 06:40:24.863 GMT-0800,316.54200000000003,316.218,0.1,0.075
22.02.2021 06:40:25.879 GMT-0800,316.54200000000003,316.178,0.1,0.1
22.02.2021 06:40:26.097 GMT-0800,316.343,316.177,0.1,0.1
22.02.2021 06:40:26.148 GMT-0800,316.473,315.797,0.1,0.1
22.02.2021 06:40:26.500 GMT-0800,316.483,316.057,0.1,0.075
22.02.2021 06:40:26.936 GMT-0800,316.483,315.807,0.1,0.1
22.02.2021 06:40:27.122 GMT-0800,316.482,315.798,0.1,0.1
22.02.2021 06:40:27.560 GMT-0800,316.272,315.798,0.1,0.1
22.02.2021 06:40:28.200 GMT-0800,316.113,315.507,0.1,0.1
22.02.2021 06:40:28.254 GMT-0800,316.112,315.728,0.1,0.0008
22.02.2021 06:40:29.086 GMT-0800,316.122,315.728,0.1,0.1
22.02.2021 06:40:29.476 GMT-0800,316.112,315.728,0.0008,0.1
22.02.2021 06:40:29.576 GMT-0800,316.123,315.72700000000003,0.1,0.1
22.02.2021 06:40:30.058 GMT-0800,316.123,315.90700000000004,0.0008,0.075
22.02.2021 06:40:30.108 GMT-0800,316.263,315.72700000000003,0.1,0.1
22.02.2021 06:40:32.123 GMT-0800,316.253,315.72700000000003,0.0008,0.1
22.02.2021 06:40:32.365 GMT-0800,316.263,315.72700000000003,0.1,0.1
22.02.2021 06:40:33.440 GMT-0800,316.252,315.728,0.1,0.1
22.02.2021 06:40:33.693 GMT-0800,316.263,315.72700000000003,0.1,0.1
22.02.2021 06:40:33.743 GMT-0800,316.262,315.778,0.1,0.1
22.02.2021 06:40:34.067 GMT-0800,316.263,315.987,0.075,0.0008
22.02.2021 06:40:34.118 GMT-0800,316.35200000000003,315.788,0.1,0.1
22.02.2021 06:40:34.179 GMT-0800,316.353,315.947,0.1,0.1
22.02.2021 06:40:34.618 GMT-0800,316.34200000000004,315.948,0.0008,0.1
22.02.2021 06:40:34.837 GMT-0800,316.35200000000003,315.948,0.1,0.1
22.02.2021 06:40:34.975 GMT-0800,316.353,315.707,0.1,0.1
22.02.2021 06:40:35.250 GMT-0800,316.573,316.147,0.1,0.1
22.02.2021 06:40:35.300 GMT-0800,316.672,315.698,0.1,0.1
22.02.2021 06:40:35.361 GMT-0800,316.742,315.698,0.1,0.1
22.02.2021 06:40:37.120 GMT-0800,317.033,315.697,0.1,0.1
22.02.2021 06:40:37.271 GMT-0800,316.59200000000004,315.698,0.075,0.1
22.02.2021 06:40:38.647 GMT-0800,316.743,315.697,0.1,0.1
22.02.2021 06:40:38.731 GMT-0800,316.54200000000003,315.698,0.075,0.1
22.02.2021 06:40:39.294 GMT-0800,316.543,315.707,0.1,0.0008
22.02.2021 06:40:39.722 GMT-0800,316.543,316.057,0.1,0.1
22.02.2021 06:40:39.854 GMT-0800,316.53200000000004,315.778,0.1,0.1
22.02.2021 06:40:40.004 GMT-0800,316.35200000000003,315.778,0.075,0.0008
22.02.2021 06:40:40.054 GMT-0800,316.353,315.697,0.1,0.1
22.02.2021 06:40:40.105 GMT-0800,316.353,315.797,0.1,0.1
22.02.2021 06:40:40.444 GMT-0800,316.35200000000003,315.858,0.1,0.075
22.02.2021 06:40:40.560 GMT-0800,316.35200000000003,315.868,0.1,0.075
22.02.2021 06:40:40.610 GMT-0800,316.353,315.857,0.1,0.1
22.02.2021 06:40:40.661 GMT-0800,316.353,315.877,0.1,0.1
22.02.2021 06:40:40.809 GMT-0800,316.35200000000003,315.898,0.1,0.1
22.02.2021 06:40:40.910 GMT-0800,316.35200000000003,315.918,0.1,0.1
22.02.2021 06:40:42.586 GMT-0800,316.353,315.957,0.1,0.075
22.02.2021 06:40:45.091 GMT-0800,316.432,315.958,0.1,0.1
22.02.2021 06:40:45.680 GMT-0800,316.433,315.697,0.1,0.1
22.02.2021 06:40:45.730 GMT-0800,316.432,315.888,0.1,0.1
22.02.2021 06:40:46.863 GMT-0800,316.393,315.887,0.1,0.1
22.02.2021 06:40:46.914 GMT-0800,316.652,315.698,0.1,0.1
22.02.2021 06:40:46.990 GMT-0800,316.60200000000003,315.698,0.075,0.1
22.02.2021 06:40:48.874 GMT-0800,316.562,315.698,0.075,0.1
22.02.2021 06:40:50.397 GMT-0800,316.552,315.708,0.075,0.075
22.02.2021 06:40:50.837 GMT-0800,316.513,315.707,0.0008,0.075
22.02.2021 06:40:50.887 GMT-0800,316.512,315.698,0.1,0.1
22.02.2021 06:40:51.976 GMT-0800,316.563,315.697,0.1,0.1
22.02.2021 06:40:54.760 GMT-0800,316.552,315.708,0.1,0.1
22.02.2021 06:40:54.928 GMT-0800,316.603,315.707,0.1,0.1
22.02.2021 06:40:55.776 GMT-0800,316.693,315.707,0.1,0.1
22.02.2021 06:40:56.109 GMT-0800,316.692,316.108,0.1,0.1
22.02.2021 06:40:56.924 GMT-0800,316.553,316.107,0.075,0.1
22.02.2021 06:40:57.327 GMT-0800,316.252,315.698,0.1,0.1
22.02.2021 06:40:57.377 GMT-0800,316.132,315.708,0.1,0.1
22.02.2021 06:40:57.522 GMT-0800,316.122,315.708,0.075,0.1
22.02.2021 06:40:57.573 GMT-0800,316.553,315.817,0.1,0.1
22.02.2021 06:40:57.624 GMT-0800,316.482,315.488,0.075,0.1
22.02.2021 06:40:57.676 GMT-0800,316.132,315.488,0.1,0.1
22.02.2021 06:40:57.727 GMT-0800,316.163,315.487,0.1,0.1
22.02.2021 06:40:57.778 GMT-0800,316.552,315.608,0.1,0.1
22.02.2021 06:40:57.828 GMT-0800,316.322,315.608,0.1,0.1
22.02.2021 06:40:57.966 GMT-0800,316.283,315.487,0.1,0.1
22.02.2021 06:40:58.067 GMT-0800,316.112,315.488,0.1,0.1
22.02.2021 06:40:58.468 GMT-0800,316.172,315.488,0.1,0.1
22.02.2021 06:40:58.894 GMT-0800,316.433,315.487,0.1,0.1
22.02.2021 06:40:58.944 GMT-0800,316.002,315.488,0.1,0.1
22.02.2021 06:40:59.518 GMT-0800,316.433,315.487,0.1,0.1
22.02.2021 06:40:59.940 GMT-0800,316.10200000000003,315.488,0.0008,0.1
22.02.2021 06:41:00.123 GMT-0800,316.013,315.487,0.1,0.1
22.02.2021 06:41:02.118 GMT-0800,316.103,315.487,0.1,0.1
22.02.2021 06:41:02.168 GMT-0800,315.983,315.487,0.1,0.1
22.02.2021 06:41:06.590 GMT-0800,315.982,315.598,0.1,0.075
22.02.2021 06:41:06.693 GMT-0800,315.993,315.59700000000004,0.1,0.1
22.02.2021 06:41:08.077 GMT-0800,315.982,315.598,0.0008,0.1
22.02.2021 06:41:08.178 GMT-0800,315.992,315.598,0.1,0.1
22.02.2021 06:41:09.805 GMT-0800,315.983,315.59700000000004,0.0008,0.1
22.02.2021 06:41:10.009 GMT-0800,315.993,315.59700000000004,0.1,0.1
22.02.2021 06:41:14.382 GMT-0800,315.982,315.598,0.1,0.1
22.02.2021 06:41:14.545 GMT-0800,315.992,315.598,0.1,0.1
22.02.2021 06:41:16.597 GMT-0800,315.992,315.638,0.1,0.0008
22.02.2021 06:41:18.629 GMT-0800,315.992,315.668,0.0008,0.075
22.02.2021 06:41:18.679 GMT-0800,316.09200000000004,315.638,0.1,0.1
22.02.2021 06:41:18.729 GMT-0800,316.033,315.637,0.1,0.1
22.02.2021 06:41:22.141 GMT-0800,316.103,315.637,0.1,0.1
22.02.2021 06:41:22.192 GMT-0800,316.013,315.637,0.1,0.1
22.02.2021 06:41:22.423 GMT-0800,316.103,315.637,0.1,0.1
22.02.2021 06:41:22.539 GMT-0800,316.023,315.637,0.1,0.1
22.02.2021 06:41:27.750 GMT-0800,316.103,315.637,0.1,0.1
22.02.2021 06:41:28.434 GMT-0800,316.103,315.78700000000003,0.075,0.0008
22.02.2021 06:41:28.485 GMT-0800,316.243,315.647,0.1,0.1
22.02.2021 06:41:35.234 GMT-0800,316.233,315.647,0.1,0.1
22.02.2021 06:41:35.284 GMT-0800,316.243,315.647,0.1,0.1
22.02.2021 06:41:36.716 GMT-0800,316.233,315.647,0.1,0.1
22.02.2021 06:41:36.856 GMT-0800,316.243,315.647,0.1,0.1
22.02.2021 06:41:37.796 GMT-0800,316.232,315.648,0.075,0.1
22.02.2021 06:41:38.316 GMT-0800,316.16200000000003,315.728,0.1,0.1
22.02.2021 06:41:38.816 GMT-0800,316.112,315.728,0.1,0.075
22.02.2021 06:41:38.866 GMT-0800,316.112,315.638,0.1,0.1
22.02.2021 06:41:38.917 GMT-0800,316.163,315.637,0.1,0.1
22.02.2021 06:41:39.458 GMT-0800,316.112,315.638,0.1,0.1
22.02.2021 06:41:40.766 GMT-0800,316.10200000000003,315.638,0.0008,0.1
22.02.2021 06:41:40.817 GMT-0800,316.112,315.638,0.1,0.1
22.02.2021 06:41:45.105 GMT-0800,316.082,315.638,0.075,0.1
22.02.2021 06:41:45.255 GMT-0800,316.073,315.637,0.1,0.1
22.02.2021 06:41:45.879 GMT-0800,316.082,315.638,0.1,0.1
22.02.2021 06:41:46.004 GMT-0800,316.09200000000004,315.638,0.1,0.1
22.02.2021 06:41:46.548 GMT-0800,316.262,315.638,0.1,0.1
22.02.2021 06:41:47.756 GMT-0800,316.262,315.658,0.1,0.075
22.02.2021 06:41:48.104 GMT-0800,316.253,315.65700000000004,0.0008,0.1
22.02.2021 06:41:48.210 GMT-0800,316.262,315.658,0.1,0.1
22.02.2021 06:41:49.356 GMT-0800,316.163,315.65700000000004,0.075,0.1
22.02.2021 06:41:49.406 GMT-0800,316.163,315.637,0.1,0.1
22.02.2021 06:41:51.887 GMT-0800,316.16200000000003,315.718,0.1,0.075
22.02.2021 06:41:52.836 GMT-0800,316.163,315.807,0.1,0.0008
22.02.2021 06:41:53.279 GMT-0800,316.163,315.817,0.075,0.1
22.02.2021 06:41:53.329 GMT-0800,316.363,315.647,0.1,0.1
22.02.2021 06:41:54.375 GMT-0800,316.362,315.768,0.1,0.1
22.02.2021 06:41:58.464 GMT-0800,316.193,315.767,0.075,0.1
22.02.2021 06:41:58.514 GMT-0800,316.362,315.768,0.1,0.1
22.02.2021 06:41:58.714 GMT-0800,316.242,315.768,0.1,0.1
22.02.2021 06:42:03.080 GMT-0800,316.243,315.647,0.1,0.1
22.02.2021 06:42:03.182 GMT-0800,316.243,315.637,0.1,0.1
22.02.2021 06:42:03.638 GMT-0800,316.123,315.637,0.075,0.1
22.02.2021 06:42:03.688 GMT-0800,316.253,315.637,0.1,0.1
22.02.2021 06:42:03.754 GMT-0800,316.243,315.637,0.1,0.1
22.02.2021 06:42:04.574 GMT-0800,316.242,315.838,0.1,0.075
22.02.2021 06:42:05.212 GMT-0800,316.242,315.638,0.1,0.1
22.02.2021 06:42:06.966 GMT-0800,316.242,315.678,0.1,0.075
22.02.2021 06:42:07.185 GMT-0800,316.243,315.72700000000003,0.1,0.0008
22.02.2021 06:42:08.164 GMT-0800,316.243,315.737,0.1,0.0008
22.02.2021 06:42:08.264 GMT-0800,316.243,315.72700000000003,0.1,0.1
22.02.2021 06:42:08.826 GMT-0800,316.243,315.737,0.1,0.1
22.02.2021 06:42:08.951 GMT-0800,316.242,315.728,0.1,0.1
22.02.2021 06:42:09.004 GMT-0800,316.193,315.72700000000003,0.075,0.1
22.02.2021 06:42:13.637 GMT-0800,316.192,315.738,0.1,0.1
22.02.2021 06:42:13.883 GMT-0800,316.192,315.728,0.1,0.1
22.02.2021 06:42:15.124 GMT-0800,316.193,315.737,0.1,0.1
22.02.2021 06:42:15.307 GMT-0800,316.193,315.72700000000003,0.1,0.1
22.02.2021 06:42:16.712 GMT-0800,316.193,315.937,0.1,0.0008
22.02.2021 06:42:16.762 GMT-0800,316.192,315.888,0.1,0.1
22.02.2021 06:42:16.812 GMT-0800,316.193,315.897,0.1,0.1
22.02.2021 06:42:17.056 GMT-0800,316.193,315.72700000000003,0.1,0.1
22.02.2021 06:42:17.908 GMT-0800,316.10200000000003,315.738,0.1,0.1
22.02.2021 06:42:17.959 GMT-0800,316.192,315.738,0.1,0.1
22.02.2021 06:42:19.171 GMT-0800,316.173,315.737,0.1,0.1
22.02.2021 06:42:20.188 GMT-0800,316.193,315.797,0.1,0.075
22.02.2021 06:42:20.239 GMT-0800,316.193,315.78700000000003,0.1,0.1
22.02.2021 06:42:21.450 GMT-0800,316.193,315.72700000000003,0.1,0.1
22.02.2021 06:42:22.398 GMT-0800,316.193,315.637,0.1,0.1
22.02.2021 06:42:22.449 GMT-0800,316.193,315.65700000000004,0.1,0.1
22.02.2021 06:42:22.564 GMT-0800,316.193,315.647,0.1,0.1
22.02.2021 06:42:23.508 GMT-0800,316.193,315.677,0.1,0.0008
22.02.2021 06:42:25.039 GMT-0800,316.263,315.677,0.1,0.1
22.02.2021 06:42:26.056 GMT-0800,316.252,315.678,0.0008,0.1
22.02.2021 06:42:26.393 GMT-0800,316.243,315.677,0.075,0.1
22.02.2021 06:42:28.671 GMT-0800,316.232,315.678,0.075,0.1
22.02.2021 06:42:30.839 GMT-0800,316.22200000000004,315.678,0.1,0.1
22.02.2021 06:42:31.109 GMT-0800,316.223,315.837,0.1,0.1
22.02.2021 06:42:32.169 GMT-0800,316.212,315.838,0.1,0.1
22.02.2021 06:42:33.117 GMT-0800,315.942,315.678,0.1,0.1
22.02.2021 06:42:33.167 GMT-0800,316.172,315.638,0.1,0.1
22.02.2021 06:42:33.629 GMT-0800,316.16200000000003,315.638,0.075,0.1
22.02.2021 06:42:33.791 GMT-0800,316.172,315.638,0.1,0.1
22.02.2021 06:42:34.070 GMT-0800,316.173,315.71700000000004,0.1,0.075
22.02.2021 06:42:34.121 GMT-0800,316.172,315.638,0.1,0.1
22.02.2021 06:42:34.511 GMT-0800,316.153,315.637,0.0008,0.1
22.02.2021 06:42:34.651 GMT-0800,316.072,315.638,0.075,0.1
22.02.2021 06:42:34.701 GMT-0800,316.082,315.638,0.1,0.1
22.02.2021 06:42:34.823 GMT-0800,316.072,315.638,0.075,0.1
22.02.2021 06:42:42.025 GMT-0800,316.083,315.637,0.1,0.1
22.02.2021 06:42:42.115 GMT-0800,316.133,315.637,0.1,0.1
22.02.2021 06:42:42.389 GMT-0800,316.083,315.637,0.0008,0.1
22.02.2021 06:42:42.490 GMT-0800,316.072,315.638,0.1,0.1
22.02.2021 06:42:42.808 GMT-0800,316.22200000000004,315.638,0.1,0.1
22.02.2021 06:42:42.858 GMT-0800,316.133,315.637,0.1,0.1
22.02.2021 06:42:43.042 GMT-0800,316.082,315.638,0.075,0.1
22.02.2021 06:42:43.308 GMT-0800,316.223,315.637,0.1,0.1
22.02.2021 06:42:43.375 GMT-0800,316.132,315.638,0.075,0.1
22.02.2021 06:42:44.258 GMT-0800,316.083,315.637,0.075,0.1
22.02.2021 06:42:44.565 GMT-0800,316.132,315.638,0.1,0.1
22.02.2021 06:42:46.639 GMT-0800,316.083,315.637,0.0008,0.1
22.02.2021 06:42:46.689 GMT-0800,316.132,315.638,0.1,0.1
22.02.2021 06:42:47.232 GMT-0800,316.072,315.638,0.1,0.1
22.02.2021 06:42:47.387 GMT-0800,316.063,315.637,0.075,0.1
22.02.2021 06:42:47.499 GMT-0800,316.062,315.738,0.1,0.0008
22.02.2021 06:42:47.809 GMT-0800,316.142,315.738,0.1,0.1
22.02.2021 06:42:47.860 GMT-0800,316.132,315.738,0.1,0.1
22.02.2021 06:42:48.106 GMT-0800,316.073,315.737,0.075,0.1
22.02.2021 06:42:48.515 GMT-0800,316.143,315.737,0.1,0.1
22.02.2021 06:42:48.925 GMT-0800,316.002,315.738,0.075,0.1
22.02.2021 06:42:50.223 GMT-0800,316.002,315.748,0.1,0.0008
22.02.2021 06:42:50.274 GMT-0800,316.172,315.738,0.1,0.1
22.02.2021 06:42:50.445 GMT-0800,316.202,315.738,0.1,0.1
22.02.2021 06:42:50.833 GMT-0800,316.152,315.738,0.075,0.1
22.02.2021 06:42:51.280 GMT-0800,315.993,315.737,0.0008,0.1
22.02.2021 06:42:51.330 GMT-0800,316.052,315.738,0.1,0.1
22.02.2021 06:42:53.841 GMT-0800,316.153,315.737,0.1,0.1
22.02.2021 06:42:55.003 GMT-0800,316.142,315.738,0.0008,0.1
22.02.2021 06:42:55.104 GMT-0800,316.153,315.737,0.1,0.1
22.02.2021 06:42:56.004 GMT-0800,316.142,315.738,0.0008,0.1
22.02.2021 06:42:56.105 GMT-0800,316.153,315.737,0.1,0.1
22.02.2021 06:42:56.642 GMT-0800,316.593,315.91700000000003,0.1,0.1
22.02.2021 06:42:58.648 GMT-0800,316.453,315.737,0.1,0.1
22.02.2021 06:43:00.529 GMT-0800,316.443,315.747,0.075,0.075
22.02.2021 06:43:00.630 GMT-0800,316.453,315.797,0.1,0.1
22.02.2021 06:43:00.731 GMT-0800,316.453,315.887,0.1,0.1
22.02.2021 06:43:00.866 GMT-0800,316.453,315.97700000000003,0.1,0.1
22.02.2021 06:43:01.114 GMT-0800,316.443,316.047,0.0008,0.0008
22.02.2021 06:43:01.164 GMT-0800,316.452,315.808,0.1,0.1
22.02.2021 06:43:01.693 GMT-0800,316.453,315.797,0.1,0.1
22.02.2021 06:43:01.743 GMT-0800,316.312,315.798,0.1,0.1
22.02.2021 06:43:03.002 GMT-0800,316.312,315.808,0.1,0.1
22.02.2021 06:43:03.103 GMT-0800,316.313,315.797,0.1,0.1
22.02.2021 06:43:04.109 GMT-0800,316.382,315.798,0.1,0.1
22.02.2021 06:43:04.160 GMT-0800,316.29200000000003,315.798,0.1,0.1
22.02.2021 06:43:05.305 GMT-0800,316.123,315.797,0.0008,0.1
22.02.2021 06:43:05.355 GMT-0800,316.133,315.797,0.1,0.1
22.02.2021 06:43:05.576 GMT-0800,316.262,315.798,0.1,0.1
22.02.2021 06:43:07.316 GMT-0800,316.272,315.798,0.1,0.1
22.02.2021 06:43:08.565 GMT-0800,316.273,315.997,0.1,0.0008
22.02.2021 06:43:08.615 GMT-0800,316.272,315.978,0.1,0.1
22.02.2021 06:43:08.665 GMT-0800,316.272,315.988,0.1,0.1
22.02.2021 06:43:08.840 GMT-0800,316.273,315.997,0.1,0.075
22.02.2021 06:43:08.941 GMT-0800,316.272,316.008,0.1,0.1
22.02.2021 06:43:09.205 GMT-0800,316.272,315.798,0.1,0.1
22.02.2021 06:43:09.273 GMT-0800,316.262,315.798,0.0008,0.1
22.02.2021 06:43:10.175 GMT-0800,316.273,315.797,0.1,0.1
22.02.2021 06:43:10.916 GMT-0800,316.272,315.848,0.1,0.0008
22.02.2021 06:43:12.021 GMT-0800,316.272,315.798,0.1,0.1
22.02.2021 06:43:12.633 GMT-0800,316.262,315.798,0.0008,0.1
22.02.2021 06:43:12.683 GMT-0800,316.273,315.797,0.1,0.1
22.02.2021 06:43:13.724 GMT-0800,316.262,315.798,0.1,0.1
22.02.2021 06:43:13.940 GMT-0800,316.272,315.798,0.1,0.1
22.02.2021 06:43:15.819 GMT-0800,316.263,315.797,0.0008,0.1
22.02.2021 06:43:15.869 GMT-0800,316.272,315.798,0.1,0.1
22.02.2021 06:43:16.410 GMT-0800,316.272,315.958,0.1,0.1
22.02.2021 06:43:16.549 GMT-0800,316.272,315.968,0.1,0.0008
22.02.2021 06:43:17.036 GMT-0800,316.272,315.978,0.1,0.1
22.02.2021 06:43:17.272 GMT-0800,316.263,315.97700000000003,0.075,0.1
22.02.2021 06:43:17.322 GMT-0800,316.273,315.97700000000003,0.1,0.1
22.02.2021 06:43:17.884 GMT-0800,316.262,315.978,0.075,0.1
22.02.2021 06:43:17.985 GMT-0800,316.262,315.888,0.1,0.1
22.02.2021 06:43:18.246 GMT-0800,316.272,315.888,0.1,0.1
22.02.2021 06:43:18.395 GMT-0800,316.262,315.798,0.075,0.1
22.02.2021 06:43:19.212 GMT-0800,316.272,315.798,0.1,0.1
22.02.2021 06:43:19.528 GMT-0800,316.273,315.84700000000004,0.1,0.0008
22.02.2021 06:43:19.991 GMT-0800,316.203,315.84700000000004,0.0008,0.1
22.02.2021 06:43:20.041 GMT-0800,316.212,315.848,0.1,0.1
22.02.2021 06:43:20.236 GMT-0800,316.383,315.84700000000004,0.1,0.1
22.02.2021 06:43:20.574 GMT-0800,316.382,315.798,0.1,0.1
22.02.2021 06:43:21.371 GMT-0800,316.312,315.798,0.0008,0.1
22.02.2021 06:43:21.886 GMT-0800,316.312,315.808,0.1,0.0008
22.02.2021 06:43:21.936 GMT-0800,316.313,315.797,0.1,0.1
22.02.2021 06:43:23.225 GMT-0800,316.313,315.807,0.1,0.075
22.02.2021 06:43:23.276 GMT-0800,316.313,315.797,0.1,0.1
22.02.2021 06:43:23.890 GMT-0800,316.312,315.868,0.1,0.0008
22.02.2021 06:43:24.720 GMT-0800,316.313,315.877,0.1,0.075
22.02.2021 06:43:24.821 GMT-0800,316.312,315.868,0.1,0.1
22.02.2021 06:43:25.464 GMT-0800,316.313,316.127,0.1,0.0008
22.02.2021 06:43:26.001 GMT-0800,316.382,316.128,0.1,0.1
22.02.2021 06:43:27.406 GMT-0800,316.263,316.127,0.0008,0.075
22.02.2021 06:43:27.457 GMT-0800,316.263,315.91700000000003,0.1,0.1
22.02.2021 06:43:27.836 GMT-0800,316.383,315.97700000000003,0.1,0.0008
22.02.2021 06:43:28.137 GMT-0800,316.312,315.978,0.0008,0.1
22.02.2021 06:43:28.705 GMT-0800,316.312,316.188,0.075,0.0008
22.02.2021 06:43:28.755 GMT-0800,316.373,316.187,0.1,0.1
22.02.2021 06:43:29.003 GMT-0800,316.382,316.188,0.1,0.1
22.02.2021 06:43:29.763 GMT-0800,316.383,316.047,0.1,0.1
22.02.2021 06:43:29.995 GMT-0800,316.382,316.058,0.1,0.0008
22.02.2021 06:43:30.239 GMT-0800,316.383,316.047,0.1,0.1
22.02.2021 06:43:30.501 GMT-0800,316.383,316.15700000000004,0.1,0.1
22.02.2021 06:43:31.570 GMT-0800,316.503,316.15700000000004,0.1,0.1
22.02.2021 06:43:31.620 GMT-0800,316.452,316.158,0.1,0.1
22.02.2021 06:43:32.648 GMT-0800,316.452,316.218,0.075,0.0008
22.02.2021 06:43:32.699 GMT-0800,316.593,316.16700000000003,0.1,0.1
22.02.2021 06:43:32.749 GMT-0800,316.603,316.267,0.1,0.1
22.02.2021 06:43:34.750 GMT-0800,316.603,316.187,0.1,0.1
22.02.2021 06:43:35.205 GMT-0800,316.603,316.197,0.1,0.0008
22.02.2021 06:43:35.443 GMT-0800,316.603,316.187,0.1,0.1
22.02.2021 06:43:38.254 GMT-0800,316.463,316.187,0.075,0.1
22.02.2021 06:43:38.379 GMT-0800,316.362,316.188,0.075,0.1
22.02.2021 06:43:38.429 GMT-0800,316.47200000000004,316.188,0.1,0.1
22.02.2021 06:43:41.903 GMT-0800,316.543,316.187,0.1,0.1
22.02.2021 06:43:42.017 GMT-0800,316.603,316.187,0.1,0.1
22.02.2021 06:43:42.089 GMT-0800,316.543,316.187,0.075,0.1
22.02.2021 06:43:42.190 GMT-0800,316.603,316.187,0.1,0.1
22.02.2021 06:43:42.240 GMT-0800,316.523,316.187,0.1,0.1
22.02.2021 06:43:45.676 GMT-0800,316.60200000000003,316.198,0.1,0.1
22.02.2021 06:43:48.341 GMT-0800,316.553,316.187,0.1,0.1
22.02.2021 06:43:48.626 GMT-0800,316.552,316.108,0.1,0.1
22.02.2021 06:43:49.120 GMT-0800,316.313,316.007,0.1,0.1
22.02.2021 06:43:49.171 GMT-0800,316.252,315.648,0.1,0.1
22.02.2021 06:43:49.331 GMT-0800,316.59200000000004,315.638,0.1,0.1
22.02.2021 06:43:50.192 GMT-0800,316.582,315.638,0.075,0.1
22.02.2021 06:43:50.328 GMT-0800,316.573,315.647,0.0008,0.1
22.02.2021 06:43:50.489 GMT-0800,316.582,315.638,0.1,0.1
22.02.2021 06:43:51.072 GMT-0800,316.582,316.028,0.1,0.1
22.02.2021 06:43:52.814 GMT-0800,316.573,316.027,0.0008,0.1
22.02.2021 06:43:53.024 GMT-0800,316.573,316.137,0.1,0.075
22.02.2021 06:43:53.180 GMT-0800,316.573,316.027,0.1,0.1
22.02.2021 06:43:54.321 GMT-0800,316.572,316.138,0.1,0.0008
22.02.2021 06:43:57.437 GMT-0800,316.572,316.178,0.1,0.0008
22.02.2021 06:43:59.002 GMT-0800,316.573,316.197,0.1,0.075
22.02.2021 06:43:59.802 GMT-0800,316.582,316.198,0.1,0.1
22.02.2021 06:44:03.712 GMT-0800,316.583,316.137,0.1,0.1
22.02.2021 06:44:04.250 GMT-0800,316.582,316.198,0.1,0.1
22.02.2021 06:44:04.533 GMT-0800,316.582,316.138,0.1,0.1
22.02.2021 06:44:05.122 GMT-0800,316.573,316.137,0.075,0.1
22.02.2021 06:44:06.940 GMT-0800,316.47200000000004,316.198,0.1,0.1
22.02.2021 06:44:06.990 GMT-0800,316.47200000000004,316.078,0.1,0.1
22.02.2021 06:44:07.055 GMT-0800,316.473,316.197,0.1,0.075
22.02.2021 06:44:08.523 GMT-0800,316.473,316.077,0.1,0.1
22.02.2021 06:44:11.694 GMT-0800,316.473,316.197,0.1,0.1
22.02.2021 06:44:12.379 GMT-0800,316.462,316.198,0.075,0.1
22.02.2021 06:44:12.894 GMT-0800,316.473,316.197,0.1,0.1
22.02.2021 06:44:13.035 GMT-0800,316.473,316.207,0.1,0.1
22.02.2021 06:44:13.562 GMT-0800,316.583,316.207,0.1,0.1
22.02.2021 06:44:13.612 GMT-0800,316.553,316.207,0.1,0.1
22.02.2021 06:44:14.750 GMT-0800,316.552,316.218,0.1,0.1
22.02.2021 06:44:15.274 GMT-0800,316.552,316.228,0.1,0.1
22.02.2021 06:44:16.221 GMT-0800,316.553,316.237,0.1,0.1
22.02.2021 06:44:18.850 GMT-0800,316.553,316.247,0.1,0.1
22.02.2021 06:44:18.953 GMT-0800,316.552,316.258,0.1,0.1
22.02.2021 06:44:19.251 GMT-0800,316.553,316.427,0.075,0.0008
22.02.2021 06:44:19.301 GMT-0800,316.603,316.267,0.1,0.1
22.02.2021 06:44:19.368 GMT-0800,316.522,316.278,0.075,0.075
22.02.2021 06:44:19.418 GMT-0800,316.60200000000003,316.268,0.1,0.1
22.02.2021 06:44:19.469 GMT-0800,316.603,316.09700000000004,0.1,0.1
22.02.2021 06:44:20.171 GMT-0800,316.60200000000003,316.248,0.1,0.0008
22.02.2021 06:44:21.344 GMT-0800,316.462,316.248,0.1,0.1
22.02.2021 06:44:21.648 GMT-0800,316.59200000000004,316.168,0.1,0.1
22.02.2021 06:44:21.698 GMT-0800,316.553,316.16700000000003,0.1,0.1
22.02.2021 06:44:22.683 GMT-0800,316.553,316.09700000000004,0.1,0.1
22.02.2021 06:44:23.926 GMT-0800,316.553,316.047,0.1,0.1
22.02.2021 06:44:24.071 GMT-0800,316.552,316.058,0.1,0.075
22.02.2021 06:44:24.539 GMT-0800,316.553,316.047,0.1,0.1
22.02.2021 06:44:24.805 GMT-0800,316.552,316.058,0.1,0.1
22.02.2021 06:44:28.566 GMT-0800,316.553,316.107,0.1,0.1
22.02.2021 06:44:29.666 GMT-0800,316.552,316.048,0.1,0.1
22.02.2021 06:44:30.187 GMT-0800,316.552,316.138,0.1,0.0008
22.02.2021 06:44:30.237 GMT-0800,316.552,316.048,0.1,0.1
22.02.2021 06:44:31.033 GMT-0800,316.553,316.137,0.1,0.1
22.02.2021 06:44:31.913 GMT-0800,316.552,316.198,0.1,0.1
22.02.2021 06:44:32.991 GMT-0800,316.552,316.048,0.1,0.1
22.02.2021 06:44:33.196 GMT-0800,316.552,316.218,0.1,0.0008
22.02.2021 06:44:33.765 GMT-0800,316.60200000000003,316.098,0.1,0.1
22.02.2021 06:44:33.816 GMT-0800,316.60200000000003,316.188,0.1,0.1
22.02.2021 06:44:33.867 GMT-0800,316.60200000000003,316.098,0.1,0.1
22.02.2021 06:44:35.598 GMT-0800,316.552,316.108,0.0008,0.0008
22.02.2021 06:44:35.648 GMT-0800,316.59200000000004,316.108,0.1,0.1
22.02.2021 06:44:35.699 GMT-0800,316.59200000000004,316.098,0.1,0.1
22.02.2021 06:44:35.790 GMT-0800,316.593,316.257,0.1,0.075
22.02.2021 06:44:36.655 GMT-0800,316.603,316.257,0.1,0.1
22.02.2021 06:44:37.044 GMT-0800,316.60200000000003,316.338,0.1,0.1
22.02.2021 06:44:38.571 GMT-0800,316.60200000000003,316.258,0.1,0.1
22.02.2021 06:44:39.161 GMT-0800,316.60200000000003,316.338,0.1,0.075
