Local time,Ask,Bid,AskVolume,BidVolume
13.04.2021 08:31:27.925 GMT-0500,209.633,208.847,0.011,0.0075
13.04.2021 08:31:29.288 GMT-0500,209.632,208.858,0.011,0.0075
13.04.2021 08:31:29.339 GMT-0500,209.632,208.84799999999998,0.011,0.011
13.04.2021 08:31:29.577 GMT-0500,209.323,208.847,0.0008,0.0075
13.04.2021 08:32:32.549 GMT-0500,209.483,208.61700000000002,0.011,0.0008
13.04.2021 08:32:37.018 GMT-0500,209.483,209.247,0.011,0.0075
13.04.2021 08:32:37.069 GMT-0500,209.782,209.028,0.011,0.011
13.04.2021 08:32:37.336 GMT-0500,209.782,209.488,0.0075,0.0008
13.04.2021 08:32:37.386 GMT-0500,209.92200000000003,209.038,0.011,0.011
13.04.2021 08:32:37.451 GMT-0500,209.86200000000002,209.038,0.0075,0.011
13.04.2021 08:32:38.333 GMT-0500,209.812,209.018,0.011,0.011
13.04.2021 08:32:38.479 GMT-0500,209.812,209.028,0.011,0.0075
13.04.2021 08:32:38.741 GMT-0500,209.812,209.018,0.011,0.011
13.04.2021 08:32:40.331 GMT-0500,209.92200000000003,209.018,0.011,0.011
13.04.2021 08:32:41.645 GMT-0500,210.063,209.407,0.011,0.0075
13.04.2021 08:32:42.271 GMT-0500,209.793,209.407,0.0075,0.011
13.04.2021 08:32:47.630 GMT-0500,209.792,209.418,0.011,0.0075
13.04.2021 08:32:47.800 GMT-0500,209.792,209.408,0.011,0.011
13.04.2021 08:32:48.708 GMT-0500,209.813,209.407,0.011,0.011
13.04.2021 08:32:53.721 GMT-0500,209.812,209.418,0.011,0.0075
13.04.2021 08:32:54.202 GMT-0500,209.812,209.408,0.011,0.011
13.04.2021 08:32:55.810 GMT-0500,209.812,209.418,0.011,0.011
13.04.2021 08:32:55.921 GMT-0500,209.812,209.408,0.011,0.011
13.04.2021 08:32:57.686 GMT-0500,210.062,209.408,0.011,0.011
13.04.2021 08:32:58.292 GMT-0500,209.822,209.408,0.0075,0.011
13.04.2021 08:33:00.450 GMT-0500,209.822,209.418,0.0008,0.0075
13.04.2021 08:33:00.500 GMT-0500,210.05200000000002,209.418,0.011,0.011
13.04.2021 08:33:00.588 GMT-0500,209.893,209.407,0.011,0.011
13.04.2021 08:33:01.466 GMT-0500,209.89200000000002,209.418,0.011,0.0008
13.04.2021 08:33:01.737 GMT-0500,209.893,209.407,0.011,0.011
13.04.2021 08:33:06.850 GMT-0500,209.89200000000002,209.418,0.011,0.0075
13.04.2021 08:33:07.100 GMT-0500,209.89200000000002,209.408,0.011,0.011
13.04.2021 08:33:17.020 GMT-0500,209.89200000000002,209.738,0.0008,0.0075
13.04.2021 08:33:17.070 GMT-0500,210.252,209.428,0.011,0.011
13.04.2021 08:33:17.126 GMT-0500,210.003,209.697,0.011,0.011
13.04.2021 08:33:17.313 GMT-0500,210.002,209.418,0.011,0.011
13.04.2021 08:33:18.100 GMT-0500,210.003,209.42700000000002,0.011,0.011
13.04.2021 08:33:18.281 GMT-0500,210.003,209.417,0.011,0.011
13.04.2021 08:33:20.432 GMT-0500,210.002,209.408,0.011,0.011
13.04.2021 08:33:21.221 GMT-0500,210.002,209.708,0.011,0.0075
13.04.2021 08:33:32.387 GMT-0500,210.252,209.708,0.011,0.011
13.04.2021 08:33:35.055 GMT-0500,209.993,209.70700000000002,0.0008,0.011
13.04.2021 08:33:50.600 GMT-0500,209.983,209.70700000000002,0.011,0.011
13.04.2021 08:34:06.415 GMT-0500,209.99200000000002,209.708,0.011,0.011
13.04.2021 08:34:24.297 GMT-0500,209.982,209.708,0.0075,0.011
13.04.2021 08:34:35.117 GMT-0500,210.24200000000002,209.84799999999998,0.011,0.011
13.04.2021 08:34:35.168 GMT-0500,210.24200000000002,209.728,0.011,0.011
13.04.2021 08:34:35.268 GMT-0500,210.163,209.717,0.011,0.011
13.04.2021 08:34:36.174 GMT-0500,210.163,209.70700000000002,0.011,0.011
13.04.2021 08:34:36.424 GMT-0500,210.163,209.657,0.011,0.011
13.04.2021 08:34:37.337 GMT-0500,210.162,209.888,0.011,0.0075
13.04.2021 08:34:37.387 GMT-0500,210.162,209.658,0.011,0.011
13.04.2021 08:34:39.014 GMT-0500,210.162,209.888,0.011,0.0075
13.04.2021 08:34:40.445 GMT-0500,210.162,209.898,0.011,0.011
13.04.2021 08:34:46.392 GMT-0500,210.162,209.908,0.011,0.0075
13.04.2021 08:34:47.505 GMT-0500,210.162,209.918,0.011,0.011
13.04.2021 08:34:49.383 GMT-0500,210.08200000000002,209.898,0.011,0.011
13.04.2021 08:34:49.433 GMT-0500,210.252,209.898,0.011,0.011
13.04.2021 08:34:49.542 GMT-0500,210.133,209.89700000000002,0.0008,0.011
13.04.2021 08:34:54.124 GMT-0500,210.132,209.928,0.011,0.0075
13.04.2021 08:35:01.433 GMT-0500,210.133,209.89700000000002,0.011,0.011
13.04.2021 08:35:02.388 GMT-0500,210.013,209.89700000000002,0.0008,0.0075
13.04.2021 08:35:02.438 GMT-0500,210.02200000000002,209.408,0.011,0.011
13.04.2021 08:35:02.498 GMT-0500,210.003,209.407,0.011,0.011
13.04.2021 08:35:03.154 GMT-0500,210.003,209.45700000000002,0.011,0.0075
13.04.2021 08:35:04.752 GMT-0500,210.002,209.468,0.011,0.0075
13.04.2021 08:35:06.860 GMT-0500,210.002,209.478,0.011,0.0008
13.04.2021 08:35:06.911 GMT-0500,210.003,209.407,0.011,0.011
13.04.2021 08:35:07.547 GMT-0500,209.993,209.407,0.011,0.011
13.04.2021 08:35:10.310 GMT-0500,210.003,209.407,0.011,0.011
13.04.2021 08:35:13.912 GMT-0500,209.993,209.407,0.0008,0.011
13.04.2021 08:35:25.520 GMT-0500,209.99200000000002,209.498,0.011,0.011
13.04.2021 08:35:34.535 GMT-0500,209.99200000000002,209.408,0.011,0.011
13.04.2021 08:35:39.315 GMT-0500,209.99200000000002,209.698,0.011,0.0008
13.04.2021 08:35:40.155 GMT-0500,209.99200000000002,209.728,0.011,0.0008
13.04.2021 08:35:40.205 GMT-0500,209.99200000000002,209.708,0.011,0.011
13.04.2021 08:35:40.256 GMT-0500,209.993,209.73700000000002,0.011,0.011
13.04.2021 08:35:49.625 GMT-0500,209.993,209.857,0.011,0.0008
13.04.2021 08:35:49.675 GMT-0500,209.99200000000002,209.748,0.011,0.011
13.04.2021 08:35:50.852 GMT-0500,209.993,209.757,0.011,0.0075
13.04.2021 08:35:50.903 GMT-0500,209.99200000000002,209.748,0.011,0.011
13.04.2021 08:35:51.880 GMT-0500,209.99200000000002,209.915,0.011,0.0008
13.04.2021 08:35:51.930 GMT-0500,210.003,209.757,0.011,0.011
13.04.2021 08:35:54.935 GMT-0500,210.002,209.638,0.011,0.011
13.04.2021 08:35:56.308 GMT-0500,209.883,209.64700000000002,0.011,0.011
13.04.2021 08:35:56.358 GMT-0500,210.073,209.64700000000002,0.011,0.011
13.04.2021 08:35:56.409 GMT-0500,210.072,209.59799999999998,0.011,0.011
13.04.2021 08:35:56.621 GMT-0500,209.882,209.59799999999998,0.0075,0.011
13.04.2021 08:35:56.948 GMT-0500,209.883,209.607,0.011,0.011
13.04.2021 08:35:57.103 GMT-0500,209.883,209.597,0.011,0.011
13.04.2021 08:35:57.773 GMT-0500,209.882,209.608,0.011,0.011
13.04.2021 08:35:58.249 GMT-0500,209.883,209.597,0.011,0.011
13.04.2021 08:35:58.489 GMT-0500,209.883,209.61700000000002,0.011,0.0075
13.04.2021 08:36:00.721 GMT-0500,209.883,209.637,0.0008,0.0075
13.04.2021 08:36:00.771 GMT-0500,209.96200000000002,209.588,0.011,0.011
13.04.2021 08:36:01.936 GMT-0500,209.963,209.597,0.011,0.0075
13.04.2021 08:36:02.120 GMT-0500,209.963,209.58700000000002,0.011,0.011
13.04.2021 08:36:04.089 GMT-0500,209.963,209.607,0.011,0.011
13.04.2021 08:36:04.252 GMT-0500,209.96200000000002,209.59799999999998,0.011,0.011
13.04.2021 08:36:05.713 GMT-0500,209.963,209.607,0.011,0.011
13.04.2021 08:36:05.983 GMT-0500,209.96200000000002,209.59799999999998,0.011,0.011
13.04.2021 08:36:07.052 GMT-0500,209.90200000000002,209.59799999999998,0.0008,0.0075
13.04.2021 08:36:07.102 GMT-0500,209.96200000000002,209.59799999999998,0.011,0.011
13.04.2021 08:36:07.152 GMT-0500,209.96200000000002,209.618,0.011,0.011
13.04.2021 08:36:10.642 GMT-0500,209.963,209.637,0.011,0.0075
13.04.2021 08:36:10.959 GMT-0500,209.963,209.627,0.011,0.011
13.04.2021 08:36:14.500 GMT-0500,209.96200000000002,209.638,0.011,0.0008
13.04.2021 08:36:18.280 GMT-0500,210.073,209.637,0.011,0.011
13.04.2021 08:36:18.331 GMT-0500,210.08200000000002,209.638,0.011,0.011
13.04.2021 08:36:18.381 GMT-0500,210.002,209.638,0.011,0.011
13.04.2021 08:36:23.945 GMT-0500,210.002,209.628,0.011,0.011
13.04.2021 08:36:26.071 GMT-0500,210.002,209.608,0.011,0.011
13.04.2021 08:36:31.365 GMT-0500,210.08200000000002,209.608,0.011,0.011
13.04.2021 08:36:34.198 GMT-0500,210.08200000000002,209.588,0.011,0.011
13.04.2021 08:36:35.075 GMT-0500,209.953,209.58700000000002,0.011,0.011
13.04.2021 08:36:36.257 GMT-0500,209.93200000000002,209.588,0.011,0.011
13.04.2021 08:36:37.421 GMT-0500,209.933,209.77700000000002,0.011,0.0075
13.04.2021 08:36:37.471 GMT-0500,209.882,209.418,0.011,0.011
13.04.2021 08:36:37.522 GMT-0500,209.883,209.407,0.011,0.011
13.04.2021 08:36:37.639 GMT-0500,209.852,209.408,0.0075,0.011
13.04.2021 08:36:38.684 GMT-0500,209.74200000000002,209.408,0.0075,0.011
13.04.2021 08:36:38.734 GMT-0500,209.882,209.408,0.011,0.011
13.04.2021 08:36:38.790 GMT-0500,209.743,209.407,0.0075,0.011
13.04.2021 08:36:41.001 GMT-0500,209.74200000000002,209.428,0.011,0.0075
13.04.2021 08:36:41.872 GMT-0500,209.74200000000002,209.408,0.011,0.011
13.04.2021 08:36:46.040 GMT-0500,209.74200000000002,209.428,0.011,0.0075
13.04.2021 08:36:47.164 GMT-0500,209.74200000000002,209.408,0.011,0.011
13.04.2021 08:36:51.098 GMT-0500,209.743,209.437,0.011,0.011
13.04.2021 08:36:52.947 GMT-0500,209.773,209.54700000000003,0.011,0.011
13.04.2021 08:36:52.997 GMT-0500,210.072,209.618,0.011,0.011
13.04.2021 08:36:53.067 GMT-0500,209.903,209.61700000000002,0.011,0.011
13.04.2021 08:36:53.997 GMT-0500,209.90200000000002,209.448,0.011,0.011
13.04.2021 08:36:54.544 GMT-0500,209.903,209.407,0.011,0.011
13.04.2021 08:36:54.595 GMT-0500,209.90200000000002,209.448,0.011,0.011
13.04.2021 08:36:54.953 GMT-0500,209.872,209.448,0.0075,0.011
13.04.2021 08:36:55.762 GMT-0500,209.873,209.407,0.011,0.011
13.04.2021 08:36:55.812 GMT-0500,209.873,209.447,0.011,0.011
13.04.2021 08:36:56.080 GMT-0500,209.872,209.458,0.0008,0.0075
13.04.2021 08:36:56.130 GMT-0500,209.89200000000002,209.458,0.011,0.011
13.04.2021 08:36:56.695 GMT-0500,209.872,209.458,0.0075,0.011
13.04.2021 08:37:00.715 GMT-0500,209.872,209.468,0.011,0.011
13.04.2021 08:37:01.544 GMT-0500,209.872,209.608,0.011,0.0008
13.04.2021 08:37:01.595 GMT-0500,209.872,209.59799999999998,0.011,0.011
13.04.2021 08:37:02.219 GMT-0500,209.873,209.52700000000002,0.011,0.011
13.04.2021 08:37:04.183 GMT-0500,209.872,209.408,0.011,0.011
13.04.2021 08:37:04.234 GMT-0500,209.873,209.52700000000002,0.011,0.011
13.04.2021 08:37:05.088 GMT-0500,209.873,209.407,0.011,0.011
13.04.2021 08:37:05.246 GMT-0500,209.872,209.528,0.011,0.0075
13.04.2021 08:37:06.323 GMT-0500,209.873,209.407,0.011,0.011
13.04.2021 08:37:07.983 GMT-0500,209.873,209.417,0.011,0.0075
13.04.2021 08:37:08.033 GMT-0500,209.872,209.408,0.011,0.011
13.04.2021 08:37:09.575 GMT-0500,209.873,209.417,0.011,0.0075
13.04.2021 08:37:10.048 GMT-0500,209.873,209.407,0.011,0.011
13.04.2021 08:37:11.208 GMT-0500,209.872,209.418,0.011,0.0075
13.04.2021 08:37:11.308 GMT-0500,209.873,209.407,0.011,0.011
13.04.2021 08:37:11.546 GMT-0500,209.872,209.548,0.011,0.0008
13.04.2021 08:37:11.707 GMT-0500,209.873,209.407,0.011,0.011
13.04.2021 08:37:12.394 GMT-0500,209.90200000000002,209.408,0.011,0.011
13.04.2021 08:37:13.221 GMT-0500,209.842,209.408,0.0008,0.011
13.04.2021 08:37:21.439 GMT-0500,209.842,209.418,0.011,0.0008
13.04.2021 08:37:21.639 GMT-0500,209.842,209.408,0.011,0.011
13.04.2021 08:37:24.091 GMT-0500,209.903,209.407,0.011,0.011
13.04.2021 08:37:24.299 GMT-0500,209.793,209.407,0.0008,0.011
13.04.2021 08:37:25.325 GMT-0500,209.793,209.667,0.0075,0.0008
13.04.2021 08:37:25.375 GMT-0500,209.903,209.407,0.011,0.011
13.04.2021 08:37:25.425 GMT-0500,209.813,209.407,0.011,0.011
13.04.2021 08:37:32.160 GMT-0500,209.813,209.417,0.011,0.0008
13.04.2021 08:37:32.367 GMT-0500,209.812,209.408,0.011,0.011
13.04.2021 08:37:34.443 GMT-0500,209.903,209.407,0.011,0.011
13.04.2021 08:37:34.661 GMT-0500,209.752,209.408,0.0008,0.011
13.04.2021 08:37:36.176 GMT-0500,209.753,209.417,0.011,0.0008
13.04.2021 08:37:36.277 GMT-0500,209.753,209.407,0.011,0.011
13.04.2021 08:37:36.925 GMT-0500,209.753,209.417,0.011,0.0008
13.04.2021 08:37:36.976 GMT-0500,209.753,209.407,0.011,0.011
13.04.2021 08:37:37.958 GMT-0500,209.753,209.417,0.011,0.0075
13.04.2021 08:37:38.419 GMT-0500,209.753,209.407,0.011,0.011
13.04.2021 08:37:39.302 GMT-0500,209.752,209.418,0.011,0.011
13.04.2021 08:37:39.643 GMT-0500,209.753,209.407,0.011,0.011
13.04.2021 08:37:41.702 GMT-0500,209.753,209.417,0.011,0.011
13.04.2021 08:37:41.891 GMT-0500,209.752,209.408,0.011,0.011
13.04.2021 08:37:42.995 GMT-0500,209.753,209.417,0.011,0.0075
13.04.2021 08:37:43.162 GMT-0500,209.753,209.407,0.011,0.011
13.04.2021 08:37:44.305 GMT-0500,209.752,209.418,0.011,0.0008
13.04.2021 08:37:44.889 GMT-0500,209.753,209.407,0.011,0.011
13.04.2021 08:37:46.703 GMT-0500,209.732,209.408,0.011,0.011
13.04.2021 08:37:50.283 GMT-0500,209.702,209.408,0.0075,0.011
13.04.2021 08:37:59.004 GMT-0500,209.702,209.218,0.011,0.011
13.04.2021 08:37:59.071 GMT-0500,209.702,209.388,0.011,0.0008
13.04.2021 08:38:05.443 GMT-0500,209.89200000000002,209.388,0.011,0.011
13.04.2021 08:38:06.190 GMT-0500,209.72299999999998,209.387,0.0008,0.011
13.04.2021 08:38:06.852 GMT-0500,209.722,209.538,0.011,0.011
13.04.2021 08:38:09.025 GMT-0500,209.72299999999998,209.39700000000002,0.011,0.011
13.04.2021 08:38:09.294 GMT-0500,209.72299999999998,209.387,0.011,0.011
13.04.2021 08:38:10.394 GMT-0500,209.72299999999998,209.39700000000002,0.011,0.011
13.04.2021 08:38:10.538 GMT-0500,209.722,209.388,0.011,0.011
13.04.2021 08:38:17.416 GMT-0500,209.722,209.398,0.011,0.0075
13.04.2021 08:38:17.579 GMT-0500,209.722,209.388,0.011,0.011
13.04.2021 08:38:21.841 GMT-0500,209.732,209.388,0.011,0.011
13.04.2021 08:38:21.934 GMT-0500,209.69299999999998,209.387,0.0075,0.011
13.04.2021 08:38:25.414 GMT-0500,209.692,209.398,0.011,0.011
13.04.2021 08:38:25.735 GMT-0500,209.69299999999998,209.387,0.011,0.011
13.04.2021 08:38:27.096 GMT-0500,209.69299999999998,209.39700000000002,0.011,0.0075
13.04.2021 08:38:27.455 GMT-0500,209.692,209.388,0.011,0.011
13.04.2021 08:38:31.409 GMT-0500,209.69299999999998,209.6,0.0008,0.0075
13.04.2021 08:38:31.459 GMT-0500,209.90200000000002,209.628,0.011,0.011
13.04.2021 08:38:31.560 GMT-0500,209.90200000000002,209.408,0.011,0.011
13.04.2021 08:38:32.399 GMT-0500,209.873,209.407,0.0075,0.011
13.04.2021 08:38:32.506 GMT-0500,209.873,209.417,0.011,0.0008
13.04.2021 08:38:33.867 GMT-0500,209.872,209.658,0.011,0.0075
13.04.2021 08:38:36.916 GMT-0500,209.872,209.418,0.011,0.011
13.04.2021 08:38:39.705 GMT-0500,209.873,209.42700000000002,0.011,0.0075
13.04.2021 08:38:39.755 GMT-0500,209.893,209.42700000000002,0.011,0.011
13.04.2021 08:38:39.805 GMT-0500,209.722,209.388,0.011,0.011
13.04.2021 08:38:40.416 GMT-0500,209.722,209.398,0.011,0.011
13.04.2021 08:38:40.787 GMT-0500,209.722,209.388,0.011,0.011
13.04.2021 08:38:43.848 GMT-0500,209.65200000000002,209.388,0.0075,0.011
13.04.2021 08:38:43.898 GMT-0500,209.722,209.398,0.011,0.011
13.04.2021 08:38:43.957 GMT-0500,209.69299999999998,209.387,0.011,0.011
13.04.2021 08:38:45.090 GMT-0500,209.692,209.398,0.011,0.0008
13.04.2021 08:38:45.471 GMT-0500,209.69299999999998,209.387,0.011,0.011
13.04.2021 08:38:45.809 GMT-0500,209.72299999999998,209.217,0.011,0.011
13.04.2021 08:38:45.861 GMT-0500,209.663,209.377,0.0008,0.0008
13.04.2021 08:38:48.401 GMT-0500,209.543,209.217,0.011,0.011
13.04.2021 08:38:48.501 GMT-0500,209.683,209.217,0.011,0.011
13.04.2021 08:38:48.833 GMT-0500,209.523,209.217,0.0008,0.011
13.04.2021 08:38:49.094 GMT-0500,209.52200000000002,209.338,0.011,0.0008
13.04.2021 08:38:49.601 GMT-0500,209.52200000000002,209.228,0.011,0.011
13.04.2021 08:38:49.815 GMT-0500,209.52200000000002,209.218,0.011,0.011
13.04.2021 08:38:50.492 GMT-0500,209.523,209.227,0.011,0.0075
13.04.2021 08:38:50.627 GMT-0500,209.523,209.217,0.011,0.011
13.04.2021 08:38:51.225 GMT-0500,209.52200000000002,209.228,0.011,0.0008
13.04.2021 08:38:51.382 GMT-0500,209.52200000000002,209.218,0.011,0.011
13.04.2021 08:38:52.025 GMT-0500,209.523,209.227,0.011,0.0008
13.04.2021 08:38:52.185 GMT-0500,209.523,209.217,0.011,0.011
13.04.2021 08:38:53.755 GMT-0500,209.503,209.217,0.0075,0.011
13.04.2021 08:38:53.901 GMT-0500,209.503,209.227,0.011,0.0075
13.04.2021 08:38:54.066 GMT-0500,209.502,209.218,0.011,0.011
13.04.2021 08:38:55.082 GMT-0500,209.502,209.228,0.011,0.0075
13.04.2021 08:38:55.410 GMT-0500,209.503,209.217,0.011,0.011
13.04.2021 08:38:56.684 GMT-0500,209.482,209.218,0.0075,0.011
13.04.2021 08:38:59.526 GMT-0500,209.572,209.408,0.011,0.011
13.04.2021 08:38:59.885 GMT-0500,209.533,209.417,0.0008,0.011
13.04.2021 08:39:00.583 GMT-0500,209.533,209.217,0.011,0.011
13.04.2021 08:39:02.167 GMT-0500,209.533,209.407,0.0075,0.0008
13.04.2021 08:39:02.217 GMT-0500,209.573,209.407,0.011,0.011
13.04.2021 08:39:02.460 GMT-0500,209.52200000000002,209.408,0.0008,0.011
13.04.2021 08:39:03.220 GMT-0500,209.523,209.217,0.011,0.011
13.04.2021 08:39:04.533 GMT-0500,209.52200000000002,209.408,0.0075,0.0008
13.04.2021 08:39:04.583 GMT-0500,209.692,209.418,0.011,0.011
13.04.2021 08:39:05.081 GMT-0500,209.64200000000002,209.418,0.0075,0.011
13.04.2021 08:39:05.591 GMT-0500,209.64200000000002,209.388,0.011,0.011
13.04.2021 08:39:05.975 GMT-0500,209.64200000000002,209.218,0.011,0.011
13.04.2021 08:39:06.081 GMT-0500,209.69299999999998,209.217,0.011,0.011
13.04.2021 08:39:06.426 GMT-0500,209.643,209.217,0.0008,0.011
13.04.2021 08:39:07.349 GMT-0500,209.64200000000002,209.228,0.011,0.0075
13.04.2021 08:39:07.454 GMT-0500,209.64200000000002,209.218,0.011,0.011
13.04.2021 08:39:10.090 GMT-0500,209.64200000000002,209.308,0.011,0.0075
13.04.2021 08:39:12.433 GMT-0500,209.643,209.217,0.011,0.011
13.04.2021 08:39:17.818 GMT-0500,209.69299999999998,209.217,0.011,0.011
13.04.2021 08:39:18.152 GMT-0500,209.58200000000002,209.218,0.0008,0.011
13.04.2021 08:39:20.632 GMT-0500,209.58200000000002,209.328,0.011,0.0008
13.04.2021 08:39:25.080 GMT-0500,209.58200000000002,209.218,0.011,0.011
13.04.2021 08:39:26.050 GMT-0500,209.58200000000002,209.328,0.011,0.0075
13.04.2021 08:39:27.967 GMT-0500,209.58200000000002,209.308,0.011,0.011
13.04.2021 08:39:28.381 GMT-0500,209.58200000000002,209.218,0.011,0.011
13.04.2021 08:39:33.315 GMT-0500,209.68200000000002,209.218,0.011,0.011
13.04.2021 08:39:33.457 GMT-0500,209.542,209.218,0.011,0.011
13.04.2021 08:39:42.057 GMT-0500,209.543,209.30700000000002,0.011,0.0075
13.04.2021 08:39:48.907 GMT-0500,209.533,209.30700000000002,0.011,0.011
13.04.2021 08:39:50.327 GMT-0500,209.543,209.30700000000002,0.011,0.011
13.04.2021 08:39:51.327 GMT-0500,209.543,209.357,0.0075,0.0008
13.04.2021 08:39:51.378 GMT-0500,209.903,209.447,0.011,0.011
13.04.2021 08:39:51.428 GMT-0500,209.74200000000002,209.408,0.011,0.011
13.04.2021 08:39:51.529 GMT-0500,209.603,209.407,0.011,0.011
13.04.2021 08:39:52.367 GMT-0500,209.743,209.447,0.011,0.011
13.04.2021 08:39:52.468 GMT-0500,209.903,209.227,0.011,0.011
13.04.2021 08:39:52.518 GMT-0500,209.673,209.227,0.011,0.011
13.04.2021 08:39:53.382 GMT-0500,209.67200000000003,209.218,0.011,0.011
13.04.2021 08:40:00.128 GMT-0500,209.673,209.417,0.011,0.011
13.04.2021 08:40:02.909 GMT-0500,209.572,209.418,0.0075,0.011
13.04.2021 08:40:02.960 GMT-0500,209.733,209.067,0.011,0.011
13.04.2021 08:40:03.060 GMT-0500,209.49200000000002,209.188,0.011,0.011
13.04.2021 08:40:04.482 GMT-0500,209.49200000000002,209.198,0.011,0.0075
13.04.2021 08:40:04.638 GMT-0500,209.49200000000002,209.188,0.011,0.011
13.04.2021 08:40:05.802 GMT-0500,209.49200000000002,209.34799999999998,0.0075,0.0008
13.04.2021 08:40:05.852 GMT-0500,209.74200000000002,209.418,0.011,0.011
13.04.2021 08:40:06.029 GMT-0500,209.662,209.418,0.0008,0.011
13.04.2021 08:40:06.130 GMT-0500,209.663,209.347,0.011,0.011
13.04.2021 08:40:08.703 GMT-0500,209.663,209.357,0.011,0.011
13.04.2021 08:40:08.753 GMT-0500,209.662,209.34799999999998,0.011,0.011
13.04.2021 08:40:16.534 GMT-0500,209.663,209.357,0.011,0.0008
13.04.2021 08:40:16.634 GMT-0500,209.662,209.34799999999998,0.011,0.011
13.04.2021 08:40:17.183 GMT-0500,209.662,209.498,0.011,0.0008
13.04.2021 08:40:17.592 GMT-0500,209.662,209.358,0.011,0.011
13.04.2021 08:40:17.969 GMT-0500,209.663,209.347,0.011,0.011
13.04.2021 08:40:22.974 GMT-0500,209.743,209.347,0.011,0.011
13.04.2021 08:40:23.186 GMT-0500,209.743,209.55700000000002,0.0008,0.0075
13.04.2021 08:40:23.236 GMT-0500,209.743,209.36700000000002,0.011,0.011
13.04.2021 08:40:23.336 GMT-0500,209.90200000000002,209.368,0.011,0.011
13.04.2021 08:40:23.387 GMT-0500,209.74200000000002,209.34799999999998,0.011,0.011
13.04.2021 08:40:24.712 GMT-0500,209.743,209.357,0.011,0.011
13.04.2021 08:40:24.868 GMT-0500,209.74200000000002,209.34799999999998,0.011,0.011
13.04.2021 08:40:26.536 GMT-0500,209.743,209.357,0.011,0.0008
13.04.2021 08:40:27.066 GMT-0500,209.743,209.347,0.011,0.011
13.04.2021 08:40:32.132 GMT-0500,209.743,209.357,0.011,0.0075
13.04.2021 08:40:32.368 GMT-0500,209.74200000000002,209.34799999999998,0.011,0.011
13.04.2021 08:40:32.659 GMT-0500,209.722,209.34799999999998,0.011,0.011
13.04.2021 08:40:33.124 GMT-0500,209.72299999999998,209.537,0.011,0.0075
13.04.2021 08:40:37.363 GMT-0500,209.722,209.658,0.0075,0.0008
13.04.2021 08:40:37.413 GMT-0500,209.872,209.718,0.011,0.011
13.04.2021 08:40:37.691 GMT-0500,209.873,209.64700000000002,0.011,0.0075
13.04.2021 08:40:38.769 GMT-0500,209.90200000000002,209.648,0.011,0.011
13.04.2021 08:40:38.896 GMT-0500,209.80200000000002,209.648,0.0075,0.011
13.04.2021 08:40:42.418 GMT-0500,209.803,209.657,0.011,0.0008
13.04.2021 08:40:42.468 GMT-0500,209.893,209.657,0.011,0.011
13.04.2021 08:40:43.471 GMT-0500,209.893,209.64700000000002,0.011,0.011
13.04.2021 08:40:57.532 GMT-0500,210.062,209.648,0.011,0.011
13.04.2021 08:40:57.833 GMT-0500,209.90200000000002,209.648,0.0075,0.011
13.04.2021 08:41:07.775 GMT-0500,209.86200000000002,209.648,0.011,0.011
13.04.2021 08:41:22.994 GMT-0500,209.90200000000002,209.648,0.011,0.011
13.04.2021 08:41:23.637 GMT-0500,209.833,209.64700000000002,0.0008,0.011
13.04.2021 08:41:31.905 GMT-0500,209.833,209.687,0.011,0.011
13.04.2021 08:41:34.477 GMT-0500,209.833,209.64700000000002,0.011,0.011
13.04.2021 08:41:39.864 GMT-0500,209.882,209.688,0.011,0.011
13.04.2021 08:41:40.081 GMT-0500,209.822,209.688,0.0075,0.011
13.04.2021 08:41:46.162 GMT-0500,209.823,209.64700000000002,0.011,0.011
13.04.2021 08:41:50.116 GMT-0500,209.823,209.747,0.0075,0.0008
13.04.2021 08:41:50.167 GMT-0500,209.983,209.747,0.011,0.011
13.04.2021 08:41:51.050 GMT-0500,209.86200000000002,209.648,0.011,0.011
13.04.2021 08:41:51.442 GMT-0500,209.863,209.717,0.011,0.0008
13.04.2021 08:41:58.466 GMT-0500,209.86200000000002,209.648,0.011,0.011
13.04.2021 08:42:00.102 GMT-0500,209.863,209.717,0.011,0.0075
13.04.2021 08:42:04.518 GMT-0500,209.863,209.64700000000002,0.011,0.011
13.04.2021 08:42:10.394 GMT-0500,209.752,209.648,0.0008,0.0075
13.04.2021 08:42:10.444 GMT-0500,209.783,209.39700000000002,0.011,0.011
13.04.2021 08:42:10.589 GMT-0500,209.783,209.347,0.011,0.011
13.04.2021 08:42:11.001 GMT-0500,209.752,209.34799999999998,0.0075,0.011
13.04.2021 08:42:12.763 GMT-0500,209.743,209.347,0.011,0.011
13.04.2021 08:42:18.174 GMT-0500,209.743,209.357,0.011,0.0075
13.04.2021 08:42:18.380 GMT-0500,209.743,209.347,0.011,0.011
13.04.2021 08:42:22.689 GMT-0500,209.74200000000002,209.358,0.011,0.0008
13.04.2021 08:42:22.846 GMT-0500,209.74200000000002,209.34799999999998,0.011,0.011
13.04.2021 08:42:27.361 GMT-0500,209.743,209.357,0.011,0.0075
13.04.2021 08:42:27.834 GMT-0500,209.74200000000002,209.34799999999998,0.011,0.011
13.04.2021 08:42:30.168 GMT-0500,209.743,209.597,0.0075,0.0008
13.04.2021 08:42:30.219 GMT-0500,209.912,209.508,0.011,0.011
13.04.2021 08:42:30.685 GMT-0500,209.893,209.507,0.0008,0.011
13.04.2021 08:42:31.027 GMT-0500,209.89200000000002,209.518,0.011,0.0075
13.04.2021 08:42:31.127 GMT-0500,209.893,209.507,0.011,0.011
13.04.2021 08:42:33.478 GMT-0500,209.89200000000002,209.518,0.011,0.0075
13.04.2021 08:42:33.856 GMT-0500,209.893,209.507,0.011,0.011
13.04.2021 08:42:36.206 GMT-0500,209.893,209.51700000000002,0.011,0.0008
13.04.2021 08:42:36.437 GMT-0500,209.89200000000002,209.508,0.011,0.011
13.04.2021 08:42:38.401 GMT-0500,209.893,209.51700000000002,0.011,0.0008
13.04.2021 08:42:38.594 GMT-0500,209.893,209.507,0.011,0.011
13.04.2021 08:42:44.015 GMT-0500,209.89200000000002,209.518,0.011,0.011
13.04.2021 08:42:44.120 GMT-0500,209.89200000000002,209.508,0.011,0.011
13.04.2021 08:42:45.070 GMT-0500,209.893,209.51700000000002,0.011,0.011
13.04.2021 08:42:45.493 GMT-0500,209.89200000000002,209.508,0.011,0.011
13.04.2021 08:42:46.769 GMT-0500,209.912,209.508,0.011,0.011
13.04.2021 08:42:46.841 GMT-0500,209.882,209.508,0.0008,0.011
13.04.2021 08:42:50.386 GMT-0500,209.883,209.51700000000002,0.011,0.0075
13.04.2021 08:42:50.631 GMT-0500,209.883,209.507,0.011,0.011
13.04.2021 08:42:57.470 GMT-0500,209.883,209.51700000000002,0.011,0.011
13.04.2021 08:42:57.932 GMT-0500,209.882,209.508,0.011,0.011
13.04.2021 08:43:02.311 GMT-0500,209.882,209.518,0.011,0.0075
13.04.2021 08:43:02.361 GMT-0500,209.972,209.578,0.011,0.011
13.04.2021 08:43:02.487 GMT-0500,209.912,209.578,0.011,0.011
13.04.2021 08:43:03.188 GMT-0500,209.86200000000002,209.578,0.0075,0.011
13.04.2021 08:43:11.013 GMT-0500,209.863,209.657,0.011,0.011
13.04.2021 08:43:11.674 GMT-0500,209.86200000000002,209.578,0.011,0.011
13.04.2021 08:43:24.199 GMT-0500,209.853,209.577,0.011,0.011
13.04.2021 08:43:27.885 GMT-0500,209.853,209.727,0.011,0.0075
13.04.2021 08:43:27.935 GMT-0500,209.853,209.577,0.011,0.011
13.04.2021 08:43:31.859 GMT-0500,209.853,209.58700000000002,0.011,0.0075
13.04.2021 08:43:32.966 GMT-0500,209.852,209.578,0.011,0.011
13.04.2021 08:43:35.073 GMT-0500,209.853,209.667,0.011,0.0008
13.04.2021 08:43:39.731 GMT-0500,209.913,209.667,0.011,0.011
13.04.2021 08:43:40.081 GMT-0500,209.89200000000002,209.668,0.0075,0.011
13.04.2021 08:43:43.189 GMT-0500,209.893,209.657,0.011,0.011
13.04.2021 08:43:44.159 GMT-0500,209.893,209.577,0.011,0.011
13.04.2021 08:43:54.129 GMT-0500,209.89200000000002,209.668,0.011,0.0008
13.04.2021 08:43:57.554 GMT-0500,209.913,209.667,0.011,0.011
13.04.2021 08:43:58.642 GMT-0500,209.893,209.667,0.0008,0.011
13.04.2021 08:44:00.112 GMT-0500,209.89200000000002,209.578,0.011,0.011
13.04.2021 08:44:02.922 GMT-0500,209.893,209.77700000000002,0.011,0.0075
13.04.2021 08:44:02.972 GMT-0500,209.893,209.577,0.011,0.011
13.04.2021 08:44:04.366 GMT-0500,209.893,209.727,0.011,0.0075
13.04.2021 08:44:15.136 GMT-0500,210.062,209.668,0.011,0.011
13.04.2021 08:44:15.187 GMT-0500,209.883,209.667,0.011,0.011
13.04.2021 08:44:19.401 GMT-0500,209.883,209.577,0.011,0.011
13.04.2021 08:44:19.625 GMT-0500,209.883,209.58700000000002,0.011,0.0008
13.04.2021 08:44:20.030 GMT-0500,209.882,209.578,0.011,0.011
13.04.2021 08:44:20.839 GMT-0500,209.883,209.667,0.011,0.0075
13.04.2021 08:44:23.346 GMT-0500,209.883,209.577,0.011,0.011
13.04.2021 08:44:24.016 GMT-0500,209.882,209.698,0.011,0.011
13.04.2021 08:44:24.067 GMT-0500,209.883,209.67700000000002,0.011,0.011
13.04.2021 08:44:24.279 GMT-0500,209.883,209.58700000000002,0.011,0.011
13.04.2021 08:44:25.074 GMT-0500,209.882,209.578,0.011,0.011
13.04.2021 08:44:28.699 GMT-0500,209.883,209.667,0.011,0.0008
13.04.2021 08:44:30.224 GMT-0500,209.883,209.827,0.0008,0.0075
13.04.2021 08:44:30.275 GMT-0500,210.05200000000002,209.828,0.011,0.011
13.04.2021 08:44:30.406 GMT-0500,209.97299999999998,209.827,0.0075,0.011
13.04.2021 08:44:31.282 GMT-0500,209.972,209.728,0.011,0.011
13.04.2021 08:44:31.726 GMT-0500,209.972,209.738,0.011,0.011
13.04.2021 08:44:32.107 GMT-0500,209.97299999999998,209.727,0.011,0.011
13.04.2021 08:44:36.920 GMT-0500,209.972,209.858,0.011,0.011
13.04.2021 08:44:38.914 GMT-0500,209.913,209.857,0.0008,0.0075
13.04.2021 08:44:38.964 GMT-0500,210.053,209.667,0.011,0.011
13.04.2021 08:44:39.043 GMT-0500,209.912,209.668,0.0075,0.011
13.04.2021 08:44:39.517 GMT-0500,209.842,209.668,0.0008,0.011
13.04.2021 08:44:39.567 GMT-0500,209.912,209.668,0.011,0.011
13.04.2021 08:44:39.949 GMT-0500,209.90200000000002,209.668,0.0075,0.011
13.04.2021 08:44:43.963 GMT-0500,209.89200000000002,209.668,0.011,0.011
13.04.2021 08:44:46.587 GMT-0500,209.823,209.667,0.011,0.011
13.04.2021 08:44:46.637 GMT-0500,209.903,209.667,0.011,0.011
13.04.2021 08:44:46.739 GMT-0500,209.86200000000002,209.668,0.0075,0.011
13.04.2021 08:44:51.713 GMT-0500,209.783,209.667,0.0008,0.0075
13.04.2021 08:44:51.763 GMT-0500,210.05200000000002,209.508,0.011,0.011
13.04.2021 08:44:51.948 GMT-0500,209.782,209.508,0.0008,0.011
13.04.2021 08:45:00.869 GMT-0500,209.782,209.528,0.011,0.0008
13.04.2021 08:45:02.150 GMT-0500,209.77200000000002,209.528,0.0008,0.011
13.04.2021 08:45:05.107 GMT-0500,209.762,209.528,0.0075,0.0008
13.04.2021 08:45:05.157 GMT-0500,209.842,209.408,0.011,0.011
13.04.2021 08:45:05.218 GMT-0500,209.653,209.407,0.0075,0.011
13.04.2021 08:45:06.087 GMT-0500,209.65200000000002,209.418,0.011,0.0008
13.04.2021 08:45:06.188 GMT-0500,209.653,209.407,0.011,0.011
13.04.2021 08:45:07.177 GMT-0500,209.603,209.407,0.0008,0.011
13.04.2021 08:45:07.227 GMT-0500,209.842,209.548,0.011,0.011
13.04.2021 08:45:07.278 GMT-0500,209.833,209.597,0.011,0.011
13.04.2021 08:45:07.328 GMT-0500,209.842,209.59799999999998,0.011,0.011
13.04.2021 08:45:07.393 GMT-0500,209.732,209.59799999999998,0.0075,0.011
13.04.2021 08:45:08.897 GMT-0500,209.683,209.597,0.0008,0.011
13.04.2021 08:45:08.948 GMT-0500,209.662,209.418,0.011,0.011
13.04.2021 08:45:08.998 GMT-0500,209.662,209.498,0.011,0.0008
13.04.2021 08:45:10.150 GMT-0500,209.663,209.567,0.011,0.0008
13.04.2021 08:45:10.200 GMT-0500,209.842,209.498,0.011,0.011
13.04.2021 08:45:10.301 GMT-0500,209.843,209.407,0.011,0.011
13.04.2021 08:45:10.456 GMT-0500,209.673,209.407,0.0075,0.011
13.04.2021 08:45:12.209 GMT-0500,209.673,209.417,0.011,0.0008
13.04.2021 08:45:12.259 GMT-0500,209.673,209.407,0.011,0.011
13.04.2021 08:45:14.015 GMT-0500,209.673,209.417,0.011,0.0008
13.04.2021 08:45:14.245 GMT-0500,209.673,209.407,0.011,0.011
13.04.2021 08:45:15.056 GMT-0500,209.67200000000003,209.418,0.011,0.0075
13.04.2021 08:45:15.107 GMT-0500,209.673,209.407,0.011,0.011
13.04.2021 08:45:15.157 GMT-0500,209.643,209.407,0.011,0.011
13.04.2021 08:45:17.704 GMT-0500,209.64200000000002,209.418,0.011,0.0075
13.04.2021 08:45:18.114 GMT-0500,209.643,209.407,0.011,0.011
13.04.2021 08:45:21.782 GMT-0500,209.64200000000002,209.418,0.011,0.0075
13.04.2021 08:45:21.984 GMT-0500,209.643,209.407,0.011,0.011
13.04.2021 08:45:26.010 GMT-0500,209.64200000000002,209.418,0.011,0.0075
13.04.2021 08:45:26.295 GMT-0500,209.64200000000002,209.408,0.011,0.011
13.04.2021 08:45:31.268 GMT-0500,209.64200000000002,209.418,0.011,0.0075
13.04.2021 08:45:31.448 GMT-0500,209.643,209.407,0.011,0.011
13.04.2021 08:45:35.666 GMT-0500,209.643,209.417,0.011,0.0075
13.04.2021 08:45:36.173 GMT-0500,209.643,209.407,0.011,0.011
13.04.2021 08:45:38.953 GMT-0500,209.572,209.418,0.0075,0.0075
13.04.2021 08:45:39.004 GMT-0500,209.643,209.42700000000002,0.011,0.011
13.04.2021 08:45:39.054 GMT-0500,209.572,209.428,0.0075,0.011
13.04.2021 08:45:46.128 GMT-0500,209.6,209.55700000000002,0.0075,0.0008
13.04.2021 08:45:46.178 GMT-0500,209.843,209.54700000000003,0.011,0.011
13.04.2021 08:45:46.317 GMT-0500,209.662,209.548,0.0075,0.011
13.04.2021 08:45:51.435 GMT-0500,209.662,209.608,0.011,0.0008
13.04.2021 08:45:51.485 GMT-0500,209.833,209.61700000000002,0.011,0.011
13.04.2021 08:45:51.903 GMT-0500,209.732,209.618,0.0008,0.011
13.04.2021 08:46:19.170 GMT-0500,210.042,209.688,0.011,0.011
13.04.2021 08:46:19.225 GMT-0500,209.86200000000002,209.688,0.0008,0.011
13.04.2021 08:46:21.180 GMT-0500,209.863,209.697,0.011,0.011
13.04.2021 08:46:22.658 GMT-0500,209.823,209.697,0.011,0.011
13.04.2021 08:46:24.815 GMT-0500,209.842,209.698,0.011,0.011
13.04.2021 08:46:27.340 GMT-0500,209.822,209.698,0.0008,0.011
13.04.2021 08:46:27.503 GMT-0500,209.86200000000002,209.698,0.011,0.011
13.04.2021 08:46:27.720 GMT-0500,209.842,209.698,0.0075,0.011
13.04.2021 08:46:28.959 GMT-0500,209.822,209.698,0.0075,0.011
13.04.2021 08:46:29.753 GMT-0500,209.863,209.697,0.011,0.011
13.04.2021 08:46:33.981 GMT-0500,209.863,209.70700000000002,0.011,0.0075
13.04.2021 08:46:34.455 GMT-0500,209.86200000000002,209.718,0.0008,0.0075
13.04.2021 08:46:34.505 GMT-0500,210.063,209.717,0.011,0.011
13.04.2021 08:46:35.077 GMT-0500,209.83,209.717,0.0008,0.011
13.04.2021 08:46:40.080 GMT-0500,209.74200000000002,209.71,0.0075,0.0008
13.04.2021 08:46:40.130 GMT-0500,209.77200000000002,209.56799999999998,0.011,0.011
13.04.2021 08:46:40.245 GMT-0500,209.773,209.55700000000002,0.011,0.011
13.04.2021 08:46:40.318 GMT-0500,209.743,209.55700000000002,0.0075,0.011
13.04.2021 08:46:49.935 GMT-0500,209.732,209.558,0.0008,0.011
13.04.2021 08:47:03.123 GMT-0500,209.733,209.58700000000002,0.011,0.0075
13.04.2021 08:47:03.173 GMT-0500,209.733,209.55700000000002,0.011,0.011
13.04.2021 08:47:03.896 GMT-0500,209.758,209.67700000000002,0.0008,0.0075
13.04.2021 08:47:03.947 GMT-0500,210.062,209.56799999999998,0.011,0.011
13.04.2021 08:47:04.019 GMT-0500,209.912,209.56799999999998,0.0008,0.0075
13.04.2021 08:47:04.070 GMT-0500,209.912,209.558,0.011,0.011
13.04.2021 08:47:04.120 GMT-0500,209.843,209.55700000000002,0.011,0.011
13.04.2021 08:47:11.552 GMT-0500,209.842,209.56799999999998,0.011,0.011
13.04.2021 08:47:12.082 GMT-0500,209.842,209.558,0.011,0.011
13.04.2021 08:47:18.903 GMT-0500,209.843,209.567,0.011,0.011
13.04.2021 08:47:19.398 GMT-0500,209.843,209.55700000000002,0.011,0.011
13.04.2021 08:47:25.538 GMT-0500,209.843,209.567,0.011,0.0075
13.04.2021 08:47:25.838 GMT-0500,209.842,209.558,0.011,0.011
13.04.2021 08:47:29.036 GMT-0500,209.843,209.567,0.011,0.0075
13.04.2021 08:47:29.260 GMT-0500,209.843,209.55700000000002,0.011,0.011
13.04.2021 08:47:30.328 GMT-0500,209.842,209.56799999999998,0.011,0.0075
13.04.2021 08:47:30.560 GMT-0500,209.842,209.558,0.011,0.011
13.04.2021 08:47:32.098 GMT-0500,209.843,209.687,0.011,0.0075
13.04.2021 08:47:32.149 GMT-0500,210.062,209.688,0.011,0.011
13.04.2021 08:47:32.223 GMT-0500,209.89200000000002,209.688,0.011,0.011
13.04.2021 08:47:37.613 GMT-0500,209.893,209.567,0.011,0.011
13.04.2021 08:47:37.861 GMT-0500,209.893,209.55700000000002,0.011,0.011
13.04.2021 08:47:38.482 GMT-0500,209.893,209.567,0.011,0.0008
13.04.2021 08:47:38.725 GMT-0500,209.893,209.55700000000002,0.011,0.011
13.04.2021 08:47:40.674 GMT-0500,209.89200000000002,209.56799999999998,0.011,0.0008
13.04.2021 08:47:40.886 GMT-0500,209.893,209.55700000000002,0.011,0.011
13.04.2021 08:47:43.648 GMT-0500,209.893,209.67700000000002,0.011,0.0075
13.04.2021 08:47:56.365 GMT-0500,209.92200000000003,209.678,0.011,0.011
13.04.2021 08:47:56.418 GMT-0500,209.882,209.678,0.0075,0.011
13.04.2021 08:48:03.238 GMT-0500,209.882,209.558,0.011,0.011
13.04.2021 08:48:03.288 GMT-0500,209.882,209.56799999999998,0.011,0.011
13.04.2021 08:48:03.497 GMT-0500,209.883,209.55700000000002,0.011,0.011
13.04.2021 08:48:04.108 GMT-0500,209.783,209.567,0.0075,0.0075
13.04.2021 08:48:04.489 GMT-0500,209.782,209.558,0.011,0.011
13.04.2021 08:48:05.082 GMT-0500,209.773,209.55700000000002,0.0075,0.011
13.04.2021 08:48:06.182 GMT-0500,209.773,209.567,0.011,0.0075
13.04.2021 08:48:06.232 GMT-0500,209.773,209.55700000000002,0.011,0.011
13.04.2021 08:48:07.832 GMT-0500,209.77200000000002,209.56799999999998,0.011,0.0075
13.04.2021 08:48:07.985 GMT-0500,209.773,209.55700000000002,0.011,0.011
13.04.2021 08:48:10.219 GMT-0500,209.77200000000002,209.56799999999998,0.011,0.0075
13.04.2021 08:48:10.269 GMT-0500,209.773,209.55700000000002,0.011,0.011
13.04.2021 08:48:24.266 GMT-0500,209.785,209.748,0.0075,0.0008
13.04.2021 08:48:24.316 GMT-0500,210.063,209.567,0.011,0.011
13.04.2021 08:48:24.367 GMT-0500,210.062,209.558,0.011,0.011
13.04.2021 08:48:25.076 GMT-0500,209.89200000000002,209.558,0.0075,0.011
13.04.2021 08:48:30.800 GMT-0500,209.89200000000002,209.56799999999998,0.011,0.0008
13.04.2021 08:48:31.184 GMT-0500,209.89200000000002,209.558,0.011,0.011
13.04.2021 08:48:36.339 GMT-0500,209.89200000000002,209.56799999999998,0.011,0.0008
13.04.2021 08:48:36.516 GMT-0500,209.89200000000002,209.558,0.011,0.011
13.04.2021 08:48:37.717 GMT-0500,209.893,209.567,0.011,0.011
13.04.2021 08:48:38.077 GMT-0500,209.893,209.55700000000002,0.011,0.011
13.04.2021 08:48:40.761 GMT-0500,209.92200000000003,209.558,0.011,0.011
13.04.2021 08:48:43.080 GMT-0500,209.873,209.55700000000002,0.0008,0.011
13.04.2021 08:48:51.143 GMT-0500,209.873,209.567,0.011,0.011
13.04.2021 08:48:51.394 GMT-0500,209.873,209.55700000000002,0.011,0.011
13.04.2021 08:48:55.045 GMT-0500,209.873,209.697,0.011,0.0008
13.04.2021 08:48:57.791 GMT-0500,209.792,209.698,0.0075,0.011
13.04.2021 08:48:57.841 GMT-0500,209.872,209.698,0.011,0.011
13.04.2021 08:48:59.261 GMT-0500,209.853,209.697,0.0075,0.011
13.04.2021 08:49:27.794 GMT-0500,209.853,209.73700000000002,0.011,0.0008
13.04.2021 08:49:27.845 GMT-0500,209.852,209.708,0.011,0.011
13.04.2021 08:49:31.998 GMT-0500,209.843,209.70700000000002,0.0075,0.011
13.04.2021 08:49:36.008 GMT-0500,209.842,209.718,0.011,0.0008
13.04.2021 08:49:36.782 GMT-0500,209.80200000000002,209.718,0.0008,0.011
13.04.2021 08:49:36.832 GMT-0500,209.842,209.718,0.011,0.011
13.04.2021 08:49:43.799 GMT-0500,209.83200000000002,209.718,0.0008,0.011
13.04.2021 08:49:49.227 GMT-0500,209.823,209.717,0.0008,0.011
13.04.2021 08:50:00.120 GMT-0500,210.05200000000002,209.718,0.011,0.011
13.04.2021 08:50:00.278 GMT-0500,209.893,209.717,0.0075,0.011
13.04.2021 08:50:00.328 GMT-0500,210.062,209.84799999999998,0.011,0.011
13.04.2021 08:50:00.378 GMT-0500,210.063,209.83700000000002,0.011,0.011
13.04.2021 08:50:00.590 GMT-0500,209.963,209.83700000000002,0.0008,0.011
13.04.2021 08:50:02.602 GMT-0500,209.96200000000002,209.908,0.0075,0.0008
13.04.2021 08:50:02.652 GMT-0500,210.202,209.918,0.011,0.011
13.04.2021 08:50:02.843 GMT-0500,210.005,209.917,0.0008,0.011
13.04.2021 08:50:04.815 GMT-0500,209.983,209.92700000000002,0.011,0.0008
13.04.2021 08:50:05.158 GMT-0500,209.983,209.917,0.011,0.011
13.04.2021 08:50:05.530 GMT-0500,209.982,209.948,0.0075,0.0008
13.04.2021 08:50:05.581 GMT-0500,210.192,209.868,0.011,0.011
13.04.2021 08:50:05.641 GMT-0500,210.063,209.86700000000002,0.0008,0.011
13.04.2021 08:50:05.843 GMT-0500,209.933,209.86700000000002,0.0075,0.011
13.04.2021 08:50:05.893 GMT-0500,209.93200000000002,209.718,0.011,0.011
13.04.2021 08:50:06.903 GMT-0500,209.94299999999998,209.67700000000002,0.011,0.011
13.04.2021 08:50:08.681 GMT-0500,209.942,209.688,0.011,0.011
13.04.2021 08:50:08.813 GMT-0500,209.942,209.678,0.011,0.011
13.04.2021 08:50:11.652 GMT-0500,209.94299999999998,209.687,0.011,0.0008
13.04.2021 08:50:11.766 GMT-0500,209.94299999999998,209.67700000000002,0.011,0.011
13.04.2021 08:50:13.506 GMT-0500,209.942,209.788,0.011,0.0008
13.04.2021 08:50:14.470 GMT-0500,209.942,209.858,0.0008,0.0075
13.04.2021 08:50:14.520 GMT-0500,210.063,209.86700000000002,0.011,0.011
13.04.2021 08:50:14.638 GMT-0500,210.003,209.86700000000002,0.0008,0.011
13.04.2021 08:50:14.857 GMT-0500,209.94299999999998,209.86700000000002,0.0075,0.011
13.04.2021 08:50:14.908 GMT-0500,210.003,209.80700000000002,0.011,0.011
13.04.2021 08:50:15.115 GMT-0500,210.062,209.808,0.011,0.011
13.04.2021 08:50:15.310 GMT-0500,209.942,209.788,0.0008,0.011
13.04.2021 08:50:16.360 GMT-0500,209.94299999999998,209.80700000000002,0.011,0.0008
13.04.2021 08:50:18.724 GMT-0500,209.942,209.84799999999998,0.011,0.0075
13.04.2021 08:50:18.774 GMT-0500,209.942,209.788,0.011,0.011
13.04.2021 08:50:22.569 GMT-0500,209.942,209.808,0.011,0.011
13.04.2021 08:50:24.628 GMT-0500,209.94299999999998,209.67700000000002,0.011,0.011
13.04.2021 08:50:29.920 GMT-0500,209.94299999999998,209.827,0.011,0.0075
13.04.2021 08:50:33.307 GMT-0500,210.062,209.828,0.011,0.011
13.04.2021 08:50:33.502 GMT-0500,210.073,209.827,0.011,0.011
13.04.2021 08:50:34.328 GMT-0500,209.972,209.828,0.0075,0.011
13.04.2021 08:50:40.095 GMT-0500,210.202,209.938,0.011,0.011
13.04.2021 08:50:40.146 GMT-0500,210.203,209.887,0.011,0.011
13.04.2021 08:50:40.438 GMT-0500,210.103,209.887,0.0008,0.011
13.04.2021 08:50:41.161 GMT-0500,210.102,209.84799999999998,0.011,0.011
13.04.2021 08:50:41.492 GMT-0500,210.102,209.858,0.011,0.0075
13.04.2021 08:50:41.719 GMT-0500,210.102,209.84799999999998,0.011,0.011
13.04.2021 08:50:42.397 GMT-0500,210.102,209.858,0.011,0.0075
13.04.2021 08:50:42.497 GMT-0500,210.102,209.84799999999998,0.011,0.011
13.04.2021 08:50:43.215 GMT-0500,210.103,209.937,0.011,0.0008
13.04.2021 08:50:55.669 GMT-0500,210.21200000000002,209.938,0.011,0.011
13.04.2021 08:50:57.089 GMT-0500,210.14200000000002,209.938,0.011,0.011
13.04.2021 08:51:00.912 GMT-0500,210.213,209.937,0.011,0.011
13.04.2021 08:51:01.842 GMT-0500,210.21200000000002,209.948,0.011,0.0075
13.04.2021 08:51:02.162 GMT-0500,210.083,209.947,0.011,0.011
13.04.2021 08:51:10.064 GMT-0500,210.08200000000002,209.938,0.011,0.011
13.04.2021 08:51:10.836 GMT-0500,210.083,209.977,0.011,0.0008
13.04.2021 08:51:16.636 GMT-0500,210.083,209.98700000000002,0.011,0.011
13.04.2021 08:51:19.674 GMT-0500,210.042,209.988,0.0075,0.0008
13.04.2021 08:51:19.724 GMT-0500,210.02200000000002,209.84799999999998,0.011,0.011
13.04.2021 08:51:20.152 GMT-0500,210.21200000000002,209.84799999999998,0.011,0.011
13.04.2021 08:51:20.689 GMT-0500,210.023,209.847,0.0008,0.011
13.04.2021 08:51:24.493 GMT-0500,210.023,209.98700000000002,0.0075,0.0008
13.04.2021 08:51:24.543 GMT-0500,210.213,209.857,0.011,0.011
13.04.2021 08:51:28.704 GMT-0500,210.213,209.98700000000002,0.011,0.0075
13.04.2021 08:51:36.769 GMT-0500,210.203,209.98700000000002,0.0008,0.011
13.04.2021 08:51:36.952 GMT-0500,210.213,209.98700000000002,0.011,0.011
13.04.2021 08:51:38.183 GMT-0500,210.203,209.98700000000002,0.011,0.011
13.04.2021 08:51:38.690 GMT-0500,210.21200000000002,209.988,0.011,0.011
13.04.2021 08:51:43.760 GMT-0500,210.213,209.847,0.011,0.011
13.04.2021 08:51:46.524 GMT-0500,210.213,209.937,0.011,0.0008
13.04.2021 08:51:52.073 GMT-0500,210.21200000000002,210.028,0.0008,0.0075
13.04.2021 08:51:52.123 GMT-0500,210.252,209.948,0.011,0.011
13.04.2021 08:51:53.267 GMT-0500,210.253,210.037,0.011,0.0075
13.04.2021 08:51:54.316 GMT-0500,210.252,210.088,0.011,0.0075
13.04.2021 08:51:54.367 GMT-0500,210.253,210.037,0.011,0.011
13.04.2021 08:51:54.417 GMT-0500,210.253,210.04700000000003,0.011,0.011
13.04.2021 08:51:54.932 GMT-0500,210.252,210.148,0.011,0.0075
13.04.2021 08:51:54.982 GMT-0500,210.252,210.048,0.011,0.011
13.04.2021 08:51:57.468 GMT-0500,210.252,210.038,0.011,0.011
13.04.2021 08:51:59.449 GMT-0500,210.252,210.008,0.011,0.011
13.04.2021 08:52:01.102 GMT-0500,210.252,210.018,0.011,0.011
13.04.2021 08:52:01.703 GMT-0500,210.252,210.008,0.011,0.011
13.04.2021 08:52:03.597 GMT-0500,210.253,210.097,0.011,0.0008
13.04.2021 08:52:03.835 GMT-0500,210.253,210.14700000000002,0.011,0.0075
13.04.2021 08:52:08.498 GMT-0500,210.252,210.008,0.011,0.011
13.04.2021 08:52:12.903 GMT-0500,210.252,210.018,0.011,0.0008
13.04.2021 08:52:13.009 GMT-0500,210.253,210.007,0.011,0.011
13.04.2021 08:52:14.601 GMT-0500,210.253,210.01700000000002,0.011,0.011
13.04.2021 08:52:14.745 GMT-0500,210.253,210.007,0.011,0.011
13.04.2021 08:52:15.672 GMT-0500,210.252,210.148,0.011,0.011
13.04.2021 08:52:20.665 GMT-0500,210.252,210.09799999999998,0.011,0.011
13.04.2021 08:52:30.067 GMT-0500,210.252,210.158,0.011,0.0008
13.04.2021 08:52:31.142 GMT-0500,210.253,210.097,0.011,0.011
13.04.2021 08:52:33.731 GMT-0500,210.253,210.157,0.011,0.0075
13.04.2021 08:53:01.151 GMT-0500,210.253,210.007,0.011,0.011
13.04.2021 08:53:01.679 GMT-0500,210.253,210.01700000000002,0.011,0.011
13.04.2021 08:53:02.049 GMT-0500,210.253,210.007,0.011,0.011
13.04.2021 08:53:03.699 GMT-0500,210.253,210.185,0.0075,0.0008
13.04.2021 08:53:03.749 GMT-0500,210.482,210.118,0.011,0.011
13.04.2021 08:53:03.800 GMT-0500,210.49200000000002,210.118,0.011,0.011
13.04.2021 08:53:06.356 GMT-0500,210.493,210.127,0.011,0.011
13.04.2021 08:53:06.524 GMT-0500,210.483,210.127,0.0075,0.011
13.04.2021 08:53:07.294 GMT-0500,210.47299999999998,210.127,0.0008,0.011
13.04.2021 08:53:09.796 GMT-0500,210.33200000000002,210.128,0.0008,0.011
13.04.2021 08:53:24.910 GMT-0500,210.33200000000002,210.208,0.011,0.0008
13.04.2021 08:53:28.553 GMT-0500,210.343,210.20700000000002,0.011,0.011
13.04.2021 08:53:30.056 GMT-0500,210.342,210.138,0.011,0.011
13.04.2021 08:53:30.107 GMT-0500,210.343,210.127,0.011,0.011
13.04.2021 08:53:32.043 GMT-0500,210.333,210.137,0.0008,0.0008
13.04.2021 08:53:32.147 GMT-0500,210.322,210.118,0.011,0.011
13.04.2021 08:53:34.025 GMT-0500,210.282,210.178,0.0008,0.0008
13.04.2021 08:53:34.127 GMT-0500,210.312,210.178,0.011,0.011
13.04.2021 08:53:35.064 GMT-0500,210.47299999999998,210.17700000000002,0.011,0.011
13.04.2021 08:53:35.856 GMT-0500,210.46200000000002,210.178,0.011,0.011
13.04.2021 08:53:39.301 GMT-0500,210.452,210.178,0.0075,0.011
13.04.2021 08:53:43.156 GMT-0500,210.44299999999998,210.17700000000002,0.0075,0.011
13.04.2021 08:53:43.382 GMT-0500,210.49200000000002,210.178,0.011,0.011
13.04.2021 08:53:43.963 GMT-0500,210.333,210.17700000000002,0.011,0.011
13.04.2021 08:53:52.818 GMT-0500,210.312,210.178,0.0075,0.011
13.04.2021 08:53:53.818 GMT-0500,210.493,210.17700000000002,0.011,0.011
13.04.2021 08:53:53.904 GMT-0500,210.482,210.178,0.0075,0.011
13.04.2021 08:53:54.123 GMT-0500,210.49200000000002,210.178,0.011,0.011
13.04.2021 08:53:54.649 GMT-0500,210.482,210.178,0.011,0.011
13.04.2021 08:53:54.980 GMT-0500,210.493,210.17700000000002,0.011,0.011
13.04.2021 08:54:00.258 GMT-0500,210.483,210.17700000000002,0.0075,0.011
13.04.2021 08:54:00.571 GMT-0500,210.49200000000002,210.178,0.011,0.011
13.04.2021 08:54:01.049 GMT-0500,210.483,210.17700000000002,0.0075,0.011
13.04.2021 08:54:01.447 GMT-0500,210.493,210.17700000000002,0.011,0.011
13.04.2021 08:54:02.507 GMT-0500,210.483,210.17700000000002,0.0008,0.0075
13.04.2021 08:54:02.558 GMT-0500,210.483,210.11700000000002,0.011,0.011
13.04.2021 08:54:02.641 GMT-0500,210.49200000000002,210.118,0.011,0.011
13.04.2021 08:54:03.151 GMT-0500,210.483,210.11700000000002,0.0008,0.011
13.04.2021 08:54:03.592 GMT-0500,210.493,210.11700000000002,0.011,0.011
13.04.2021 08:54:04.918 GMT-0500,210.482,210.118,0.0075,0.011
13.04.2021 08:54:05.300 GMT-0500,210.49200000000002,210.118,0.011,0.011
13.04.2021 08:54:10.259 GMT-0500,210.483,210.11700000000002,0.0075,0.011
13.04.2021 08:54:10.461 GMT-0500,210.493,210.11700000000002,0.011,0.011
13.04.2021 08:54:17.304 GMT-0500,210.482,210.118,0.0075,0.011
13.04.2021 08:54:17.770 GMT-0500,210.493,210.11700000000002,0.011,0.011
13.04.2021 08:54:24.658 GMT-0500,210.263,210.11700000000002,0.0075,0.011
13.04.2021 08:54:24.709 GMT-0500,210.493,210.11700000000002,0.011,0.011
13.04.2021 08:54:25.356 GMT-0500,210.482,210.118,0.0008,0.011
13.04.2021 08:54:28.231 GMT-0500,210.472,210.118,0.011,0.011
13.04.2021 08:54:29.209 GMT-0500,210.353,210.27700000000002,0.0075,0.0075
13.04.2021 08:54:29.260 GMT-0500,210.353,210.127,0.011,0.011
13.04.2021 08:54:30.882 GMT-0500,210.33200000000002,210.118,0.0008,0.011
13.04.2021 08:54:36.758 GMT-0500,210.323,210.11700000000002,0.011,0.011
13.04.2021 08:54:38.304 GMT-0500,210.312,210.118,0.011,0.011
13.04.2021 08:54:38.637 GMT-0500,210.323,210.11700000000002,0.011,0.011
13.04.2021 08:54:38.793 GMT-0500,210.313,210.11700000000002,0.0008,0.011
13.04.2021 08:54:51.097 GMT-0500,210.202,210.118,0.0075,0.0008
13.04.2021 08:54:51.148 GMT-0500,210.30200000000002,210.018,0.011,0.011
13.04.2021 08:54:51.216 GMT-0500,210.24200000000002,210.018,0.0075,0.0008
13.04.2021 08:54:51.266 GMT-0500,210.243,210.007,0.011,0.011
13.04.2021 08:54:51.381 GMT-0500,210.173,210.007,0.0008,0.0075
13.04.2021 08:54:51.431 GMT-0500,210.30200000000002,209.948,0.011,0.011
13.04.2021 08:54:51.509 GMT-0500,210.163,209.947,0.0075,0.011
13.04.2021 08:54:52.172 GMT-0500,210.163,209.847,0.011,0.011
13.04.2021 08:54:52.224 GMT-0500,210.163,209.857,0.011,0.0008
13.04.2021 08:54:52.457 GMT-0500,210.163,209.847,0.011,0.011
13.04.2021 08:55:00.941 GMT-0500,210.163,209.947,0.011,0.0075
13.04.2021 08:55:03.523 GMT-0500,210.162,209.84799999999998,0.011,0.011
13.04.2021 08:55:04.939 GMT-0500,210.062,209.84799999999998,0.0075,0.011
13.04.2021 08:55:04.990 GMT-0500,210.153,209.80700000000002,0.011,0.011
13.04.2021 08:55:05.081 GMT-0500,210.053,209.80700000000002,0.011,0.011
13.04.2021 08:55:08.097 GMT-0500,210.053,209.817,0.011,0.0008
13.04.2021 08:55:08.299 GMT-0500,210.15200000000002,209.668,0.011,0.011
13.04.2021 08:55:08.436 GMT-0500,210.02200000000002,209.668,0.0075,0.011
13.04.2021 08:55:10.912 GMT-0500,210.02200000000002,209.81799999999998,0.011,0.011
13.04.2021 08:55:25.485 GMT-0500,210.023,209.98700000000002,0.0075,0.0008
13.04.2021 08:55:25.535 GMT-0500,210.273,209.817,0.011,0.011
13.04.2021 08:55:26.429 GMT-0500,210.27200000000002,209.838,0.011,0.0075
13.04.2021 08:55:27.452 GMT-0500,210.27200000000002,209.84799999999998,0.011,0.0008
13.04.2021 08:55:28.453 GMT-0500,210.27200000000002,209.858,0.011,0.0008
13.04.2021 08:55:36.040 GMT-0500,210.273,209.86700000000002,0.011,0.0008
13.04.2021 08:55:36.619 GMT-0500,210.27200000000002,209.998,0.011,0.0008
13.04.2021 08:55:38.132 GMT-0500,210.27200000000002,210.048,0.011,0.0075
13.04.2021 08:55:41.163 GMT-0500,210.27200000000002,210.118,0.011,0.0075
13.04.2021 08:55:41.214 GMT-0500,210.273,210.05700000000002,0.011,0.011
13.04.2021 08:55:41.378 GMT-0500,210.273,210.067,0.011,0.0075
13.04.2021 08:55:42.790 GMT-0500,210.27200000000002,210.09799999999998,0.011,0.011
13.04.2021 08:55:42.841 GMT-0500,210.273,210.067,0.011,0.011
13.04.2021 08:55:47.228 GMT-0500,210.27200000000002,210.048,0.011,0.011
13.04.2021 08:55:50.547 GMT-0500,210.27200000000002,210.188,0.0075,0.0008
13.04.2021 08:55:50.597 GMT-0500,210.323,210.05700000000002,0.011,0.011
13.04.2021 08:55:51.552 GMT-0500,210.323,210.04700000000003,0.011,0.011
13.04.2021 08:55:52.192 GMT-0500,210.322,209.998,0.011,0.011
13.04.2021 08:55:55.774 GMT-0500,210.322,210.008,0.011,0.0075
13.04.2021 08:55:58.233 GMT-0500,210.322,210.018,0.011,0.0008
13.04.2021 08:56:02.833 GMT-0500,210.323,210.02700000000002,0.011,0.011
13.04.2021 08:56:05.659 GMT-0500,210.323,210.037,0.011,0.0075
13.04.2021 08:56:12.504 GMT-0500,210.323,210.04700000000003,0.011,0.0075
13.04.2021 08:56:13.289 GMT-0500,210.493,210.27700000000002,0.011,0.011
13.04.2021 08:56:13.339 GMT-0500,210.49200000000002,210.038,0.011,0.011
13.04.2021 08:56:13.678 GMT-0500,210.49200000000002,210.338,0.011,0.0008
13.04.2021 08:56:13.728 GMT-0500,210.493,210.037,0.011,0.011
13.04.2021 08:56:14.148 GMT-0500,210.493,210.217,0.011,0.0075
13.04.2021 08:56:22.447 GMT-0500,210.43200000000002,210.218,0.011,0.011
13.04.2021 08:56:25.054 GMT-0500,210.433,210.197,0.011,0.011
13.04.2021 08:56:25.912 GMT-0500,210.433,210.33700000000002,0.011,0.011
13.04.2021 08:56:25.963 GMT-0500,210.43200000000002,210.198,0.011,0.011
13.04.2021 08:56:26.019 GMT-0500,210.43200000000002,210.34799999999998,0.011,0.0075
13.04.2021 08:56:26.069 GMT-0500,210.433,210.197,0.011,0.011
13.04.2021 08:56:27.735 GMT-0500,210.433,210.20700000000002,0.011,0.011
13.04.2021 08:56:27.952 GMT-0500,210.433,210.197,0.011,0.011
13.04.2021 08:56:28.376 GMT-0500,210.502,210.198,0.011,0.011
13.04.2021 08:56:28.426 GMT-0500,210.502,210.208,0.011,0.011
13.04.2021 08:56:28.477 GMT-0500,210.503,210.197,0.011,0.011
13.04.2021 08:56:28.657 GMT-0500,210.502,210.388,0.011,0.011
13.04.2021 08:56:28.708 GMT-0500,210.502,210.198,0.011,0.011
13.04.2021 08:56:33.373 GMT-0500,210.502,210.208,0.011,0.0008
13.04.2021 08:56:33.650 GMT-0500,210.502,210.198,0.011,0.011
13.04.2021 08:56:34.944 GMT-0500,210.503,210.20700000000002,0.011,0.0075
13.04.2021 08:56:43.891 GMT-0500,210.512,210.208,0.011,0.011
13.04.2021 08:56:45.104 GMT-0500,210.493,210.20700000000002,0.0075,0.011
13.04.2021 08:56:55.300 GMT-0500,210.493,210.197,0.011,0.011
13.04.2021 08:57:00.588 GMT-0500,210.513,210.217,0.011,0.011
13.04.2021 08:57:00.639 GMT-0500,210.513,210.20700000000002,0.011,0.011
13.04.2021 08:57:00.843 GMT-0500,210.49200000000002,210.208,0.0075,0.011
13.04.2021 08:57:01.129 GMT-0500,210.493,210.217,0.011,0.011
13.04.2021 08:57:01.180 GMT-0500,210.49200000000002,210.208,0.011,0.011
13.04.2021 08:57:01.603 GMT-0500,210.493,210.197,0.011,0.011
13.04.2021 08:57:02.403 GMT-0500,210.49200000000002,210.208,0.011,0.0075
13.04.2021 08:57:02.897 GMT-0500,210.39200000000002,210.198,0.011,0.011
13.04.2021 08:57:02.948 GMT-0500,210.503,210.197,0.011,0.011
13.04.2021 08:57:02.998 GMT-0500,210.383,210.137,0.011,0.011
13.04.2021 08:57:03.100 GMT-0500,210.343,210.14700000000002,0.011,0.0075
13.04.2021 08:57:03.738 GMT-0500,210.382,210.238,0.011,0.011
13.04.2021 08:57:03.788 GMT-0500,210.382,210.148,0.011,0.011
13.04.2021 08:57:04.669 GMT-0500,210.383,210.167,0.0008,0.0075
13.04.2021 08:57:04.720 GMT-0500,210.42200000000003,210.168,0.011,0.011
13.04.2021 08:57:05.194 GMT-0500,210.42200000000003,210.31799999999998,0.011,0.0075
13.04.2021 08:57:05.244 GMT-0500,210.42200000000003,210.168,0.011,0.011
13.04.2021 08:57:06.032 GMT-0500,210.423,210.17700000000002,0.011,0.0075
13.04.2021 08:57:06.183 GMT-0500,210.42200000000003,210.148,0.011,0.011
13.04.2021 08:57:07.134 GMT-0500,210.42200000000003,210.158,0.011,0.0008
13.04.2021 08:57:07.620 GMT-0500,210.423,210.14700000000002,0.011,0.011
13.04.2021 08:57:07.950 GMT-0500,210.393,210.14700000000002,0.0075,0.011
13.04.2021 08:57:08.001 GMT-0500,210.423,210.14700000000002,0.011,0.011
13.04.2021 08:57:12.437 GMT-0500,210.42200000000003,210.158,0.011,0.011
13.04.2021 08:57:12.711 GMT-0500,210.423,210.14700000000002,0.011,0.011
13.04.2021 08:57:14.115 GMT-0500,210.423,210.287,0.011,0.011
13.04.2021 08:57:19.899 GMT-0500,210.463,210.287,0.011,0.011
13.04.2021 08:57:20.099 GMT-0500,210.39200000000002,210.288,0.0075,0.011
13.04.2021 08:57:32.802 GMT-0500,210.46200000000002,210.288,0.011,0.011
13.04.2021 08:57:32.852 GMT-0500,210.513,210.357,0.011,0.011
13.04.2021 08:57:32.902 GMT-0500,210.593,210.347,0.011,0.011
13.04.2021 08:57:33.861 GMT-0500,210.592,210.288,0.011,0.011
13.04.2021 08:57:34.360 GMT-0500,210.452,210.288,0.0008,0.011
13.04.2021 08:57:35.510 GMT-0500,210.453,210.247,0.011,0.011
13.04.2021 08:57:38.637 GMT-0500,210.452,210.368,0.011,0.0075
13.04.2021 08:57:39.954 GMT-0500,210.593,210.417,0.011,0.011
13.04.2021 08:57:40.055 GMT-0500,210.643,210.377,0.011,0.011
13.04.2021 08:57:40.155 GMT-0500,210.58200000000002,210.368,0.011,0.011
13.04.2021 08:57:40.354 GMT-0500,210.493,210.36700000000002,0.0008,0.011
13.04.2021 08:57:54.589 GMT-0500,210.372,210.368,0.0075,0.0008
13.04.2021 08:57:54.640 GMT-0500,210.573,210.257,0.011,0.011
13.04.2021 08:57:55.088 GMT-0500,210.482,210.258,0.0075,0.011
13.04.2021 08:57:55.613 GMT-0500,210.47299999999998,210.247,0.011,0.011
13.04.2021 08:58:11.238 GMT-0500,210.382,210.248,0.0075,0.011
13.04.2021 08:58:11.288 GMT-0500,210.483,210.247,0.011,0.011
13.04.2021 08:58:15.115 GMT-0500,210.472,210.248,0.0008,0.011
13.04.2021 08:58:15.203 GMT-0500,210.483,210.247,0.011,0.011
13.04.2021 08:58:18.117 GMT-0500,210.433,210.247,0.0075,0.011
13.04.2021 08:58:25.100 GMT-0500,210.493,210.247,0.011,0.011
13.04.2021 08:58:37.345 GMT-0500,210.472,210.248,0.0075,0.0008
13.04.2021 08:58:37.396 GMT-0500,210.47299999999998,210.157,0.011,0.011
13.04.2021 08:58:37.602 GMT-0500,210.472,210.148,0.011,0.0008
13.04.2021 08:58:39.293 GMT-0500,210.47299999999998,210.137,0.0008,0.011
13.04.2021 08:58:39.372 GMT-0500,210.49200000000002,210.138,0.011,0.011
13.04.2021 08:58:49.629 GMT-0500,210.39200000000002,210.138,0.0008,0.011
13.04.2021 08:58:51.063 GMT-0500,210.252,210.138,0.0075,0.0008
13.04.2021 08:58:51.113 GMT-0500,210.252,210.008,0.011,0.011
13.04.2021 08:58:51.164 GMT-0500,210.253,209.997,0.011,0.011
13.04.2021 08:58:53.948 GMT-0500,210.252,209.868,0.011,0.011
13.04.2021 08:58:54.102 GMT-0500,210.252,209.978,0.011,0.0008
13.04.2021 08:59:09.373 GMT-0500,210.253,210.107,0.011,0.011
13.04.2021 08:59:09.423 GMT-0500,210.403,210.107,0.011,0.011
13.04.2021 08:59:10.379 GMT-0500,210.352,210.108,0.0075,0.0008
13.04.2021 08:59:10.430 GMT-0500,210.352,209.978,0.011,0.011
13.04.2021 08:59:28.528 GMT-0500,210.352,210.058,0.011,0.0075
13.04.2021 08:59:53.570 GMT-0500,210.353,210.11700000000002,0.011,0.0008
13.04.2021 08:59:54.790 GMT-0500,210.342,210.118,0.011,0.011
13.04.2021 08:59:55.149 GMT-0500,210.342,210.058,0.011,0.011
13.04.2021 09:00:00.863 GMT-0500,210.352,210.058,0.011,0.011
13.04.2021 09:00:03.502 GMT-0500,210.40200000000002,210.058,0.011,0.011
13.04.2021 09:00:05.516 GMT-0500,210.303,210.05700000000002,0.0075,0.011
13.04.2021 09:00:10.961 GMT-0500,210.303,210.11700000000002,0.011,0.0075
13.04.2021 09:00:12.070 GMT-0500,210.30200000000002,210.058,0.011,0.011
13.04.2021 09:00:16.437 GMT-0500,210.303,210.107,0.011,0.0075
13.04.2021 09:00:16.487 GMT-0500,210.303,210.05700000000002,0.011,0.011
13.04.2021 09:00:17.757 GMT-0500,210.143,210.05700000000002,0.0075,0.011
13.04.2021 09:00:17.864 GMT-0500,210.293,210.05700000000002,0.011,0.011
13.04.2021 09:00:18.209 GMT-0500,210.282,210.058,0.011,0.011
13.04.2021 09:00:18.546 GMT-0500,210.293,210.05700000000002,0.011,0.011
13.04.2021 09:00:19.004 GMT-0500,210.19299999999998,210.05700000000002,0.0008,0.011
13.04.2021 09:00:20.165 GMT-0500,210.192,210.09799999999998,0.011,0.0008
13.04.2021 09:00:20.215 GMT-0500,210.19299999999998,210.05700000000002,0.011,0.011
13.04.2021 09:00:21.137 GMT-0500,210.19299999999998,209.977,0.011,0.011
13.04.2021 09:00:26.943 GMT-0500,210.19299999999998,210.11700000000002,0.0008,0.0075
13.04.2021 09:00:26.993 GMT-0500,210.342,209.988,0.011,0.011
13.04.2021 09:00:27.044 GMT-0500,210.343,209.977,0.011,0.011
13.04.2021 09:00:29.964 GMT-0500,210.343,209.98700000000002,0.011,0.0008
13.04.2021 09:00:30.157 GMT-0500,210.342,209.978,0.011,0.011
13.04.2021 09:00:31.939 GMT-0500,210.343,209.98700000000002,0.011,0.0008
13.04.2021 09:00:32.310 GMT-0500,210.342,209.978,0.011,0.011
13.04.2021 09:00:39.208 GMT-0500,210.343,209.98700000000002,0.011,0.0008
13.04.2021 09:00:39.489 GMT-0500,210.342,209.978,0.011,0.011
13.04.2021 09:00:41.403 GMT-0500,210.342,209.988,0.011,0.0008
13.04.2021 09:00:41.769 GMT-0500,210.342,209.978,0.011,0.011
13.04.2021 09:00:44.182 GMT-0500,210.343,209.98700000000002,0.011,0.011
13.04.2021 09:00:44.347 GMT-0500,210.343,209.977,0.011,0.011
13.04.2021 09:00:45.046 GMT-0500,210.343,210.007,0.011,0.0008
13.04.2021 09:01:00.883 GMT-0500,210.292,210.008,0.011,0.011
13.04.2021 09:01:05.164 GMT-0500,210.19299999999998,210.007,0.0008,0.0075
13.04.2021 09:01:05.214 GMT-0500,210.283,209.967,0.011,0.011
13.04.2021 09:01:06.252 GMT-0500,210.342,209.968,0.011,0.011
13.04.2021 09:01:07.895 GMT-0500,210.33200000000002,209.968,0.011,0.011
13.04.2021 09:01:07.978 GMT-0500,210.342,209.968,0.011,0.011
13.04.2021 09:01:09.651 GMT-0500,210.21200000000002,209.968,0.0075,0.011
13.04.2021 09:01:11.738 GMT-0500,210.203,209.967,0.011,0.011
13.04.2021 09:01:21.841 GMT-0500,210.19299999999998,209.967,0.0075,0.0008
13.04.2021 09:01:21.891 GMT-0500,210.19299999999998,209.86700000000002,0.011,0.011
13.04.2021 09:01:22.824 GMT-0500,210.19299999999998,209.877,0.011,0.0008
13.04.2021 09:01:23.047 GMT-0500,210.192,209.868,0.011,0.011
13.04.2021 09:01:25.944 GMT-0500,210.192,209.878,0.011,0.0075
13.04.2021 09:01:26.045 GMT-0500,210.192,209.838,0.011,0.011
13.04.2021 09:01:28.845 GMT-0500,210.17200000000003,209.838,0.0075,0.011
13.04.2021 09:01:29.916 GMT-0500,210.163,209.847,0.011,0.0075
13.04.2021 09:01:30.017 GMT-0500,210.163,209.83700000000002,0.011,0.011
13.04.2021 09:01:31.374 GMT-0500,210.043,209.847,0.011,0.011
13.04.2021 09:01:32.874 GMT-0500,210.133,209.98700000000002,0.0008,0.011
13.04.2021 09:01:38.918 GMT-0500,210.063,209.98700000000002,0.0075,0.011
13.04.2021 09:01:39.019 GMT-0500,210.132,209.988,0.011,0.011
13.04.2021 09:01:41.810 GMT-0500,210.133,210.077,0.011,0.0008
13.04.2021 09:01:41.860 GMT-0500,210.33200000000002,210.088,0.011,0.011
13.04.2021 09:01:41.911 GMT-0500,210.342,210.088,0.011,0.011
13.04.2021 09:01:42.892 GMT-0500,210.342,209.978,0.011,0.011
13.04.2021 09:01:45.294 GMT-0500,210.333,209.977,0.0008,0.011
13.04.2021 09:01:45.395 GMT-0500,210.342,209.978,0.011,0.011
13.04.2021 09:01:46.203 GMT-0500,210.342,210.138,0.011,0.0075
13.04.2021 09:01:46.253 GMT-0500,210.343,209.977,0.011,0.011
13.04.2021 09:01:46.416 GMT-0500,210.343,210.097,0.011,0.0008
13.04.2021 09:01:49.009 GMT-0500,210.33200000000002,210.09799999999998,0.0008,0.011
13.04.2021 09:01:49.278 GMT-0500,210.343,210.097,0.011,0.011
13.04.2021 09:01:50.155 GMT-0500,210.333,210.097,0.0075,0.011
13.04.2021 09:01:50.524 GMT-0500,210.342,210.09799999999998,0.011,0.011
13.04.2021 09:01:52.536 GMT-0500,210.138,210.09799999999998,0.0075,0.0008
13.04.2021 09:01:52.586 GMT-0500,210.342,209.978,0.011,0.011
13.04.2021 09:01:54.855 GMT-0500,210.33200000000002,209.978,0.0008,0.011
13.04.2021 09:01:55.385 GMT-0500,210.342,209.978,0.011,0.011
13.04.2021 09:02:01.813 GMT-0500,210.33200000000002,209.978,0.0075,0.011
13.04.2021 09:02:02.147 GMT-0500,210.342,209.978,0.011,0.011
13.04.2021 09:02:07.114 GMT-0500,210.33200000000002,210.108,0.0075,0.0075
13.04.2021 09:02:07.165 GMT-0500,210.33200000000002,209.978,0.011,0.011
13.04.2021 09:02:07.341 GMT-0500,210.342,209.978,0.011,0.011
13.04.2021 09:02:09.910 GMT-0500,210.343,210.077,0.011,0.0008
13.04.2021 09:02:11.220 GMT-0500,210.202,210.078,0.0075,0.011
13.04.2021 09:02:14.933 GMT-0500,210.203,209.977,0.011,0.011
13.04.2021 09:02:15.479 GMT-0500,210.202,210.078,0.011,0.0075
13.04.2021 09:02:16.757 GMT-0500,210.203,209.977,0.011,0.011
13.04.2021 09:02:34.828 GMT-0500,210.203,210.08700000000002,0.011,0.011
13.04.2021 09:02:35.229 GMT-0500,210.183,210.08700000000002,0.0075,0.011
13.04.2021 09:02:37.894 GMT-0500,210.183,209.977,0.011,0.011
13.04.2021 09:02:39.440 GMT-0500,210.183,210.08700000000002,0.011,0.0075
13.04.2021 09:02:40.168 GMT-0500,210.183,209.977,0.011,0.011
13.04.2021 09:02:42.565 GMT-0500,210.18200000000002,210.088,0.011,0.0008
13.04.2021 09:02:43.015 GMT-0500,210.14200000000002,210.062,0.0008,0.0075
13.04.2021 09:02:43.066 GMT-0500,210.18200000000002,209.838,0.011,0.011
13.04.2021 09:02:43.339 GMT-0500,210.202,209.838,0.011,0.011
13.04.2021 09:02:45.312 GMT-0500,210.203,209.967,0.011,0.0075
13.04.2021 09:02:58.550 GMT-0500,210.183,209.967,0.011,0.011
13.04.2021 09:03:19.187 GMT-0500,210.18200000000002,209.838,0.011,0.011
13.04.2021 09:03:19.238 GMT-0500,210.18200000000002,209.968,0.011,0.011
13.04.2021 09:03:20.841 GMT-0500,210.183,209.98700000000002,0.011,0.011
13.04.2021 09:03:31.592 GMT-0500,210.18200000000002,210.078,0.0075,0.0008
13.04.2021 09:03:31.642 GMT-0500,210.232,209.998,0.011,0.011
13.04.2021 09:03:31.986 GMT-0500,210.342,209.998,0.011,0.011
13.04.2021 09:03:32.592 GMT-0500,210.343,209.98700000000002,0.011,0.011
13.04.2021 09:03:32.879 GMT-0500,210.343,210.077,0.011,0.0008
13.04.2021 09:03:33.231 GMT-0500,210.233,210.077,0.011,0.011
13.04.2021 09:03:33.770 GMT-0500,210.342,210.078,0.011,0.011
13.04.2021 09:03:35.935 GMT-0500,210.232,210.078,0.0075,0.011
13.04.2021 09:03:39.904 GMT-0500,210.232,210.088,0.011,0.0075
13.04.2021 09:03:46.538 GMT-0500,210.22299999999998,210.08700000000002,0.011,0.011
13.04.2021 09:03:52.235 GMT-0500,210.22299999999998,210.14700000000002,0.0008,0.0075
13.04.2021 09:03:52.285 GMT-0500,210.342,210.09799999999998,0.011,0.011
13.04.2021 09:03:52.784 GMT-0500,210.493,210.097,0.011,0.011
13.04.2021 09:03:53.242 GMT-0500,210.36200000000002,210.09799999999998,0.0008,0.0075
13.04.2021 09:03:53.293 GMT-0500,210.363,210.08700000000002,0.011,0.011
13.04.2021 09:03:54.950 GMT-0500,210.363,210.167,0.011,0.0075
13.04.2021 09:03:55.971 GMT-0500,210.452,210.09799999999998,0.011,0.011
13.04.2021 09:03:56.106 GMT-0500,210.452,210.088,0.011,0.011
13.04.2021 09:03:57.318 GMT-0500,210.452,210.09799999999998,0.011,0.0075
13.04.2021 09:03:57.419 GMT-0500,210.453,210.08700000000002,0.011,0.011
13.04.2021 09:03:59.959 GMT-0500,210.453,210.167,0.011,0.0075
13.04.2021 09:04:01.347 GMT-0500,210.403,210.167,0.0008,0.011
13.04.2021 09:04:01.714 GMT-0500,210.40200000000002,210.345,0.0008,0.0075
13.04.2021 09:04:01.764 GMT-0500,210.452,210.258,0.011,0.011
13.04.2021 09:04:06.020 GMT-0500,210.42200000000003,210.288,0.0075,0.0075
13.04.2021 09:04:06.070 GMT-0500,210.452,210.288,0.011,0.011
13.04.2021 09:04:06.333 GMT-0500,210.452,210.368,0.011,0.0075
13.04.2021 09:04:08.458 GMT-0500,210.453,210.418,0.0008,0.0075
13.04.2021 09:04:08.509 GMT-0500,210.572,210.418,0.011,0.011
13.04.2021 09:04:08.559 GMT-0500,210.482,210.368,0.011,0.011
13.04.2021 09:04:08.831 GMT-0500,210.49200000000002,210.288,0.011,0.011
13.04.2021 09:04:09.536 GMT-0500,210.573,210.287,0.011,0.011
13.04.2021 09:04:19.467 GMT-0500,210.573,210.377,0.011,0.011
13.04.2021 09:04:24.078 GMT-0500,210.623,210.377,0.011,0.011
13.04.2021 09:04:25.083 GMT-0500,210.513,210.377,0.0075,0.011
13.04.2021 09:04:40.877 GMT-0500,210.413,210.30700000000002,0.011,0.011
13.04.2021 09:04:40.928 GMT-0500,210.623,210.30700000000002,0.011,0.011
13.04.2021 09:04:40.986 GMT-0500,210.412,210.308,0.011,0.011
13.04.2021 09:04:56.197 GMT-0500,210.452,210.308,0.011,0.011
13.04.2021 09:04:56.970 GMT-0500,210.453,210.357,0.011,0.0008
13.04.2021 09:04:57.071 GMT-0500,210.452,210.31799999999998,0.011,0.011
13.04.2021 09:04:57.992 GMT-0500,210.452,210.308,0.011,0.011
13.04.2021 09:04:58.670 GMT-0500,210.455,210.447,0.0075,0.0008
13.04.2021 09:04:58.721 GMT-0500,210.622,210.438,0.011,0.011
13.04.2021 09:04:58.772 GMT-0500,210.602,210.438,0.011,0.011
13.04.2021 09:04:58.956 GMT-0500,210.633,210.437,0.011,0.011
13.04.2021 09:04:59.030 GMT-0500,210.61200000000002,210.438,0.0075,0.011
13.04.2021 09:04:59.719 GMT-0500,210.61200000000002,210.338,0.011,0.011
13.04.2021 09:05:00.872 GMT-0500,210.613,210.287,0.011,0.011
13.04.2021 09:05:10.308 GMT-0500,210.61200000000002,210.31799999999998,0.011,0.0075
13.04.2021 09:05:10.358 GMT-0500,210.61200000000002,210.288,0.011,0.011
13.04.2021 09:05:14.079 GMT-0500,210.463,210.29700000000003,0.0075,0.0075
13.04.2021 09:05:14.129 GMT-0500,210.503,210.287,0.011,0.011
13.04.2021 09:05:15.778 GMT-0500,210.55200000000002,210.288,0.011,0.011
13.04.2021 09:05:17.561 GMT-0500,210.442,210.288,0.0008,0.011
13.04.2021 09:05:21.947 GMT-0500,210.433,210.287,0.0075,0.011
13.04.2021 09:05:23.887 GMT-0500,210.442,210.288,0.011,0.011
13.04.2021 09:05:24.673 GMT-0500,210.433,210.287,0.0075,0.011
13.04.2021 09:05:25.191 GMT-0500,210.43200000000002,210.338,0.011,0.0008
13.04.2021 09:05:27.758 GMT-0500,210.44299999999998,210.33700000000002,0.011,0.011
13.04.2021 09:05:32.329 GMT-0500,210.433,210.33700000000002,0.0008,0.011
13.04.2021 09:05:35.275 GMT-0500,210.442,210.338,0.011,0.011
13.04.2021 09:05:47.206 GMT-0500,210.372,210.288,0.011,0.011
13.04.2021 09:05:47.257 GMT-0500,210.493,210.287,0.011,0.011
13.04.2021 09:05:47.311 GMT-0500,210.373,210.287,0.0008,0.011
13.04.2021 09:05:49.789 GMT-0500,210.363,210.287,0.011,0.011
13.04.2021 09:05:49.839 GMT-0500,210.373,210.287,0.011,0.011
13.04.2021 09:05:49.953 GMT-0500,210.372,210.31799999999998,0.011,0.0008
13.04.2021 09:05:50.003 GMT-0500,210.543,210.327,0.011,0.011
13.04.2021 09:05:50.104 GMT-0500,210.553,210.287,0.011,0.011
13.04.2021 09:05:51.497 GMT-0500,210.543,210.287,0.0075,0.011
13.04.2021 09:05:51.798 GMT-0500,210.55200000000002,210.288,0.011,0.011
13.04.2021 09:05:51.975 GMT-0500,210.61200000000002,210.288,0.011,0.011
13.04.2021 09:05:52.546 GMT-0500,210.603,210.287,0.0075,0.011
13.04.2021 09:05:52.647 GMT-0500,210.613,210.287,0.011,0.011
13.04.2021 09:05:58.955 GMT-0500,210.602,210.288,0.0008,0.011
13.04.2021 09:05:59.109 GMT-0500,210.61200000000002,210.288,0.011,0.011
13.04.2021 09:06:02.347 GMT-0500,210.412,210.288,0.011,0.011
13.04.2021 09:06:06.024 GMT-0500,210.423,210.377,0.0008,0.0075
13.04.2021 09:06:06.074 GMT-0500,210.61200000000002,210.308,0.011,0.011
13.04.2021 09:06:06.134 GMT-0500,210.44299999999998,210.30700000000002,0.0008,0.011
13.04.2021 09:06:06.184 GMT-0500,210.61200000000002,210.308,0.011,0.011
13.04.2021 09:06:07.091 GMT-0500,210.613,210.287,0.011,0.011
13.04.2021 09:06:13.006 GMT-0500,210.603,210.287,0.011,0.011
13.04.2021 09:06:13.323 GMT-0500,210.613,210.287,0.011,0.011
13.04.2021 09:06:14.705 GMT-0500,210.602,210.288,0.0008,0.011
13.04.2021 09:06:15.031 GMT-0500,210.61200000000002,210.288,0.011,0.011
13.04.2021 09:06:15.334 GMT-0500,210.61200000000002,210.218,0.011,0.011
13.04.2021 09:06:16.321 GMT-0500,210.613,210.227,0.011,0.0008
13.04.2021 09:06:16.720 GMT-0500,210.603,210.227,0.0008,0.0008
13.04.2021 09:06:16.771 GMT-0500,210.613,210.217,0.011,0.011
13.04.2021 09:06:22.944 GMT-0500,210.603,210.227,0.011,0.011
13.04.2021 09:06:22.994 GMT-0500,210.613,210.217,0.011,0.011
13.04.2021 09:06:25.266 GMT-0500,210.603,210.227,0.0075,0.0075
13.04.2021 09:06:25.366 GMT-0500,210.61200000000002,210.218,0.011,0.011
13.04.2021 09:06:30.124 GMT-0500,210.603,210.227,0.0008,0.0008
13.04.2021 09:06:30.510 GMT-0500,210.61200000000002,210.218,0.011,0.011
13.04.2021 09:06:33.592 GMT-0500,210.42200000000003,210.258,0.0075,0.0075
13.04.2021 09:06:33.642 GMT-0500,210.603,210.257,0.011,0.011
13.04.2021 09:06:33.779 GMT-0500,210.613,210.257,0.011,0.011
13.04.2021 09:06:35.515 GMT-0500,210.442,210.258,0.0008,0.011
13.04.2021 09:06:40.396 GMT-0500,210.44299999999998,210.30700000000002,0.011,0.0075
13.04.2021 09:06:47.566 GMT-0500,210.442,210.258,0.011,0.011
13.04.2021 09:06:55.436 GMT-0500,210.442,210.298,0.011,0.0008
13.04.2021 09:06:56.061 GMT-0500,210.44299999999998,210.387,0.0008,0.0075
13.04.2021 09:06:56.112 GMT-0500,210.752,210.34799999999998,0.011,0.011
13.04.2021 09:06:56.215 GMT-0500,210.752,210.338,0.011,0.011
13.04.2021 09:06:56.677 GMT-0500,210.623,210.33700000000002,0.0008,0.011
13.04.2021 09:06:57.083 GMT-0500,210.543,210.33700000000002,0.0075,0.011
13.04.2021 09:06:57.952 GMT-0500,210.542,210.34799999999998,0.011,0.0075
13.04.2021 09:06:58.052 GMT-0500,210.542,210.338,0.011,0.011
13.04.2021 09:06:59.050 GMT-0500,210.542,210.34799999999998,0.011,0.011
13.04.2021 09:06:59.300 GMT-0500,210.543,210.33700000000002,0.011,0.011
13.04.2021 09:07:01.246 GMT-0500,210.543,210.347,0.011,0.011
13.04.2021 09:07:01.484 GMT-0500,210.542,210.338,0.011,0.011
13.04.2021 09:07:02.117 GMT-0500,210.543,210.347,0.011,0.011
13.04.2021 09:07:02.315 GMT-0500,210.543,210.33700000000002,0.011,0.011
13.04.2021 09:07:02.515 GMT-0500,210.593,210.497,0.011,0.011
13.04.2021 09:07:02.565 GMT-0500,210.592,210.338,0.011,0.011
13.04.2021 09:07:02.815 GMT-0500,210.592,210.34799999999998,0.011,0.0075
13.04.2021 09:07:03.064 GMT-0500,210.592,210.338,0.011,0.011
13.04.2021 09:07:03.512 GMT-0500,210.542,210.338,0.0008,0.011
13.04.2021 09:07:03.562 GMT-0500,210.592,210.338,0.011,0.011
13.04.2021 09:07:05.471 GMT-0500,210.592,210.34799999999998,0.011,0.0008
13.04.2021 09:07:05.787 GMT-0500,210.593,210.33700000000002,0.011,0.011
13.04.2021 09:07:06.109 GMT-0500,210.502,210.338,0.0075,0.011
13.04.2021 09:07:06.159 GMT-0500,210.602,210.338,0.011,0.011
13.04.2021 09:07:23.417 GMT-0500,210.503,210.33700000000002,0.0075,0.011
13.04.2021 09:08:11.999 GMT-0500,210.74200000000002,210.34799999999998,0.011,0.011
13.04.2021 09:08:12.122 GMT-0500,210.753,210.33700000000002,0.011,0.011
13.04.2021 09:08:12.173 GMT-0500,210.623,210.33700000000002,0.011,0.011
13.04.2021 09:08:12.703 GMT-0500,210.603,210.33700000000002,0.0075,0.011
13.04.2021 09:08:13.270 GMT-0500,210.603,210.347,0.011,0.0008
13.04.2021 09:08:14.689 GMT-0500,210.602,210.358,0.011,0.0008
13.04.2021 09:08:15.024 GMT-0500,210.602,210.34799999999998,0.011,0.011
13.04.2021 09:08:17.716 GMT-0500,210.602,210.338,0.011,0.011
13.04.2021 09:08:21.789 GMT-0500,210.753,210.437,0.011,0.011
13.04.2021 09:08:22.533 GMT-0500,210.71200000000002,210.438,0.0075,0.011
13.04.2021 09:08:22.583 GMT-0500,210.71200000000002,210.338,0.011,0.011
13.04.2021 09:08:22.703 GMT-0500,210.713,210.437,0.011,0.0008
13.04.2021 09:08:23.151 GMT-0500,210.613,210.45700000000002,0.011,0.0008
13.04.2021 09:08:23.201 GMT-0500,210.61200000000002,210.448,0.011,0.011
13.04.2021 09:08:23.585 GMT-0500,210.543,210.447,0.011,0.011
13.04.2021 09:08:23.636 GMT-0500,210.602,210.448,0.011,0.011
13.04.2021 09:08:23.757 GMT-0500,210.603,210.33700000000002,0.011,0.011
13.04.2021 09:08:24.083 GMT-0500,210.52200000000002,210.34799999999998,0.0008,0.0008
13.04.2021 09:08:24.133 GMT-0500,210.603,210.347,0.011,0.011
13.04.2021 09:08:24.433 GMT-0500,210.603,210.33700000000002,0.011,0.011
13.04.2021 09:08:28.499 GMT-0500,210.602,210.458,0.011,0.011
13.04.2021 09:08:56.580 GMT-0500,210.622,210.458,0.011,0.011
13.04.2021 09:08:58.496 GMT-0500,210.633,210.45700000000002,0.011,0.011
13.04.2021 09:08:59.356 GMT-0500,210.622,210.458,0.0075,0.011
13.04.2021 09:09:01.721 GMT-0500,210.602,210.338,0.011,0.011
13.04.2021 09:09:03.159 GMT-0500,210.603,210.347,0.011,0.011
13.04.2021 09:09:03.485 GMT-0500,210.602,210.338,0.011,0.011
13.04.2021 09:09:06.712 GMT-0500,210.602,210.34799999999998,0.011,0.0008
13.04.2021 09:09:08.218 GMT-0500,210.603,210.357,0.011,0.0075
13.04.2021 09:09:08.319 GMT-0500,210.602,210.34799999999998,0.011,0.011
13.04.2021 09:09:09.422 GMT-0500,210.603,210.357,0.011,0.0008
13.04.2021 09:09:09.610 GMT-0500,210.602,210.34799999999998,0.011,0.011
13.04.2021 09:09:10.113 GMT-0500,210.602,210.358,0.011,0.0075
13.04.2021 09:09:10.431 GMT-0500,210.602,210.34799999999998,0.011,0.011
13.04.2021 09:09:10.698 GMT-0500,210.603,210.33700000000002,0.011,0.011
13.04.2021 09:09:14.505 GMT-0500,210.622,210.338,0.011,0.011
13.04.2021 09:09:17.494 GMT-0500,210.623,210.347,0.011,0.011
13.04.2021 09:09:17.661 GMT-0500,210.623,210.33700000000002,0.011,0.011
13.04.2021 09:09:20.173 GMT-0500,210.692,210.338,0.011,0.011
13.04.2021 09:09:20.672 GMT-0500,210.69299999999998,210.437,0.011,0.0008
13.04.2021 09:09:25.131 GMT-0500,210.69299999999998,210.48700000000002,0.011,0.011
13.04.2021 09:09:25.181 GMT-0500,210.692,210.338,0.011,0.011
13.04.2021 09:09:25.641 GMT-0500,210.623,210.33700000000002,0.0075,0.011
13.04.2021 09:09:25.957 GMT-0500,210.583,210.33700000000002,0.011,0.011
13.04.2021 09:09:28.978 GMT-0500,210.58200000000002,210.34799999999998,0.011,0.0075
13.04.2021 09:09:29.416 GMT-0500,210.58200000000002,210.338,0.011,0.011
13.04.2021 09:09:31.370 GMT-0500,210.58200000000002,210.34799999999998,0.011,0.0008
13.04.2021 09:09:31.540 GMT-0500,210.583,210.33700000000002,0.011,0.011
13.04.2021 09:09:31.996 GMT-0500,210.572,210.338,0.011,0.011
13.04.2021 09:09:32.648 GMT-0500,210.572,210.34799999999998,0.011,0.0008
13.04.2021 09:09:32.831 GMT-0500,210.572,210.338,0.011,0.011
13.04.2021 09:09:42.930 GMT-0500,210.572,210.34799999999998,0.011,0.0075
13.04.2021 09:09:43.108 GMT-0500,210.572,210.518,0.011,0.0008
13.04.2021 09:09:43.158 GMT-0500,210.543,210.45700000000002,0.011,0.011
13.04.2021 09:09:44.185 GMT-0500,210.543,210.347,0.011,0.011
13.04.2021 09:09:46.587 GMT-0500,210.58200000000002,210.34799999999998,0.011,0.011
13.04.2021 09:09:51.059 GMT-0500,210.58200000000002,210.448,0.011,0.0008
13.04.2021 09:10:07.387 GMT-0500,210.55200000000002,210.448,0.0075,0.0008
13.04.2021 09:10:07.437 GMT-0500,210.553,210.347,0.011,0.011
13.04.2021 09:10:07.488 GMT-0500,210.553,210.33700000000002,0.011,0.011
13.04.2021 09:10:07.676 GMT-0500,210.523,210.33700000000002,0.0075,0.011
13.04.2021 09:10:10.882 GMT-0500,210.52200000000002,210.428,0.011,0.0008
13.04.2021 09:10:26.161 GMT-0500,210.523,210.447,0.011,0.0008
13.04.2021 09:10:26.212 GMT-0500,210.58200000000002,210.458,0.011,0.011
13.04.2021 09:10:27.063 GMT-0500,210.58200000000002,210.567,0.0075,0.0008
13.04.2021 09:10:27.114 GMT-0500,210.623,210.52700000000002,0.011,0.011
13.04.2021 09:10:27.164 GMT-0500,210.603,210.52700000000002,0.011,0.011
13.04.2021 09:10:28.128 GMT-0500,210.603,210.467,0.011,0.011
13.04.2021 09:10:32.654 GMT-0500,210.592,210.468,0.0008,0.011
13.04.2021 09:10:38.541 GMT-0500,210.65200000000002,210.588,0.011,0.011
13.04.2021 09:10:38.591 GMT-0500,210.65200000000002,210.478,0.011,0.011
13.04.2021 09:10:39.600 GMT-0500,210.653,210.467,0.011,0.011
13.04.2021 09:10:40.580 GMT-0500,210.653,210.477,0.011,0.0075
13.04.2021 09:10:40.773 GMT-0500,210.653,210.467,0.011,0.011
13.04.2021 09:10:43.397 GMT-0500,210.653,210.477,0.011,0.0008
13.04.2021 09:10:43.803 GMT-0500,210.653,210.467,0.011,0.011
13.04.2021 09:10:45.449 GMT-0500,210.65200000000002,210.478,0.011,0.0008
13.04.2021 09:10:47.048 GMT-0500,210.882,210.658,0.011,0.011
13.04.2021 09:10:47.159 GMT-0500,210.89200000000002,210.658,0.011,0.0075
13.04.2021 09:10:48.315 GMT-0500,210.89200000000002,210.498,0.011,0.0075
13.04.2021 09:10:52.975 GMT-0500,210.89200000000002,210.578,0.011,0.0075
13.04.2021 09:10:59.915 GMT-0500,210.803,210.577,0.011,0.011
13.04.2021 09:11:00.015 GMT-0500,210.893,210.577,0.011,0.011
13.04.2021 09:11:00.100 GMT-0500,210.782,210.578,0.0075,0.011
13.04.2021 09:11:00.151 GMT-0500,210.89200000000002,210.578,0.011,0.011
13.04.2021 09:11:10.856 GMT-0500,210.89200000000002,210.618,0.011,0.0008
13.04.2021 09:11:19.162 GMT-0500,210.89200000000002,210.698,0.011,0.0008
13.04.2021 09:11:23.260 GMT-0500,210.822,210.698,0.0075,0.011
13.04.2021 09:11:40.581 GMT-0500,210.752,210.698,0.011,0.011
13.04.2021 09:11:40.631 GMT-0500,210.80200000000002,210.588,0.011,0.011
13.04.2021 09:11:40.732 GMT-0500,210.80200000000002,210.618,0.011,0.011
13.04.2021 09:11:47.660 GMT-0500,210.803,210.787,0.0075,0.0008
13.04.2021 09:11:47.710 GMT-0500,210.94299999999998,210.76700000000002,0.011,0.011
13.04.2021 09:11:47.786 GMT-0500,210.90200000000002,210.768,0.0075,0.011
13.04.2021 09:11:48.732 GMT-0500,210.903,210.697,0.011,0.011
13.04.2021 09:11:48.838 GMT-0500,210.853,210.697,0.0075,0.011
13.04.2021 09:11:48.889 GMT-0500,210.86200000000002,210.698,0.011,0.011
13.04.2021 09:11:56.733 GMT-0500,210.863,210.61700000000002,0.011,0.011
13.04.2021 09:12:00.554 GMT-0500,210.833,210.61700000000002,0.0075,0.011
13.04.2021 09:12:28.095 GMT-0500,210.86200000000002,210.618,0.011,0.011
13.04.2021 09:12:29.256 GMT-0500,210.752,210.668,0.0008,0.0008
13.04.2021 09:12:29.306 GMT-0500,210.852,210.578,0.011,0.011
13.04.2021 09:12:30.403 GMT-0500,210.852,210.548,0.011,0.011
13.04.2021 09:12:31.143 GMT-0500,210.853,210.577,0.011,0.011
13.04.2021 09:12:32.303 GMT-0500,210.86200000000002,210.578,0.011,0.011
13.04.2021 09:12:33.079 GMT-0500,210.853,210.577,0.0075,0.011
13.04.2021 09:12:34.864 GMT-0500,210.842,210.578,0.0008,0.011
13.04.2021 09:12:35.108 GMT-0500,210.852,210.578,0.011,0.011
13.04.2021 09:12:37.285 GMT-0500,210.842,210.578,0.0075,0.011
13.04.2021 09:12:37.743 GMT-0500,210.852,210.578,0.011,0.011
13.04.2021 09:12:49.927 GMT-0500,210.61200000000002,210.498,0.011,0.011
13.04.2021 09:12:49.977 GMT-0500,210.623,210.497,0.011,0.011
13.04.2021 09:12:50.060 GMT-0500,210.563,210.497,0.0075,0.011
13.04.2021 09:12:50.111 GMT-0500,210.623,210.497,0.011,0.011
13.04.2021 09:12:50.996 GMT-0500,210.692,210.498,0.011,0.011
13.04.2021 09:12:52.711 GMT-0500,210.683,210.497,0.0008,0.011
13.04.2021 09:12:52.761 GMT-0500,210.69299999999998,210.497,0.011,0.011
13.04.2021 09:12:54.522 GMT-0500,210.68200000000002,210.498,0.0075,0.011
13.04.2021 09:12:54.865 GMT-0500,210.69299999999998,210.497,0.011,0.011
13.04.2021 09:12:58.141 GMT-0500,210.68200000000002,210.498,0.0075,0.011
13.04.2021 09:12:58.349 GMT-0500,210.692,210.498,0.011,0.011
13.04.2021 09:13:00.528 GMT-0500,210.68200000000002,210.498,0.0008,0.011
13.04.2021 09:13:00.714 GMT-0500,210.692,210.498,0.011,0.011
13.04.2021 09:13:03.207 GMT-0500,210.683,210.497,0.0075,0.011
13.04.2021 09:13:03.530 GMT-0500,210.69299999999998,210.497,0.011,0.011
13.04.2021 09:13:04.349 GMT-0500,210.68200000000002,210.498,0.0075,0.011
13.04.2021 09:13:04.831 GMT-0500,210.69299999999998,210.497,0.011,0.011
13.04.2021 09:13:05.054 GMT-0500,210.592,210.498,0.0008,0.011
13.04.2021 09:13:19.108 GMT-0500,210.542,210.498,0.0075,0.011
13.04.2021 09:13:19.158 GMT-0500,210.542,210.34799999999998,0.011,0.011
13.04.2021 09:13:19.355 GMT-0500,210.543,210.33700000000002,0.011,0.011
13.04.2021 09:13:22.110 GMT-0500,210.47299999999998,210.347,0.0075,0.0075
13.04.2021 09:13:22.161 GMT-0500,210.543,210.33700000000002,0.011,0.011
13.04.2021 09:13:23.659 GMT-0500,210.482,210.338,0.011,0.011
13.04.2021 09:13:50.575 GMT-0500,210.483,210.36700000000002,0.011,0.0075
13.04.2021 09:13:50.625 GMT-0500,210.482,210.338,0.011,0.011
13.04.2021 09:14:28.069 GMT-0500,210.482,210.438,0.0075,0.0008
13.04.2021 09:14:28.120 GMT-0500,210.542,210.338,0.011,0.011
13.04.2021 09:14:32.562 GMT-0500,210.69299999999998,210.507,0.011,0.011
13.04.2021 09:14:40.974 GMT-0500,210.74200000000002,210.548,0.011,0.011
13.04.2021 09:14:41.089 GMT-0500,210.743,210.51700000000002,0.0075,0.011
13.04.2021 09:14:42.020 GMT-0500,210.74200000000002,210.508,0.011,0.011
13.04.2021 09:14:48.941 GMT-0500,210.733,210.507,0.011,0.011
13.04.2021 09:14:49.311 GMT-0500,210.74200000000002,210.508,0.011,0.011
13.04.2021 09:14:58.544 GMT-0500,210.733,210.507,0.0075,0.011
13.04.2021 09:14:58.736 GMT-0500,210.743,210.507,0.011,0.011
13.04.2021 09:14:59.751 GMT-0500,210.733,210.507,0.0008,0.011
13.04.2021 09:14:59.964 GMT-0500,210.74200000000002,210.508,0.011,0.011
13.04.2021 09:15:01.181 GMT-0500,210.732,210.508,0.011,0.011
13.04.2021 09:15:01.360 GMT-0500,210.74200000000002,210.508,0.011,0.011
13.04.2021 09:15:03.101 GMT-0500,210.733,210.507,0.0008,0.011
13.04.2021 09:15:03.152 GMT-0500,210.743,210.507,0.011,0.011
13.04.2021 09:15:07.847 GMT-0500,210.733,210.507,0.0075,0.011
13.04.2021 09:15:07.897 GMT-0500,210.733,210.45700000000002,0.011,0.011
13.04.2021 09:15:08.234 GMT-0500,210.74200000000002,210.458,0.011,0.011
13.04.2021 09:15:14.877 GMT-0500,210.732,210.458,0.0008,0.011
13.04.2021 09:15:15.117 GMT-0500,210.743,210.45700000000002,0.011,0.011
13.04.2021 09:15:16.183 GMT-0500,210.732,210.558,0.011,0.011
13.04.2021 09:15:16.234 GMT-0500,210.733,210.45700000000002,0.011,0.011
13.04.2021 09:15:16.353 GMT-0500,210.743,210.45700000000002,0.011,0.011
13.04.2021 09:15:16.592 GMT-0500,210.872,210.588,0.011,0.011
13.04.2021 09:15:16.642 GMT-0500,210.872,210.478,0.011,0.011
13.04.2021 09:15:16.693 GMT-0500,210.872,210.458,0.011,0.011
13.04.2021 09:15:19.837 GMT-0500,210.86200000000002,210.468,0.0075,0.0075
13.04.2021 09:15:19.938 GMT-0500,210.713,210.45700000000002,0.011,0.011
13.04.2021 09:15:20.288 GMT-0500,210.71200000000002,210.618,0.011,0.0075
13.04.2021 09:15:29.271 GMT-0500,210.715,210.667,0.0008,0.0075
13.04.2021 09:15:29.321 GMT-0500,210.863,210.61700000000002,0.011,0.011
13.04.2021 09:15:29.400 GMT-0500,210.873,210.61700000000002,0.011,0.011
13.04.2021 09:15:31.026 GMT-0500,210.872,210.56799999999998,0.011,0.011
13.04.2021 09:15:31.393 GMT-0500,210.86200000000002,210.56799999999998,0.0008,0.011
13.04.2021 09:15:31.443 GMT-0500,210.872,210.56799999999998,0.011,0.011
13.04.2021 09:15:33.784 GMT-0500,210.872,210.668,0.011,0.0075
13.04.2021 09:15:33.835 GMT-0500,210.872,210.56799999999998,0.011,0.011
13.04.2021 09:15:37.538 GMT-0500,210.872,210.608,0.011,0.011
13.04.2021 09:15:40.941 GMT-0500,210.752,210.608,0.0075,0.0008
13.04.2021 09:15:40.991 GMT-0500,210.752,210.468,0.011,0.011
13.04.2021 09:15:41.042 GMT-0500,210.753,210.61700000000002,0.011,0.011
13.04.2021 09:15:41.941 GMT-0500,210.873,210.61700000000002,0.011,0.011
13.04.2021 09:15:42.532 GMT-0500,210.86200000000002,210.618,0.0075,0.011
13.04.2021 09:15:42.843 GMT-0500,210.782,210.618,0.0008,0.011
13.04.2021 09:15:42.894 GMT-0500,210.863,210.61700000000002,0.011,0.011
13.04.2021 09:15:43.250 GMT-0500,210.852,210.618,0.0075,0.011
13.04.2021 09:15:43.351 GMT-0500,210.86200000000002,210.618,0.011,0.011
13.04.2021 09:15:43.997 GMT-0500,210.703,210.61700000000002,0.011,0.011
13.04.2021 09:15:45.629 GMT-0500,210.643,210.60500000000002,0.0075,0.0008
13.04.2021 09:15:45.679 GMT-0500,210.653,210.45700000000002,0.011,0.011
13.04.2021 09:15:48.815 GMT-0500,210.64200000000002,210.458,0.011,0.011
13.04.2021 09:15:55.094 GMT-0500,210.643,210.48700000000002,0.011,0.0075
13.04.2021 09:16:18.379 GMT-0500,210.633,210.48700000000002,0.0008,0.011
13.04.2021 09:16:37.367 GMT-0500,210.633,210.58700000000002,0.0075,0.0008
13.04.2021 09:16:37.417 GMT-0500,210.702,210.588,0.011,0.011
13.04.2021 09:16:38.390 GMT-0500,210.703,210.597,0.011,0.0008
13.04.2021 09:16:42.167 GMT-0500,210.702,210.518,0.011,0.011
13.04.2021 09:16:48.658 GMT-0500,210.703,210.497,0.011,0.011
13.04.2021 09:16:52.497 GMT-0500,210.703,210.58700000000002,0.011,0.0008
13.04.2021 09:17:13.354 GMT-0500,210.65200000000002,210.588,0.0008,0.0075
13.04.2021 09:17:13.404 GMT-0500,210.703,210.497,0.011,0.011
13.04.2021 09:17:13.495 GMT-0500,210.613,210.497,0.0008,0.011
13.04.2021 09:17:13.545 GMT-0500,210.702,210.498,0.011,0.011
13.04.2021 09:17:18.475 GMT-0500,210.703,210.52700000000002,0.011,0.0075
13.04.2021 09:17:18.525 GMT-0500,210.703,210.497,0.011,0.011
13.04.2021 09:17:18.998 GMT-0500,210.61200000000002,210.498,0.0075,0.011
13.04.2021 09:17:23.179 GMT-0500,210.632,210.588,0.011,0.011
13.04.2021 09:17:23.254 GMT-0500,210.632,210.498,0.011,0.011
13.04.2021 09:17:25.103 GMT-0500,210.592,210.498,0.0008,0.011
13.04.2021 09:17:25.153 GMT-0500,210.633,210.497,0.011,0.011
13.04.2021 09:17:38.771 GMT-0500,210.703,210.497,0.011,0.011
13.04.2021 09:17:40.107 GMT-0500,210.632,210.498,0.0075,0.011
13.04.2021 09:18:11.179 GMT-0500,210.633,210.58700000000002,0.0075,0.0008
13.04.2021 09:18:11.229 GMT-0500,210.702,210.498,0.011,0.011
13.04.2021 09:18:12.674 GMT-0500,210.702,210.548,0.011,0.0008
13.04.2021 09:18:15.269 GMT-0500,210.68200000000002,210.548,0.011,0.011
13.04.2021 09:18:16.388 GMT-0500,210.683,210.497,0.011,0.011
13.04.2021 09:18:17.919 GMT-0500,210.68200000000002,210.468,0.011,0.011
13.04.2021 09:18:18.018 GMT-0500,210.68200000000002,210.548,0.011,0.0075
13.04.2021 09:18:20.680 GMT-0500,210.683,210.467,0.011,0.011
13.04.2021 09:18:21.053 GMT-0500,210.683,210.477,0.011,0.0075
13.04.2021 09:18:28.523 GMT-0500,210.662,210.478,0.0075,0.0008
13.04.2021 09:18:28.574 GMT-0500,210.68200000000002,210.468,0.011,0.011
13.04.2021 09:18:30.642 GMT-0500,210.68200000000002,210.458,0.011,0.011
13.04.2021 09:18:31.126 GMT-0500,210.663,210.45700000000002,0.011,0.011
13.04.2021 09:18:41.613 GMT-0500,210.663,210.467,0.011,0.0008
13.04.2021 09:18:41.943 GMT-0500,210.662,210.458,0.011,0.011
13.04.2021 09:18:46.110 GMT-0500,210.662,210.468,0.011,0.0075
13.04.2021 09:18:47.001 GMT-0500,210.663,210.607,0.0075,0.0008
13.04.2021 09:18:47.052 GMT-0500,210.792,210.548,0.011,0.011
13.04.2021 09:18:47.563 GMT-0500,210.792,210.638,0.011,0.0075
13.04.2021 09:18:47.613 GMT-0500,210.793,210.55700000000002,0.011,0.011
13.04.2021 09:18:49.773 GMT-0500,210.71200000000002,210.558,0.011,0.011
13.04.2021 09:18:49.823 GMT-0500,210.753,210.54700000000003,0.011,0.011
13.04.2021 09:18:56.150 GMT-0500,210.752,210.658,0.011,0.0075
13.04.2021 09:18:56.499 GMT-0500,210.86200000000002,210.658,0.011,0.011
13.04.2021 09:18:57.521 GMT-0500,210.753,210.657,0.0075,0.011
13.04.2021 09:19:11.407 GMT-0500,210.753,210.70700000000002,0.0075,0.0008
13.04.2021 09:19:11.458 GMT-0500,210.94299999999998,210.667,0.011,0.011
13.04.2021 09:19:11.531 GMT-0500,210.853,210.667,0.0075,0.011
13.04.2021 09:19:12.464 GMT-0500,210.852,210.658,0.011,0.011
13.04.2021 09:19:14.278 GMT-0500,210.853,210.54700000000003,0.011,0.011
13.04.2021 09:19:16.904 GMT-0500,210.852,210.558,0.011,0.0075
13.04.2021 09:19:20.864 GMT-0500,210.852,210.56799999999998,0.011,0.0075
13.04.2021 09:19:22.513 GMT-0500,210.852,210.578,0.011,0.0075
13.04.2021 09:19:22.800 GMT-0500,210.853,210.567,0.011,0.011
13.04.2021 09:19:25.352 GMT-0500,210.853,210.757,0.011,0.0008
13.04.2021 09:19:50.112 GMT-0500,210.983,210.76700000000002,0.011,0.011
13.04.2021 09:19:51.162 GMT-0500,210.983,210.757,0.011,0.011
13.04.2021 09:19:51.536 GMT-0500,210.982,210.688,0.011,0.011
13.04.2021 09:19:57.272 GMT-0500,210.972,210.698,0.0075,0.0075
13.04.2021 09:19:57.497 GMT-0500,210.972,210.688,0.011,0.011
13.04.2021 09:19:58.025 GMT-0500,210.97299999999998,210.697,0.011,0.011
13.04.2021 09:19:58.075 GMT-0500,210.972,210.688,0.011,0.011
13.04.2021 09:19:58.248 GMT-0500,210.982,210.688,0.011,0.011
13.04.2021 09:19:58.594 GMT-0500,210.993,210.687,0.011,0.011
13.04.2021 09:19:58.938 GMT-0500,210.993,210.697,0.011,0.0075
13.04.2021 09:19:59.345 GMT-0500,210.993,210.687,0.011,0.011
13.04.2021 09:20:00.128 GMT-0500,210.89200000000002,210.698,0.0008,0.0008
13.04.2021 09:20:00.179 GMT-0500,210.983,210.687,0.011,0.011
13.04.2021 09:20:00.741 GMT-0500,210.843,210.79700000000003,0.0008,0.0008
13.04.2021 09:20:00.792 GMT-0500,210.883,210.79700000000003,0.011,0.011
13.04.2021 09:20:00.989 GMT-0500,210.843,210.79700000000003,0.0008,0.0075
13.04.2021 09:20:01.039 GMT-0500,210.882,210.688,0.011,0.011
13.04.2021 09:20:17.906 GMT-0500,210.883,210.747,0.0075,0.0008
13.04.2021 09:20:17.956 GMT-0500,211.003,210.687,0.011,0.011
13.04.2021 09:20:18.243 GMT-0500,211.013,210.687,0.011,0.011
13.04.2021 09:20:33.919 GMT-0500,211.012,210.788,0.011,0.0075
13.04.2021 09:20:36.430 GMT-0500,210.903,210.787,0.0075,0.011
13.04.2021 09:20:38.024 GMT-0500,210.903,210.817,0.011,0.0008
13.04.2021 09:20:46.556 GMT-0500,210.903,210.878,0.0008,0.0075
13.04.2021 09:20:46.607 GMT-0500,211.132,210.798,0.011,0.011
13.04.2021 09:20:49.034 GMT-0500,211.123,210.79700000000003,0.0075,0.011
13.04.2021 09:20:51.631 GMT-0500,210.99200000000002,210.878,0.011,0.0008
13.04.2021 09:20:58.063 GMT-0500,211.08200000000002,210.878,0.011,0.011
13.04.2021 09:20:58.113 GMT-0500,211.003,210.877,0.011,0.011
13.04.2021 09:21:00.059 GMT-0500,210.993,210.877,0.011,0.011
13.04.2021 09:21:00.368 GMT-0500,211.003,210.877,0.011,0.011
13.04.2021 09:21:00.522 GMT-0500,211.05200000000002,210.878,0.011,0.011
13.04.2021 09:21:00.912 GMT-0500,211.033,210.877,0.0075,0.011
13.04.2021 09:21:04.640 GMT-0500,210.933,210.877,0.011,0.011
13.04.2021 09:21:04.690 GMT-0500,210.953,210.877,0.011,0.011
13.04.2021 09:21:05.612 GMT-0500,210.923,210.877,0.0075,0.0008
13.04.2021 09:21:05.662 GMT-0500,210.92200000000003,210.788,0.011,0.011
13.04.2021 09:21:06.607 GMT-0500,210.882,210.788,0.0075,0.011
13.04.2021 09:21:06.657 GMT-0500,210.923,210.787,0.011,0.011
13.04.2021 09:21:13.830 GMT-0500,210.92200000000003,210.838,0.011,0.0008
13.04.2021 09:21:13.880 GMT-0500,210.923,210.787,0.011,0.011
13.04.2021 09:21:21.714 GMT-0500,210.92200000000003,210.778,0.011,0.011
13.04.2021 09:21:22.300 GMT-0500,210.923,210.827,0.011,0.0008
13.04.2021 09:22:21.972 GMT-0500,210.89200000000002,210.828,0.0075,0.011
13.04.2021 09:22:24.178 GMT-0500,210.92200000000003,210.828,0.011,0.011
13.04.2021 09:22:25.315 GMT-0500,210.89200000000002,210.828,0.0075,0.011
13.04.2021 09:22:28.903 GMT-0500,210.86200000000002,210.698,0.011,0.011
13.04.2021 09:22:31.742 GMT-0500,210.982,210.688,0.011,0.011
13.04.2021 09:22:31.796 GMT-0500,210.982,210.698,0.011,0.011
13.04.2021 09:22:31.870 GMT-0500,210.983,210.687,0.011,0.011
13.04.2021 09:22:37.044 GMT-0500,210.982,210.878,0.011,0.011
13.04.2021 09:22:37.094 GMT-0500,210.983,210.857,0.011,0.011
13.04.2021 09:22:37.882 GMT-0500,211.032,210.858,0.011,0.011
13.04.2021 09:22:38.020 GMT-0500,210.96200000000002,210.858,0.011,0.011
13.04.2021 09:22:40.091 GMT-0500,210.96200000000002,210.84799999999998,0.011,0.011
13.04.2021 09:22:45.213 GMT-0500,210.963,210.92700000000002,0.0075,0.0008
13.04.2021 09:22:45.263 GMT-0500,211.003,210.877,0.011,0.011
13.04.2021 09:22:49.551 GMT-0500,211.05200000000002,210.878,0.011,0.011
13.04.2021 09:22:51.062 GMT-0500,211.053,210.887,0.011,0.0075
13.04.2021 09:22:53.036 GMT-0500,211.123,210.907,0.011,0.011
13.04.2021 09:23:00.088 GMT-0500,211.132,210.988,0.011,0.011
13.04.2021 09:23:00.138 GMT-0500,211.132,210.968,0.011,0.011
13.04.2021 09:23:00.432 GMT-0500,211.14200000000002,210.968,0.011,0.011
13.04.2021 09:23:00.867 GMT-0500,211.18200000000002,210.968,0.011,0.011
13.04.2021 09:23:01.509 GMT-0500,211.183,211.02700000000002,0.011,0.0075
13.04.2021 09:23:03.056 GMT-0500,211.17200000000003,211.028,0.0008,0.011
13.04.2021 09:23:14.015 GMT-0500,211.183,211.02700000000002,0.011,0.011
13.04.2021 09:23:26.554 GMT-0500,211.17200000000003,211.06799999999998,0.011,0.011
13.04.2021 09:23:27.601 GMT-0500,211.243,211.157,0.011,0.0075
13.04.2021 09:23:27.651 GMT-0500,211.243,211.04700000000003,0.011,0.011
13.04.2021 09:23:43.311 GMT-0500,211.252,211.048,0.011,0.011
13.04.2021 09:23:46.673 GMT-0500,211.252,211.088,0.011,0.0075
13.04.2021 09:23:47.192 GMT-0500,211.202,211.088,0.011,0.011
13.04.2021 09:23:51.713 GMT-0500,211.202,211.128,0.011,0.011
13.04.2021 09:24:03.608 GMT-0500,211.162,211.128,0.0075,0.0008
13.04.2021 09:24:03.658 GMT-0500,211.203,210.98700000000002,0.011,0.011
13.04.2021 09:24:03.962 GMT-0500,211.202,210.968,0.011,0.011
13.04.2021 09:24:04.321 GMT-0500,211.202,210.958,0.011,0.011
13.04.2021 09:24:05.516 GMT-0500,211.202,210.968,0.011,0.0008
13.04.2021 09:24:05.971 GMT-0500,211.203,210.95700000000002,0.011,0.011
13.04.2021 09:24:06.136 GMT-0500,211.093,210.95700000000002,0.0008,0.011
13.04.2021 09:24:20.640 GMT-0500,211.092,211.008,0.011,0.011
13.04.2021 09:24:37.100 GMT-0500,211.222,211.048,0.011,0.011
13.04.2021 09:24:37.150 GMT-0500,211.14200000000002,210.968,0.011,0.011
13.04.2021 09:24:37.531 GMT-0500,211.143,211.05700000000002,0.011,0.011
13.04.2021 09:24:40.380 GMT-0500,211.14200000000002,211.078,0.011,0.011
13.04.2021 09:24:40.430 GMT-0500,211.143,211.05700000000002,0.011,0.011
13.04.2021 09:24:40.712 GMT-0500,211.22299999999998,211.05700000000002,0.011,0.011
13.04.2021 09:24:43.817 GMT-0500,211.14200000000002,211.058,0.0075,0.011
13.04.2021 09:24:52.630 GMT-0500,211.14200000000002,210.968,0.011,0.011
13.04.2021 09:24:52.710 GMT-0500,211.143,211.077,0.011,0.0008
13.04.2021 09:24:54.832 GMT-0500,211.222,211.078,0.011,0.011
13.04.2021 09:25:03.092 GMT-0500,211.123,211.078,0.0008,0.011
13.04.2021 09:25:03.143 GMT-0500,211.102,210.968,0.011,0.011
13.04.2021 09:25:03.221 GMT-0500,211.102,211.008,0.011,0.0075
13.04.2021 09:25:03.547 GMT-0500,211.072,210.958,0.011,0.011
13.04.2021 09:25:03.697 GMT-0500,211.072,211.008,0.011,0.011
13.04.2021 09:25:08.837 GMT-0500,211.073,211.02700000000002,0.011,0.0075
13.04.2021 09:25:10.068 GMT-0500,211.062,211.028,0.011,0.011
13.04.2021 09:25:10.118 GMT-0500,211.053,210.95700000000002,0.011,0.011
13.04.2021 09:25:10.169 GMT-0500,211.072,210.958,0.011,0.011
13.04.2021 09:25:10.288 GMT-0500,211.073,210.877,0.011,0.0008
13.04.2021 09:25:10.388 GMT-0500,211.072,210.898,0.011,0.011
13.04.2021 09:25:10.592 GMT-0500,211.063,210.89700000000002,0.011,0.011
13.04.2021 09:25:10.642 GMT-0500,211.072,210.898,0.011,0.011
13.04.2021 09:25:15.625 GMT-0500,211.023,210.89700000000002,0.0075,0.011
13.04.2021 09:25:25.413 GMT-0500,211.023,210.86700000000002,0.011,0.011
13.04.2021 09:25:26.700 GMT-0500,211.023,210.907,0.011,0.0075
13.04.2021 09:25:33.619 GMT-0500,210.983,210.907,0.0075,0.011
13.04.2021 09:25:42.565 GMT-0500,210.983,210.83700000000002,0.011,0.011
13.04.2021 09:25:42.676 GMT-0500,210.993,210.83700000000002,0.011,0.011
13.04.2021 09:25:42.850 GMT-0500,210.993,210.877,0.011,0.0075
13.04.2021 09:25:43.615 GMT-0500,210.982,210.878,0.011,0.011
13.04.2021 09:25:50.668 GMT-0500,210.952,210.878,0.0075,0.011
13.04.2021 09:25:50.718 GMT-0500,210.972,210.878,0.011,0.011
13.04.2021 09:25:56.908 GMT-0500,210.952,210.878,0.0008,0.011
13.04.2021 09:25:59.137 GMT-0500,210.953,210.89700000000002,0.011,0.0075
13.04.2021 09:26:04.571 GMT-0500,210.92200000000003,210.898,0.0075,0.0008
13.04.2021 09:26:04.621 GMT-0500,210.953,210.877,0.011,0.011
13.04.2021 09:26:05.787 GMT-0500,210.952,210.908,0.011,0.0008
13.04.2021 09:26:05.837 GMT-0500,211.033,210.907,0.011,0.011
13.04.2021 09:26:05.888 GMT-0500,211.032,210.988,0.011,0.011
13.04.2021 09:26:07.136 GMT-0500,211.023,210.98000000000002,0.0075,0.0008
13.04.2021 09:26:07.187 GMT-0500,211.02200000000002,210.868,0.011,0.011
13.04.2021 09:26:08.172 GMT-0500,211.032,210.868,0.011,0.011
13.04.2021 09:26:08.298 GMT-0500,211.11200000000002,210.868,0.011,0.011
13.04.2021 09:26:10.153 GMT-0500,211.113,210.997,0.011,0.0008
13.04.2021 09:26:10.559 GMT-0500,211.042,210.998,0.0075,0.011
13.04.2021 09:26:10.610 GMT-0500,211.11200000000002,210.998,0.011,0.011
13.04.2021 09:26:17.779 GMT-0500,211.133,210.997,0.011,0.011
13.04.2021 09:26:20.489 GMT-0500,211.043,210.998,0.0008,0.011
13.04.2021 09:26:20.540 GMT-0500,211.133,210.997,0.011,0.011
13.04.2021 09:26:24.740 GMT-0500,211.133,211.037,0.011,0.011
13.04.2021 09:26:24.790 GMT-0500,211.132,211.028,0.011,0.011
13.04.2021 09:26:25.103 GMT-0500,211.08200000000002,211.028,0.011,0.011
13.04.2021 09:26:25.775 GMT-0500,211.08200000000002,210.998,0.011,0.011
13.04.2021 09:26:30.699 GMT-0500,211.19299999999998,211.05700000000002,0.011,0.011
13.04.2021 09:26:36.002 GMT-0500,211.192,211.008,0.011,0.0075
13.04.2021 09:26:36.053 GMT-0500,211.192,210.998,0.011,0.011
13.04.2021 09:26:37.316 GMT-0500,211.143,210.997,0.0008,0.011
13.04.2021 09:26:38.057 GMT-0500,211.14200000000002,211.018,0.011,0.0008
13.04.2021 09:26:47.022 GMT-0500,211.192,211.018,0.011,0.011
13.04.2021 09:26:47.401 GMT-0500,211.192,210.998,0.011,0.011
13.04.2021 09:26:49.680 GMT-0500,211.19299999999998,211.007,0.011,0.0075
13.04.2021 09:26:51.966 GMT-0500,211.19299999999998,211.04700000000003,0.011,0.011
13.04.2021 09:26:52.436 GMT-0500,211.11200000000002,211.048,0.011,0.011
13.04.2021 09:26:55.135 GMT-0500,211.192,211.048,0.011,0.011
13.04.2021 09:27:00.060 GMT-0500,211.192,211.088,0.011,0.0008
13.04.2021 09:27:00.110 GMT-0500,211.192,211.048,0.011,0.011
13.04.2021 09:27:00.584 GMT-0500,211.192,211.058,0.011,0.0075
13.04.2021 09:27:00.860 GMT-0500,211.173,211.05700000000002,0.0008,0.011
13.04.2021 09:27:07.170 GMT-0500,211.17200000000003,211.088,0.011,0.0075
13.04.2021 09:27:09.915 GMT-0500,211.132,211.088,0.0008,0.0075
13.04.2021 09:27:09.966 GMT-0500,211.133,210.997,0.011,0.011
13.04.2021 09:27:20.234 GMT-0500,211.122,210.998,0.0008,0.011
13.04.2021 09:27:25.157 GMT-0500,211.113,210.997,0.011,0.011
13.04.2021 09:27:49.194 GMT-0500,211.072,210.998,0.011,0.011
13.04.2021 09:27:49.677 GMT-0500,211.062,210.998,0.0008,0.011
13.04.2021 09:28:04.925 GMT-0500,211.05200000000002,210.998,0.0008,0.011
13.04.2021 09:28:04.975 GMT-0500,211.073,210.997,0.011,0.011
13.04.2021 09:28:05.026 GMT-0500,211.073,210.89700000000002,0.011,0.011
13.04.2021 09:28:05.076 GMT-0500,211.072,210.918,0.011,0.011
13.04.2021 09:28:05.177 GMT-0500,211.063,210.89700000000002,0.011,0.011
13.04.2021 09:28:05.342 GMT-0500,211.062,210.998,0.011,0.0008
13.04.2021 09:28:07.189 GMT-0500,211.063,211.037,0.0075,0.0008
13.04.2021 09:28:07.239 GMT-0500,211.133,211.02700000000002,0.011,0.011
13.04.2021 09:28:08.241 GMT-0500,211.133,210.997,0.011,0.011
13.04.2021 09:28:10.674 GMT-0500,211.133,210.967,0.011,0.011
13.04.2021 09:28:12.880 GMT-0500,211.043,210.967,0.0008,0.0075
13.04.2021 09:28:12.930 GMT-0500,211.132,210.918,0.011,0.011
13.04.2021 09:28:13.402 GMT-0500,211.143,210.917,0.011,0.011
13.04.2021 09:28:18.301 GMT-0500,211.143,211.037,0.011,0.011
13.04.2021 09:28:18.351 GMT-0500,211.143,210.967,0.011,0.011
13.04.2021 09:28:18.533 GMT-0500,211.162,211.028,0.011,0.011
13.04.2021 09:28:20.750 GMT-0500,211.163,210.967,0.011,0.011
13.04.2021 09:28:35.186 GMT-0500,211.153,210.967,0.0075,0.011
13.04.2021 09:28:40.754 GMT-0500,211.15200000000002,211.038,0.011,0.0008
13.04.2021 09:28:44.879 GMT-0500,211.14200000000002,211.038,0.0008,0.011
13.04.2021 09:29:03.766 GMT-0500,210.993,210.887,0.011,0.011
13.04.2021 09:29:04.679 GMT-0500,210.993,210.92700000000002,0.011,0.0008
13.04.2021 09:29:04.730 GMT-0500,210.99200000000002,210.898,0.011,0.011
13.04.2021 09:29:05.076 GMT-0500,210.993,210.937,0.011,0.011
13.04.2021 09:29:05.191 GMT-0500,210.99200000000002,210.898,0.011,0.011
13.04.2021 09:29:05.729 GMT-0500,210.99200000000002,210.888,0.011,0.011
13.04.2021 09:29:20.190 GMT-0500,211.063,210.887,0.011,0.011
13.04.2021 09:29:21.614 GMT-0500,211.023,210.887,0.011,0.011
13.04.2021 09:29:22.340 GMT-0500,211.063,210.887,0.011,0.011
13.04.2021 09:29:22.518 GMT-0500,211.032,210.888,0.011,0.011
13.04.2021 09:29:31.410 GMT-0500,211.063,210.887,0.011,0.011
13.04.2021 09:29:37.991 GMT-0500,211.032,210.888,0.011,0.011
13.04.2021 09:29:40.150 GMT-0500,211.062,210.888,0.011,0.011
13.04.2021 09:29:40.466 GMT-0500,211.042,210.888,0.0075,0.011
13.04.2021 09:29:42.831 GMT-0500,211.042,210.938,0.0075,0.0008
13.04.2021 09:29:42.882 GMT-0500,211.153,210.887,0.011,0.011
13.04.2021 09:29:43.111 GMT-0500,211.153,210.947,0.011,0.0008
13.04.2021 09:30:00.060 GMT-0500,211.15200000000002,210.908,0.011,0.011
13.04.2021 09:30:00.669 GMT-0500,211.15200000000002,210.948,0.011,0.0008
13.04.2021 09:30:08.523 GMT-0500,211.073,210.947,0.0008,0.011
13.04.2021 09:30:16.558 GMT-0500,210.983,210.947,0.0075,0.0008
13.04.2021 09:30:16.608 GMT-0500,210.972,210.888,0.011,0.011
13.04.2021 09:30:16.658 GMT-0500,210.963,210.887,0.011,0.011
13.04.2021 09:30:16.862 GMT-0500,210.983,210.887,0.011,0.011
