Local time,Ask,Bid,AskVolume,BidVolume
12.04.2021 08:30:01.144 GMT-0500,207.86200000000002,207.008,0.011,0.011
12.04.2021 08:30:01.282 GMT-0500,207.863,207.01700000000002,0.011,0.0075
12.04.2021 08:30:01.332 GMT-0500,207.863,207.007,0.011,0.011
12.04.2021 08:30:01.418 GMT-0500,207.86200000000002,207.088,0.011,0.0008
12.04.2021 08:30:01.947 GMT-0500,207.39200000000002,207.088,0.0075,0.011
12.04.2021 08:30:02.079 GMT-0500,207.39200000000002,207.188,0.011,0.0075
12.04.2021 08:30:02.129 GMT-0500,207.393,207.08700000000002,0.011,0.011
12.04.2021 08:30:02.782 GMT-0500,207.293,207.08700000000002,0.0075,0.011
12.04.2021 08:30:02.832 GMT-0500,207.393,207.08700000000002,0.011,0.011
12.04.2021 08:30:02.882 GMT-0500,207.292,207.088,0.011,0.011
12.04.2021 08:30:03.106 GMT-0500,207.192,207.088,0.0075,0.0008
12.04.2021 08:30:03.156 GMT-0500,207.092,206.758,0.011,0.011
12.04.2021 08:30:03.207 GMT-0500,207.17200000000003,206.758,0.011,0.011
12.04.2021 08:30:03.940 GMT-0500,207.153,206.757,0.0075,0.011
12.04.2021 08:30:06.401 GMT-0500,207.173,206.757,0.011,0.011
12.04.2021 08:30:07.637 GMT-0500,207.15200000000002,206.758,0.0008,0.011
12.04.2021 08:30:07.738 GMT-0500,207.173,206.757,0.011,0.011
12.04.2021 08:30:07.812 GMT-0500,207.153,206.757,0.0075,0.011
12.04.2021 08:30:07.912 GMT-0500,207.17200000000003,206.758,0.011,0.011
12.04.2021 08:30:18.019 GMT-0500,207.173,206.76700000000002,0.0075,0.0008
12.04.2021 08:30:18.069 GMT-0500,207.243,206.76700000000002,0.011,0.011
12.04.2021 08:30:18.489 GMT-0500,207.52200000000002,207.058,0.0008,0.011
12.04.2021 08:30:19.431 GMT-0500,207.523,207.067,0.011,0.011
12.04.2021 08:30:19.481 GMT-0500,207.52200000000002,207.058,0.011,0.011
12.04.2021 08:30:20.048 GMT-0500,207.52200000000002,207.06799999999998,0.011,0.0008
12.04.2021 08:30:20.508 GMT-0500,207.523,207.05700000000002,0.011,0.011
12.04.2021 08:30:21.169 GMT-0500,207.502,207.058,0.001,0.001
12.04.2021 08:30:22.418 GMT-0500,207.542,207.06799999999998,0.001,0.001
12.04.2021 08:30:22.523 GMT-0500,207.542,207.058,0.001,0.001
12.04.2021 08:30:23.179 GMT-0500,207.542,207.06799999999998,0.001,0.001
12.04.2021 08:30:23.476 GMT-0500,207.542,207.058,0.001,0.001
12.04.2021 08:30:26.216 GMT-0500,207.543,207.227,0.011,0.011
12.04.2021 08:30:32.693 GMT-0500,207.542,207.058,0.011,0.011
12.04.2021 08:30:33.699 GMT-0500,207.493,207.067,0.011,0.011
12.04.2021 08:30:33.824 GMT-0500,207.493,207.05700000000002,0.011,0.011
12.04.2021 08:30:34.650 GMT-0500,207.49200000000002,207.06799999999998,0.011,0.0008
12.04.2021 08:30:34.990 GMT-0500,207.493,207.05700000000002,0.011,0.011
12.04.2021 08:30:39.185 GMT-0500,207.493,207.067,0.011,0.0008
12.04.2021 08:30:39.365 GMT-0500,207.49200000000002,207.058,0.011,0.011
12.04.2021 08:30:43.639 GMT-0500,207.58200000000002,206.648,0.011,0.0075
12.04.2021 08:30:44.041 GMT-0500,207.563,206.64700000000002,0.0075,0.011
12.04.2021 08:31:00.062 GMT-0500,207.46200000000002,207.258,0.011,0.011
12.04.2021 08:31:03.333 GMT-0500,207.543,207.20700000000002,0.011,0.011
12.04.2021 08:31:05.792 GMT-0500,207.523,207.175,0.0075,0.0008
12.04.2021 08:31:07.277 GMT-0500,207.543,207.377,0.011,0.011
12.04.2021 08:31:07.327 GMT-0500,207.542,207.268,0.011,0.011
12.04.2021 08:31:07.439 GMT-0500,207.543,207.247,0.011,0.011
12.04.2021 08:31:10.290 GMT-0500,207.543,207.217,0.011,0.011
12.04.2021 08:31:11.275 GMT-0500,207.543,207.27700000000002,0.011,0.0075
12.04.2021 08:31:13.331 GMT-0500,207.542,207.278,0.011,0.011
12.04.2021 08:31:16.032 GMT-0500,207.64200000000002,207.278,0.011,0.011
12.04.2021 08:31:17.346 GMT-0500,207.64200000000002,207.428,0.0008,0.0075
12.04.2021 08:31:17.396 GMT-0500,207.852,207.288,0.011,0.011
12.04.2021 08:31:17.452 GMT-0500,207.853,207.27700000000002,0.011,0.011
12.04.2021 08:31:17.564 GMT-0500,207.842,207.278,0.011,0.011
12.04.2021 08:31:17.614 GMT-0500,207.853,207.27700000000002,0.011,0.011
12.04.2021 08:31:17.684 GMT-0500,207.833,207.27700000000002,0.0075,0.011
12.04.2021 08:31:17.734 GMT-0500,207.852,207.278,0.011,0.011
12.04.2021 08:31:17.818 GMT-0500,207.833,207.27700000000002,0.011,0.011
12.04.2021 08:31:18.618 GMT-0500,207.833,207.287,0.0008,0.0075
12.04.2021 08:31:18.668 GMT-0500,207.853,207.27700000000002,0.011,0.011
12.04.2021 08:31:19.878 GMT-0500,207.853,207.287,0.011,0.011
12.04.2021 08:31:20.042 GMT-0500,207.853,207.27700000000002,0.011,0.011
12.04.2021 08:31:21.360 GMT-0500,207.822,207.278,0.0075,0.011
12.04.2021 08:31:21.466 GMT-0500,207.852,207.278,0.011,0.011
12.04.2021 08:31:21.516 GMT-0500,207.843,207.27700000000002,0.011,0.011
12.04.2021 08:31:21.583 GMT-0500,207.852,207.278,0.011,0.011
12.04.2021 08:31:21.689 GMT-0500,207.833,207.27700000000002,0.0075,0.011
12.04.2021 08:31:21.948 GMT-0500,207.833,207.287,0.0008,0.0075
12.04.2021 08:31:21.998 GMT-0500,207.853,207.27700000000002,0.011,0.011
12.04.2021 08:31:22.086 GMT-0500,207.842,207.278,0.011,0.011
12.04.2021 08:31:22.296 GMT-0500,207.852,207.278,0.011,0.011
12.04.2021 08:31:22.390 GMT-0500,207.843,207.27700000000002,0.0075,0.011
12.04.2021 08:31:22.712 GMT-0500,207.843,207.287,0.0008,0.0075
12.04.2021 08:31:22.763 GMT-0500,207.853,207.27700000000002,0.011,0.011
12.04.2021 08:31:22.813 GMT-0500,207.842,207.278,0.011,0.011
12.04.2021 08:31:23.729 GMT-0500,207.842,207.288,0.011,0.0075
12.04.2021 08:31:24.133 GMT-0500,207.843,207.27700000000002,0.011,0.011
12.04.2021 08:31:24.282 GMT-0500,207.853,207.27700000000002,0.011,0.011
12.04.2021 08:31:26.861 GMT-0500,207.852,207.288,0.011,0.011
12.04.2021 08:31:29.328 GMT-0500,207.883,207.577,0.011,0.011
12.04.2021 08:31:37.960 GMT-0500,207.882,207.678,0.011,0.011
12.04.2021 08:31:43.387 GMT-0500,207.953,207.67700000000002,0.011,0.011
12.04.2021 08:31:48.481 GMT-0500,207.963,207.83700000000002,0.0075,0.0008
12.04.2021 08:31:48.532 GMT-0500,208.383,207.67700000000002,0.011,0.011
12.04.2021 08:31:48.603 GMT-0500,207.99200000000002,207.678,0.0008,0.011
12.04.2021 08:31:49.291 GMT-0500,207.99200000000002,207.688,0.001,0.001
12.04.2021 08:31:49.465 GMT-0500,207.993,207.67700000000002,0.011,0.011
12.04.2021 08:31:51.176 GMT-0500,207.993,207.687,0.011,0.0008
12.04.2021 08:31:51.505 GMT-0500,207.99200000000002,207.678,0.011,0.011
12.04.2021 08:31:52.404 GMT-0500,207.993,207.687,0.0008,0.0075
12.04.2021 08:31:52.454 GMT-0500,208.113,207.687,0.011,0.011
12.04.2021 08:31:52.505 GMT-0500,208.123,207.67700000000002,0.011,0.011
12.04.2021 08:31:52.665 GMT-0500,207.99200000000002,207.678,0.0008,0.011
12.04.2021 08:31:53.024 GMT-0500,207.893,207.687,0.0008,0.0008
12.04.2021 08:31:53.074 GMT-0500,207.983,207.67700000000002,0.011,0.011
12.04.2021 08:31:53.215 GMT-0500,207.94299999999998,207.67700000000002,0.0008,0.011
12.04.2021 08:32:08.184 GMT-0500,207.952,207.678,0.011,0.011
12.04.2021 08:32:13.882 GMT-0500,207.952,207.688,0.011,0.0008
12.04.2021 08:32:14.180 GMT-0500,208.382,207.878,0.011,0.011
12.04.2021 08:32:14.231 GMT-0500,208.372,207.888,0.011,0.011
12.04.2021 08:32:14.391 GMT-0500,208.382,207.888,0.011,0.011
12.04.2021 08:32:14.582 GMT-0500,208.202,207.888,0.0075,0.011
12.04.2021 08:32:15.108 GMT-0500,208.202,208.038,0.011,0.0008
12.04.2021 08:32:15.209 GMT-0500,208.61200000000002,208.148,0.011,0.011
12.04.2021 08:32:15.259 GMT-0500,208.382,208.058,0.011,0.011
12.04.2021 08:32:15.310 GMT-0500,208.40200000000002,208.058,0.011,0.011
12.04.2021 08:32:15.918 GMT-0500,208.253,208.058,0.0008,0.011
12.04.2021 08:32:16.252 GMT-0500,208.252,207.788,0.011,0.011
12.04.2021 08:32:16.538 GMT-0500,208.252,207.928,0.0008,0.0075
12.04.2021 08:32:16.599 GMT-0500,208.292,207.798,0.011,0.011
12.04.2021 08:32:17.603 GMT-0500,208.293,207.787,0.011,0.011
12.04.2021 08:32:19.638 GMT-0500,208.292,207.798,0.011,0.0075
12.04.2021 08:32:20.031 GMT-0500,208.292,207.788,0.011,0.011
12.04.2021 08:32:20.582 GMT-0500,208.292,207.948,0.011,0.0008
12.04.2021 08:32:20.632 GMT-0500,208.292,207.788,0.011,0.011
12.04.2021 08:32:21.316 GMT-0500,208.292,207.798,0.011,0.0075
12.04.2021 08:32:21.642 GMT-0500,208.292,207.788,0.011,0.011
12.04.2021 08:32:22.594 GMT-0500,208.293,207.947,0.011,0.0075
12.04.2021 08:32:22.695 GMT-0500,208.292,207.968,0.011,0.011
12.04.2021 08:32:23.897 GMT-0500,208.293,208.247,0.0075,0.0008
12.04.2021 08:32:23.947 GMT-0500,208.633,208.127,0.011,0.011
12.04.2021 08:32:24.048 GMT-0500,208.503,208.127,0.011,0.011
12.04.2021 08:32:24.969 GMT-0500,208.643,207.77700000000002,0.011,0.011
12.04.2021 08:32:25.056 GMT-0500,208.442,207.778,0.0075,0.011
12.04.2021 08:32:25.348 GMT-0500,208.442,207.788,0.011,0.0075
12.04.2021 08:32:25.448 GMT-0500,208.44299999999998,207.77700000000002,0.011,0.011
12.04.2021 08:32:26.117 GMT-0500,208.44299999999998,207.787,0.011,0.011
12.04.2021 08:32:26.386 GMT-0500,208.44299999999998,207.77700000000002,0.011,0.011
12.04.2021 08:32:26.665 GMT-0500,208.442,208.148,0.011,0.011
12.04.2021 08:32:26.715 GMT-0500,208.632,208.148,0.011,0.011
12.04.2021 08:32:26.766 GMT-0500,208.64200000000002,208.148,0.011,0.011
12.04.2021 08:32:27.761 GMT-0500,208.503,208.14700000000002,0.011,0.011
12.04.2021 08:32:27.880 GMT-0500,208.503,207.787,0.011,0.011
12.04.2021 08:32:28.269 GMT-0500,208.502,207.798,0.011,0.0008
12.04.2021 08:32:28.319 GMT-0500,208.502,207.788,0.011,0.011
12.04.2021 08:32:29.716 GMT-0500,208.502,207.778,0.011,0.011
12.04.2021 08:32:30.011 GMT-0500,208.49200000000002,207.778,0.0075,0.011
12.04.2021 08:32:31.379 GMT-0500,208.472,207.778,0.0008,0.011
12.04.2021 08:32:32.140 GMT-0500,208.43200000000002,207.788,0.0075,0.0075
12.04.2021 08:32:32.514 GMT-0500,208.43200000000002,207.778,0.011,0.011
12.04.2021 08:32:32.615 GMT-0500,208.413,207.77700000000002,0.011,0.011
12.04.2021 08:32:33.239 GMT-0500,208.412,207.788,0.011,0.0075
12.04.2021 08:32:33.339 GMT-0500,208.412,207.778,0.011,0.011
12.04.2021 08:32:33.393 GMT-0500,208.413,207.787,0.0008,0.0075
12.04.2021 08:32:33.444 GMT-0500,208.43200000000002,207.788,0.011,0.011
12.04.2021 08:32:36.399 GMT-0500,208.433,207.77700000000002,0.011,0.011
12.04.2021 08:32:40.638 GMT-0500,208.413,207.77700000000002,0.0008,0.011
12.04.2021 08:32:41.411 GMT-0500,208.412,207.788,0.011,0.0008
12.04.2021 08:32:41.512 GMT-0500,208.413,207.77700000000002,0.011,0.011
12.04.2021 08:32:42.905 GMT-0500,208.412,207.788,0.011,0.0075
12.04.2021 08:32:43.251 GMT-0500,208.412,207.778,0.011,0.011
12.04.2021 08:32:44.210 GMT-0500,208.412,208.205,0.011,0.0008
12.04.2021 08:32:44.261 GMT-0500,208.633,208.14700000000002,0.011,0.011
12.04.2021 08:32:44.314 GMT-0500,208.502,208.148,0.0008,0.011
12.04.2021 08:32:45.990 GMT-0500,208.423,208.14700000000002,0.0008,0.0075
12.04.2021 08:32:46.040 GMT-0500,208.633,207.787,0.011,0.011
12.04.2021 08:32:46.091 GMT-0500,208.483,207.787,0.011,0.011
12.04.2021 08:32:46.625 GMT-0500,208.643,207.787,0.011,0.011
12.04.2021 08:32:47.239 GMT-0500,208.40200000000002,207.778,0.011,0.011
12.04.2021 08:32:52.390 GMT-0500,208.403,208.007,0.011,0.0075
12.04.2021 08:32:53.926 GMT-0500,208.40200000000002,208.018,0.011,0.0075
12.04.2021 08:32:53.976 GMT-0500,208.403,208.007,0.011,0.011
12.04.2021 08:32:55.602 GMT-0500,208.403,208.01700000000002,0.011,0.0008
12.04.2021 08:32:55.703 GMT-0500,208.40200000000002,208.008,0.011,0.011
12.04.2021 08:32:57.322 GMT-0500,208.403,208.14700000000002,0.0075,0.0008
12.04.2021 08:32:57.372 GMT-0500,208.42200000000003,208.148,0.011,0.011
12.04.2021 08:32:57.423 GMT-0500,208.42200000000003,208.018,0.011,0.011
12.04.2021 08:32:58.336 GMT-0500,208.42200000000003,208.008,0.011,0.011
12.04.2021 08:32:58.855 GMT-0500,208.42200000000003,208.018,0.011,0.0075
12.04.2021 08:32:59.161 GMT-0500,208.42200000000003,208.008,0.011,0.011
12.04.2021 08:32:59.606 GMT-0500,208.42200000000003,208.178,0.0075,0.0008
12.04.2021 08:32:59.656 GMT-0500,208.632,208.018,0.011,0.011
12.04.2021 08:32:59.707 GMT-0500,208.393,208.01700000000002,0.011,0.011
12.04.2021 08:33:00.337 GMT-0500,208.39200000000002,208.028,0.011,0.0008
12.04.2021 08:33:00.438 GMT-0500,208.39200000000002,208.018,0.011,0.011
12.04.2021 08:33:00.556 GMT-0500,208.39200000000002,208.008,0.011,0.011
12.04.2021 08:33:01.811 GMT-0500,208.393,208.01700000000002,0.011,0.011
12.04.2021 08:33:01.937 GMT-0500,208.493,208.29700000000003,0.011,0.011
12.04.2021 08:33:04.117 GMT-0500,208.493,208.007,0.011,0.011
12.04.2021 08:33:06.500 GMT-0500,208.472,208.008,0.011,0.011
12.04.2021 08:33:08.568 GMT-0500,208.453,208.007,0.0008,0.011
12.04.2021 08:33:10.246 GMT-0500,208.453,208.01700000000002,0.011,0.0008
12.04.2021 08:33:10.296 GMT-0500,208.452,208.008,0.011,0.011
12.04.2021 08:33:11.344 GMT-0500,208.40200000000002,208.008,0.0008,0.011
12.04.2021 08:33:11.494 GMT-0500,208.403,208.01700000000002,0.011,0.011
12.04.2021 08:33:11.645 GMT-0500,208.403,208.007,0.011,0.011
12.04.2021 08:33:12.354 GMT-0500,208.40200000000002,208.018,0.011,0.0075
12.04.2021 08:33:12.455 GMT-0500,208.403,208.007,0.011,0.011
12.04.2021 08:33:13.082 GMT-0500,208.403,208.01700000000002,0.011,0.011
12.04.2021 08:33:13.199 GMT-0500,208.40200000000002,208.008,0.011,0.011
12.04.2021 08:33:15.057 GMT-0500,208.40200000000002,208.018,0.011,0.0008
12.04.2021 08:33:15.484 GMT-0500,208.40200000000002,208.008,0.011,0.011
12.04.2021 08:33:15.591 GMT-0500,208.40200000000002,208.018,0.011,0.0075
12.04.2021 08:33:15.641 GMT-0500,208.503,208.007,0.011,0.011
12.04.2021 08:33:18.667 GMT-0500,208.502,208.018,0.011,0.0008
12.04.2021 08:33:18.952 GMT-0500,208.503,208.007,0.011,0.011
12.04.2021 08:33:20.814 GMT-0500,208.452,208.008,0.011,0.011
12.04.2021 08:33:20.914 GMT-0500,208.503,208.01700000000002,0.011,0.011
12.04.2021 08:33:22.021 GMT-0500,208.502,208.028,0.011,0.0075
12.04.2021 08:33:22.071 GMT-0500,208.503,208.01700000000002,0.011,0.011
12.04.2021 08:33:23.931 GMT-0500,208.502,208.008,0.011,0.011
12.04.2021 08:33:25.622 GMT-0500,208.503,208.01700000000002,0.011,0.011
12.04.2021 08:33:25.828 GMT-0500,208.503,208.007,0.011,0.011
12.04.2021 08:33:27.239 GMT-0500,208.502,208.34799999999998,0.0008,0.0075
12.04.2021 08:33:27.290 GMT-0500,208.64200000000002,208.34799999999998,0.011,0.011
12.04.2021 08:33:30.078 GMT-0500,208.603,208.347,0.0075,0.011
12.04.2021 08:33:30.306 GMT-0500,208.602,208.008,0.011,0.011
12.04.2021 08:33:30.359 GMT-0500,208.603,208.387,0.011,0.0008
12.04.2021 08:33:30.410 GMT-0500,209.032,208.388,0.011,0.011
12.04.2021 08:33:32.194 GMT-0500,208.722,208.388,0.011,0.011
12.04.2021 08:33:32.245 GMT-0500,209.342,208.738,0.011,0.011
12.04.2021 08:33:32.345 GMT-0500,208.92200000000003,208.418,0.011,0.011
12.04.2021 08:33:32.704 GMT-0500,208.92200000000003,208.428,0.011,0.0008
12.04.2021 08:33:32.755 GMT-0500,208.923,208.417,0.011,0.011
12.04.2021 08:33:33.272 GMT-0500,208.923,208.387,0.011,0.011
12.04.2021 08:33:33.633 GMT-0500,208.92200000000003,208.398,0.011,0.011
12.04.2021 08:33:34.003 GMT-0500,208.92200000000003,208.388,0.011,0.011
12.04.2021 08:33:37.663 GMT-0500,208.923,208.39700000000002,0.011,0.0008
12.04.2021 08:33:37.859 GMT-0500,208.923,208.387,0.011,0.011
12.04.2021 08:33:37.988 GMT-0500,208.923,208.627,0.011,0.0075
12.04.2021 08:33:39.282 GMT-0500,208.923,208.637,0.011,0.0075
12.04.2021 08:33:39.531 GMT-0500,208.923,208.627,0.011,0.011
12.04.2021 08:33:41.709 GMT-0500,208.923,208.637,0.011,0.0075
12.04.2021 08:33:41.899 GMT-0500,208.923,208.627,0.011,0.011
12.04.2021 08:33:43.144 GMT-0500,208.92200000000003,208.638,0.011,0.0008
12.04.2021 08:33:43.481 GMT-0500,208.92200000000003,208.628,0.011,0.011
12.04.2021 08:33:48.473 GMT-0500,209.343,208.627,0.011,0.011
12.04.2021 08:33:48.535 GMT-0500,208.97299999999998,208.77700000000002,0.0008,0.0008
12.04.2021 08:33:48.585 GMT-0500,208.97299999999998,208.627,0.011,0.011
12.04.2021 08:33:49.547 GMT-0500,208.97299999999998,208.637,0.011,0.0075
12.04.2021 08:33:49.898 GMT-0500,208.97299999999998,208.627,0.011,0.011
12.04.2021 08:33:50.378 GMT-0500,208.972,208.638,0.011,0.011
12.04.2021 08:33:50.710 GMT-0500,208.97299999999998,208.627,0.011,0.011
12.04.2021 08:33:52.729 GMT-0500,208.893,208.627,0.0075,0.011
12.04.2021 08:33:52.780 GMT-0500,209.02200000000002,208.628,0.011,0.011
12.04.2021 08:33:53.008 GMT-0500,208.872,208.628,0.011,0.011
12.04.2021 08:33:54.088 GMT-0500,208.913,208.627,0.011,0.011
12.04.2021 08:33:54.486 GMT-0500,208.872,208.628,0.0075,0.011
12.04.2021 08:33:54.536 GMT-0500,208.912,208.628,0.011,0.011
12.04.2021 08:33:56.641 GMT-0500,209.02200000000002,208.628,0.011,0.011
12.04.2021 08:33:56.886 GMT-0500,208.852,208.628,0.0075,0.011
12.04.2021 08:33:57.136 GMT-0500,208.852,208.408,0.011,0.011
12.04.2021 08:33:58.862 GMT-0500,208.853,208.67700000000002,0.011,0.0075
12.04.2021 08:33:58.912 GMT-0500,208.853,208.39700000000002,0.011,0.011
12.04.2021 08:34:02.357 GMT-0500,208.852,208.408,0.011,0.0008
12.04.2021 08:34:02.517 GMT-0500,208.853,208.39700000000002,0.011,0.011
12.04.2021 08:34:04.242 GMT-0500,208.852,208.638,0.011,0.0008
12.04.2021 08:34:04.293 GMT-0500,208.853,208.39700000000002,0.011,0.011
12.04.2021 08:34:04.555 GMT-0500,208.853,208.52700000000002,0.011,0.0075
12.04.2021 08:34:05.203 GMT-0500,208.852,208.728,0.011,0.0008
12.04.2021 08:34:05.254 GMT-0500,208.852,208.538,0.011,0.011
12.04.2021 08:34:06.239 GMT-0500,208.852,208.528,0.011,0.011
12.04.2021 08:34:08.348 GMT-0500,208.853,208.537,0.011,0.011
12.04.2021 08:34:08.448 GMT-0500,208.93200000000002,208.548,0.011,0.011
12.04.2021 08:34:09.368 GMT-0500,208.933,208.52700000000002,0.011,0.011
12.04.2021 08:34:12.474 GMT-0500,208.93200000000002,208.538,0.011,0.0008
12.04.2021 08:34:12.694 GMT-0500,208.933,208.52700000000002,0.011,0.011
12.04.2021 08:34:13.276 GMT-0500,208.93200000000002,208.538,0.011,0.011
12.04.2021 08:34:13.399 GMT-0500,208.93200000000002,208.528,0.011,0.011
12.04.2021 08:34:17.087 GMT-0500,208.933,208.537,0.011,0.0075
12.04.2021 08:34:17.425 GMT-0500,208.933,208.52700000000002,0.011,0.011
12.04.2021 08:34:18.382 GMT-0500,208.913,208.52700000000002,0.0008,0.011
12.04.2021 08:34:20.607 GMT-0500,208.913,208.537,0.011,0.0008
12.04.2021 08:34:20.817 GMT-0500,208.913,208.52700000000002,0.011,0.011
12.04.2021 08:34:22.108 GMT-0500,208.912,208.538,0.011,0.0008
12.04.2021 08:34:22.535 GMT-0500,208.913,208.52700000000002,0.011,0.011
12.04.2021 08:34:23.434 GMT-0500,209.023,208.52700000000002,0.011,0.011
12.04.2021 08:34:23.704 GMT-0500,208.912,208.528,0.0075,0.011
12.04.2021 08:34:23.805 GMT-0500,208.913,208.537,0.011,0.011
12.04.2021 08:34:23.855 GMT-0500,208.913,208.52700000000002,0.011,0.011
12.04.2021 08:34:27.514 GMT-0500,208.912,208.538,0.011,0.0075
12.04.2021 08:34:27.692 GMT-0500,208.913,208.52700000000002,0.011,0.011
12.04.2021 08:34:28.912 GMT-0500,208.933,208.52700000000002,0.011,0.011
12.04.2021 08:34:28.962 GMT-0500,208.923,208.537,0.011,0.011
12.04.2021 08:34:29.013 GMT-0500,208.933,208.52700000000002,0.011,0.011
12.04.2021 08:34:30.065 GMT-0500,208.773,208.52700000000002,0.011,0.011
12.04.2021 08:34:30.175 GMT-0500,208.77200000000002,208.648,0.0075,0.0008
12.04.2021 08:34:30.225 GMT-0500,208.90200000000002,208.528,0.011,0.011
12.04.2021 08:34:34.555 GMT-0500,208.86200000000002,208.528,0.0075,0.011
12.04.2021 08:34:34.605 GMT-0500,208.99200000000002,208.528,0.011,0.011
12.04.2021 08:34:34.657 GMT-0500,208.853,208.52700000000002,0.0075,0.011
12.04.2021 08:34:35.128 GMT-0500,208.833,208.52700000000002,0.0075,0.011
12.04.2021 08:34:35.440 GMT-0500,208.852,208.528,0.011,0.011
12.04.2021 08:34:37.791 GMT-0500,208.852,208.548,0.011,0.0075
12.04.2021 08:34:40.213 GMT-0500,208.903,208.54700000000003,0.011,0.011
12.04.2021 08:34:40.435 GMT-0500,208.99200000000002,208.548,0.011,0.011
12.04.2021 08:34:42.220 GMT-0500,208.913,208.54700000000003,0.0008,0.011
12.04.2021 08:34:42.342 GMT-0500,208.912,208.56799999999998,0.011,0.0008
12.04.2021 08:34:43.115 GMT-0500,208.913,208.657,0.011,0.0075
12.04.2021 08:34:44.120 GMT-0500,209.002,208.858,0.011,0.0008
12.04.2021 08:34:44.170 GMT-0500,209.003,208.727,0.011,0.011
12.04.2021 08:34:44.221 GMT-0500,209.002,208.738,0.011,0.011
12.04.2021 08:34:44.512 GMT-0500,209.002,208.728,0.011,0.011
12.04.2021 08:34:47.709 GMT-0500,209.002,208.738,0.0008,0.0075
12.04.2021 08:34:47.760 GMT-0500,209.342,208.738,0.011,0.011
12.04.2021 08:34:47.869 GMT-0500,209.352,208.728,0.011,0.011
12.04.2021 08:34:48.327 GMT-0500,209.15200000000002,208.878,0.0075,0.0075
12.04.2021 08:35:00.057 GMT-0500,209.153,208.937,0.011,0.0075
12.04.2021 08:35:00.107 GMT-0500,209.39200000000002,208.948,0.011,0.011
12.04.2021 08:35:00.182 GMT-0500,209.252,208.948,0.0075,0.0008
12.04.2021 08:35:00.232 GMT-0500,209.253,208.937,0.011,0.011
12.04.2021 08:35:01.902 GMT-0500,209.253,208.947,0.011,0.0075
12.04.2021 08:35:02.142 GMT-0500,209.253,208.937,0.011,0.011
12.04.2021 08:35:02.848 GMT-0500,209.252,208.948,0.011,0.0075
12.04.2021 08:35:02.949 GMT-0500,209.252,208.938,0.011,0.011
12.04.2021 08:35:04.011 GMT-0500,209.252,209.008,0.0008,0.0075
12.04.2021 08:35:04.061 GMT-0500,209.19299999999998,208.727,0.011,0.011
12.04.2021 08:35:04.165 GMT-0500,209.08200000000002,208.728,0.0008,0.011
12.04.2021 08:35:04.215 GMT-0500,209.192,208.728,0.011,0.011
12.04.2021 08:35:04.311 GMT-0500,209.173,208.727,0.011,0.011
12.04.2021 08:35:04.670 GMT-0500,209.083,208.727,0.0075,0.011
12.04.2021 08:35:08.356 GMT-0500,209.083,208.73700000000002,0.011,0.0075
12.04.2021 08:35:08.600 GMT-0500,209.08200000000002,208.728,0.011,0.011
12.04.2021 08:35:14.652 GMT-0500,209.083,208.73700000000002,0.011,0.0075
12.04.2021 08:35:15.484 GMT-0500,209.08200000000002,208.728,0.011,0.011
12.04.2021 08:35:18.749 GMT-0500,209.083,208.73700000000002,0.011,0.0075
12.04.2021 08:35:18.936 GMT-0500,209.08200000000002,208.728,0.011,0.011
12.04.2021 08:35:20.063 GMT-0500,209.113,208.727,0.011,0.011
12.04.2021 08:35:21.272 GMT-0500,209.113,208.847,0.011,0.0075
12.04.2021 08:35:21.323 GMT-0500,209.352,208.858,0.011,0.011
12.04.2021 08:35:21.499 GMT-0500,209.113,208.857,0.011,0.011
12.04.2021 08:35:22.327 GMT-0500,209.11200000000002,208.728,0.011,0.011
12.04.2021 08:35:24.994 GMT-0500,209.11200000000002,208.738,0.011,0.0075
12.04.2021 08:35:25.095 GMT-0500,209.11200000000002,208.728,0.011,0.011
12.04.2021 08:35:26.152 GMT-0500,209.11200000000002,208.738,0.011,0.0075
12.04.2021 08:35:26.652 GMT-0500,209.11200000000002,208.728,0.011,0.011
12.04.2021 08:35:30.346 GMT-0500,209.113,208.73700000000002,0.011,0.0075
12.04.2021 08:35:30.526 GMT-0500,209.11200000000002,208.728,0.011,0.011
12.04.2021 08:35:34.062 GMT-0500,209.113,208.73700000000002,0.011,0.0075
12.04.2021 08:35:34.394 GMT-0500,209.113,208.727,0.011,0.011
12.04.2021 08:35:35.077 GMT-0500,209.11200000000002,208.738,0.011,0.011
12.04.2021 08:35:35.259 GMT-0500,209.11200000000002,208.728,0.011,0.011
12.04.2021 08:35:36.955 GMT-0500,209.113,208.73700000000002,0.0008,0.0075
12.04.2021 08:35:37.006 GMT-0500,209.352,208.738,0.011,0.011
12.04.2021 08:35:37.113 GMT-0500,209.093,208.727,0.011,0.011
12.04.2021 08:35:38.833 GMT-0500,209.093,208.73700000000002,0.011,0.0075
12.04.2021 08:35:39.084 GMT-0500,209.092,208.728,0.011,0.011
12.04.2021 08:35:40.644 GMT-0500,209.093,208.73700000000002,0.011,0.011
12.04.2021 08:35:40.875 GMT-0500,209.092,208.728,0.011,0.011
12.04.2021 08:35:41.939 GMT-0500,209.092,208.738,0.011,0.0008
12.04.2021 08:35:42.040 GMT-0500,209.092,208.728,0.011,0.011
12.04.2021 08:35:42.575 GMT-0500,209.092,208.738,0.011,0.011
12.04.2021 08:35:42.957 GMT-0500,209.092,208.728,0.011,0.011
12.04.2021 08:35:43.561 GMT-0500,209.092,208.738,0.011,0.011
12.04.2021 08:35:43.861 GMT-0500,209.093,208.727,0.011,0.011
12.04.2021 08:35:46.658 GMT-0500,209.092,208.738,0.011,0.0075
12.04.2021 08:35:46.884 GMT-0500,209.092,208.728,0.011,0.011
12.04.2021 08:35:49.661 GMT-0500,209.092,208.738,0.011,0.0075
12.04.2021 08:35:49.899 GMT-0500,209.092,208.728,0.011,0.011
12.04.2021 08:35:50.150 GMT-0500,209.093,208.917,0.011,0.0008
12.04.2021 08:35:50.251 GMT-0500,209.363,208.847,0.011,0.011
12.04.2021 08:35:50.645 GMT-0500,209.11200000000002,208.84799999999998,0.011,0.011
12.04.2021 08:35:51.237 GMT-0500,209.113,208.83700000000002,0.011,0.011
12.04.2021 08:35:51.398 GMT-0500,209.11200000000002,208.84799999999998,0.011,0.0075
12.04.2021 08:35:51.449 GMT-0500,209.113,208.83700000000002,0.011,0.011
12.04.2021 08:35:52.290 GMT-0500,209.11200000000002,208.728,0.011,0.011
12.04.2021 08:35:53.488 GMT-0500,209.113,208.73700000000002,0.011,0.0075
12.04.2021 08:35:53.589 GMT-0500,209.113,208.727,0.011,0.011
12.04.2021 08:35:55.906 GMT-0500,209.113,208.887,0.011,0.011
12.04.2021 08:35:56.115 GMT-0500,209.113,208.83700000000002,0.011,0.011
12.04.2021 08:36:01.129 GMT-0500,209.113,208.847,0.0075,0.0008
12.04.2021 08:36:01.179 GMT-0500,209.352,208.84799999999998,0.011,0.011
12.04.2021 08:36:01.230 GMT-0500,209.113,208.847,0.011,0.011
12.04.2021 08:36:02.166 GMT-0500,209.11200000000002,208.838,0.011,0.011
12.04.2021 08:36:02.296 GMT-0500,209.113,208.727,0.011,0.011
12.04.2021 08:36:12.151 GMT-0500,209.11200000000002,208.858,0.011,0.0075
12.04.2021 08:36:12.201 GMT-0500,209.11200000000002,208.728,0.011,0.011
12.04.2021 08:36:16.969 GMT-0500,209.352,208.738,0.011,0.011
12.04.2021 08:36:17.403 GMT-0500,209.363,208.727,0.011,0.011
12.04.2021 08:36:18.660 GMT-0500,209.08200000000002,208.968,0.0075,0.0075
12.04.2021 08:36:18.710 GMT-0500,209.353,208.83700000000002,0.011,0.011
12.04.2021 08:36:18.807 GMT-0500,209.21200000000002,208.838,0.0075,0.011
12.04.2021 08:36:24.515 GMT-0500,209.21200000000002,208.84799999999998,0.011,0.011
12.04.2021 08:36:24.565 GMT-0500,209.213,208.83700000000002,0.011,0.011
12.04.2021 08:36:26.577 GMT-0500,209.213,208.847,0.0075,0.0008
12.04.2021 08:36:26.627 GMT-0500,209.583,208.937,0.011,0.011
12.04.2021 08:36:26.746 GMT-0500,209.24200000000002,208.938,0.0075,0.011
12.04.2021 08:36:29.045 GMT-0500,209.24200000000002,208.948,0.011,0.0075
12.04.2021 08:36:29.255 GMT-0500,209.243,208.937,0.011,0.011
12.04.2021 08:36:29.929 GMT-0500,209.243,208.947,0.011,0.0008
12.04.2021 08:36:30.030 GMT-0500,209.243,208.937,0.011,0.011
12.04.2021 08:36:33.999 GMT-0500,209.24200000000002,209.058,0.011,0.011
12.04.2021 08:36:34.500 GMT-0500,209.573,209.067,0.011,0.011
12.04.2021 08:36:34.562 GMT-0500,209.583,209.067,0.011,0.011
12.04.2021 08:36:34.613 GMT-0500,209.273,209.067,0.011,0.011
12.04.2021 08:36:35.547 GMT-0500,209.27200000000002,209.058,0.011,0.011
12.04.2021 08:36:36.383 GMT-0500,209.592,209.198,0.011,0.011
12.04.2021 08:36:36.542 GMT-0500,209.393,209.067,0.0008,0.011
12.04.2021 08:36:37.442 GMT-0500,209.393,209.05700000000002,0.011,0.011
12.04.2021 08:36:39.042 GMT-0500,209.393,208.937,0.011,0.011
12.04.2021 08:36:40.141 GMT-0500,209.39200000000002,208.948,0.011,0.0008
12.04.2021 08:36:40.665 GMT-0500,209.393,208.937,0.011,0.011
12.04.2021 08:36:41.903 GMT-0500,209.39200000000002,208.948,0.011,0.0008
12.04.2021 08:36:43.156 GMT-0500,209.39200000000002,208.958,0.011,0.0075
12.04.2021 08:36:46.598 GMT-0500,209.293,208.937,0.011,0.011
12.04.2021 08:36:46.649 GMT-0500,209.352,208.938,0.011,0.011
12.04.2021 08:36:46.793 GMT-0500,209.19299999999998,208.937,0.0075,0.011
12.04.2021 08:36:52.344 GMT-0500,209.183,208.937,0.0008,0.011
12.04.2021 08:36:55.050 GMT-0500,209.192,208.938,0.011,0.011
12.04.2021 08:36:56.459 GMT-0500,209.183,208.937,0.0075,0.011
12.04.2021 08:37:24.158 GMT-0500,209.353,209.05700000000002,0.011,0.011
12.04.2021 08:37:24.258 GMT-0500,209.40200000000002,208.948,0.011,0.011
12.04.2021 08:37:24.309 GMT-0500,209.252,208.948,0.011,0.011
12.04.2021 08:37:25.161 GMT-0500,209.252,208.938,0.011,0.011
12.04.2021 08:37:31.716 GMT-0500,209.252,208.998,0.011,0.0008
12.04.2021 08:37:39.495 GMT-0500,209.403,208.997,0.011,0.011
12.04.2021 08:37:40.072 GMT-0500,209.232,208.998,0.011,0.011
12.04.2021 08:37:45.231 GMT-0500,209.233,209.007,0.011,0.0075
12.04.2021 08:37:45.449 GMT-0500,209.232,208.998,0.011,0.011
12.04.2021 08:37:46.382 GMT-0500,209.233,209.007,0.011,0.011
12.04.2021 08:37:58.578 GMT-0500,209.40200000000002,209.038,0.011,0.011
12.04.2021 08:37:58.836 GMT-0500,209.263,209.037,0.0075,0.011
12.04.2021 08:38:00.779 GMT-0500,209.268,209.167,0.0075,0.0008
12.04.2021 08:38:00.830 GMT-0500,209.543,209.167,0.011,0.011
12.04.2021 08:38:00.880 GMT-0500,209.543,209.217,0.011,0.011
12.04.2021 08:38:01.834 GMT-0500,209.273,209.01700000000002,0.011,0.011
12.04.2021 08:38:02.309 GMT-0500,209.273,209.007,0.011,0.011
12.04.2021 08:38:03.790 GMT-0500,209.28,209.238,0.0075,0.0008
12.04.2021 08:38:03.840 GMT-0500,209.593,209.257,0.011,0.011
12.04.2021 08:38:03.905 GMT-0500,209.602,209.258,0.011,0.011
12.04.2021 08:38:04.239 GMT-0500,209.40200000000002,209.258,0.011,0.011
12.04.2021 08:38:20.533 GMT-0500,209.592,209.258,0.011,0.011
12.04.2021 08:38:20.801 GMT-0500,209.602,209.258,0.011,0.011
12.04.2021 08:38:22.935 GMT-0500,209.413,209.257,0.0008,0.011
12.04.2021 08:38:33.144 GMT-0500,209.593,209.327,0.011,0.011
12.04.2021 08:38:33.195 GMT-0500,209.603,209.257,0.011,0.011
12.04.2021 08:38:34.150 GMT-0500,209.483,209.257,0.0008,0.011
12.04.2021 08:38:35.146 GMT-0500,209.482,209.158,0.011,0.011
12.04.2021 08:38:35.724 GMT-0500,209.482,209.168,0.011,0.0075
12.04.2021 08:38:35.825 GMT-0500,209.483,209.157,0.011,0.011
12.04.2021 08:38:39.637 GMT-0500,209.483,209.167,0.011,0.0008
12.04.2021 08:38:39.687 GMT-0500,209.483,209.157,0.011,0.011
12.04.2021 08:38:40.997 GMT-0500,209.47299999999998,209.157,0.0075,0.011
12.04.2021 08:38:41.680 GMT-0500,209.463,209.157,0.011,0.011
12.04.2021 08:38:41.781 GMT-0500,209.463,209.14700000000002,0.011,0.011
12.04.2021 08:38:41.831 GMT-0500,209.393,209.077,0.011,0.011
12.04.2021 08:38:43.666 GMT-0500,209.39200000000002,209.188,0.011,0.0075
12.04.2021 08:38:43.767 GMT-0500,209.39200000000002,209.078,0.011,0.011
12.04.2021 08:38:45.094 GMT-0500,209.393,209.08700000000002,0.0075,0.0008
12.04.2021 08:38:45.144 GMT-0500,209.592,209.168,0.011,0.011
12.04.2021 08:38:45.215 GMT-0500,209.602,209.168,0.011,0.011
12.04.2021 08:38:45.332 GMT-0500,209.423,209.167,0.0075,0.011
12.04.2021 08:38:47.493 GMT-0500,209.42200000000003,209.35,0.0075,0.0008
12.04.2021 08:38:47.543 GMT-0500,209.43200000000002,209.378,0.011,0.011
12.04.2021 08:38:48.193 GMT-0500,209.43200000000002,209.178,0.011,0.011
12.04.2021 08:38:48.411 GMT-0500,209.43200000000002,209.168,0.011,0.011
12.04.2021 08:38:55.408 GMT-0500,209.592,209.178,0.011,0.011
12.04.2021 08:38:55.666 GMT-0500,209.453,209.167,0.0075,0.011
12.04.2021 08:38:59.146 GMT-0500,209.453,209.33700000000002,0.011,0.011
12.04.2021 08:38:59.196 GMT-0500,209.453,209.17700000000002,0.011,0.011
12.04.2021 08:38:59.455 GMT-0500,209.453,209.167,0.011,0.011
12.04.2021 08:39:00.472 GMT-0500,209.453,209.17700000000002,0.011,0.0075
12.04.2021 08:39:00.742 GMT-0500,209.453,209.167,0.011,0.011
12.04.2021 08:39:02.197 GMT-0500,209.453,209.17700000000002,0.011,0.0075
12.04.2021 08:39:02.512 GMT-0500,209.453,209.167,0.011,0.011
12.04.2021 08:39:07.397 GMT-0500,209.452,209.178,0.011,0.0075
12.04.2021 08:39:07.502 GMT-0500,209.46200000000002,209.178,0.011,0.011
12.04.2021 08:39:07.553 GMT-0500,209.643,209.167,0.011,0.011
12.04.2021 08:39:07.658 GMT-0500,209.65200000000002,209.168,0.011,0.011
12.04.2021 08:39:08.312 GMT-0500,209.493,209.167,0.0008,0.011
12.04.2021 08:39:08.432 GMT-0500,209.49200000000002,209.42700000000002,0.0075,0.0008
12.04.2021 08:39:08.498 GMT-0500,209.813,209.167,0.011,0.011
12.04.2021 08:39:08.548 GMT-0500,209.58200000000002,209.168,0.011,0.011
12.04.2021 08:39:13.510 GMT-0500,209.58200000000002,209.445,0.011,0.0008
12.04.2021 08:39:22.329 GMT-0500,209.583,209.45700000000002,0.011,0.0075
12.04.2021 08:39:24.447 GMT-0500,209.812,209.458,0.011,0.011
12.04.2021 08:39:24.497 GMT-0500,209.813,209.477,0.011,0.011
12.04.2021 08:39:24.617 GMT-0500,209.702,209.368,0.011,0.011
12.04.2021 08:39:25.218 GMT-0500,209.703,209.45700000000002,0.011,0.0075
12.04.2021 08:39:25.944 GMT-0500,209.702,209.478,0.011,0.0075
12.04.2021 08:39:26.049 GMT-0500,209.703,209.58700000000002,0.011,0.0075
12.04.2021 08:39:26.100 GMT-0500,209.732,209.478,0.011,0.011
12.04.2021 08:39:27.133 GMT-0500,209.86200000000002,209.478,0.011,0.011
12.04.2021 08:39:27.531 GMT-0500,209.673,209.477,0.0075,0.011
12.04.2021 08:39:27.654 GMT-0500,209.67200000000003,209.618,0.0075,0.0008
12.04.2021 08:39:27.705 GMT-0500,209.733,209.48700000000002,0.011,0.011
12.04.2021 08:39:27.859 GMT-0500,209.733,209.477,0.011,0.011
12.04.2021 08:39:28.359 GMT-0500,209.732,209.618,0.011,0.0008
12.04.2021 08:39:29.767 GMT-0500,209.722,209.668,0.0075,0.0075
12.04.2021 08:39:29.817 GMT-0500,209.732,209.488,0.011,0.011
12.04.2021 08:39:29.868 GMT-0500,209.733,209.61700000000002,0.011,0.011
12.04.2021 08:39:34.731 GMT-0500,209.913,209.67700000000002,0.011,0.011
12.04.2021 08:39:34.867 GMT-0500,209.762,209.458,0.011,0.011
12.04.2021 08:39:38.741 GMT-0500,209.762,209.468,0.011,0.0075
12.04.2021 08:39:38.956 GMT-0500,209.762,209.458,0.011,0.011
12.04.2021 08:39:42.000 GMT-0500,209.763,209.467,0.011,0.011
12.04.2021 08:39:42.050 GMT-0500,209.762,209.458,0.011,0.011
12.04.2021 08:39:46.847 GMT-0500,209.763,209.467,0.011,0.0075
12.04.2021 08:39:47.229 GMT-0500,209.763,209.45700000000002,0.011,0.011
12.04.2021 08:39:49.486 GMT-0500,209.762,209.468,0.011,0.011
12.04.2021 08:39:50.122 GMT-0500,209.783,209.467,0.011,0.011
12.04.2021 08:39:51.647 GMT-0500,209.783,209.45700000000002,0.011,0.011
12.04.2021 08:39:53.593 GMT-0500,209.782,209.468,0.011,0.0008
12.04.2021 08:39:53.644 GMT-0500,209.782,209.458,0.011,0.011
12.04.2021 08:39:58.435 GMT-0500,209.822,209.458,0.011,0.011
12.04.2021 08:39:58.485 GMT-0500,209.823,209.467,0.011,0.011
12.04.2021 08:39:58.851 GMT-0500,209.822,209.458,0.011,0.011
12.04.2021 08:40:00.056 GMT-0500,209.803,209.45700000000002,0.011,0.011
12.04.2021 08:40:00.494 GMT-0500,209.803,209.687,0.011,0.0008
12.04.2021 08:40:05.088 GMT-0500,209.74200000000002,209.657,0.0075,0.0008
12.04.2021 08:40:05.138 GMT-0500,209.68200000000002,209.468,0.011,0.011
12.04.2021 08:40:05.241 GMT-0500,209.68200000000002,209.398,0.011,0.011
12.04.2021 08:40:06.092 GMT-0500,209.662,209.398,0.0075,0.011
12.04.2021 08:40:06.757 GMT-0500,209.683,209.39700000000002,0.011,0.011
12.04.2021 08:40:11.138 GMT-0500,209.68200000000002,209.408,0.011,0.011
12.04.2021 08:40:11.260 GMT-0500,209.68200000000002,209.398,0.011,0.011
12.04.2021 08:40:13.587 GMT-0500,209.683,209.407,0.011,0.0008
12.04.2021 08:40:13.889 GMT-0500,209.683,209.39700000000002,0.011,0.011
12.04.2021 08:40:15.290 GMT-0500,209.643,209.39700000000002,0.0075,0.0008
12.04.2021 08:40:15.341 GMT-0500,209.643,209.36700000000002,0.011,0.011
12.04.2021 08:40:16.418 GMT-0500,209.64200000000002,209.428,0.011,0.011
12.04.2021 08:40:25.268 GMT-0500,209.833,209.567,0.011,0.011
12.04.2021 08:40:25.380 GMT-0500,210.012,209.628,0.011,0.0075
12.04.2021 08:40:25.431 GMT-0500,209.782,209.428,0.011,0.011
12.04.2021 08:40:26.521 GMT-0500,209.783,209.36700000000002,0.011,0.011
12.04.2021 08:40:28.373 GMT-0500,209.782,209.738,0.0008,0.0075
12.04.2021 08:40:28.423 GMT-0500,210.053,209.58700000000002,0.011,0.011
12.04.2021 08:40:28.474 GMT-0500,210.062,209.588,0.011,0.011
12.04.2021 08:40:28.631 GMT-0500,209.813,209.58700000000002,0.0075,0.011
12.04.2021 08:40:40.562 GMT-0500,209.812,209.648,0.011,0.011
12.04.2021 08:40:42.599 GMT-0500,209.913,209.64700000000002,0.011,0.011
12.04.2021 08:40:42.833 GMT-0500,209.743,209.64700000000002,0.0008,0.011
12.04.2021 08:40:53.593 GMT-0500,209.74200000000002,209.658,0.011,0.0008
12.04.2021 08:40:58.063 GMT-0500,209.732,209.658,0.0008,0.0075
12.04.2021 08:40:58.113 GMT-0500,209.823,209.36700000000002,0.011,0.011
12.04.2021 08:40:58.730 GMT-0500,209.782,209.368,0.0008,0.011
12.04.2021 08:40:59.531 GMT-0500,209.782,209.378,0.011,0.0075
12.04.2021 08:40:59.902 GMT-0500,209.782,209.368,0.011,0.011
12.04.2021 08:41:00.231 GMT-0500,209.733,209.36700000000002,0.0008,0.011
12.04.2021 08:41:01.139 GMT-0500,209.732,209.378,0.011,0.0075
12.04.2021 08:41:01.622 GMT-0500,209.732,209.368,0.011,0.011
12.04.2021 08:41:07.348 GMT-0500,209.732,209.378,0.011,0.0075
12.04.2021 08:41:07.663 GMT-0500,209.732,209.368,0.011,0.011
12.04.2021 08:41:11.972 GMT-0500,209.733,209.377,0.0008,0.0075
12.04.2021 08:41:12.022 GMT-0500,209.77200000000002,209.368,0.011,0.011
12.04.2021 08:41:12.458 GMT-0500,209.763,209.36700000000002,0.0008,0.011
12.04.2021 08:41:13.564 GMT-0500,209.77200000000002,209.368,0.011,0.011
12.04.2021 08:41:18.173 GMT-0500,209.77200000000002,209.378,0.011,0.0008
12.04.2021 08:41:18.343 GMT-0500,209.77200000000002,209.645,0.011,0.0008
12.04.2021 08:41:18.393 GMT-0500,209.773,209.36700000000002,0.011,0.011
12.04.2021 08:41:20.358 GMT-0500,209.773,209.377,0.011,0.0075
12.04.2021 08:41:20.459 GMT-0500,209.773,209.36700000000002,0.011,0.011
12.04.2021 08:41:25.611 GMT-0500,209.77200000000002,209.378,0.011,0.011
12.04.2021 08:41:25.715 GMT-0500,209.77200000000002,209.368,0.011,0.011
12.04.2021 08:41:25.784 GMT-0500,209.77200000000002,209.588,0.011,0.011
12.04.2021 08:41:26.789 GMT-0500,209.77200000000002,209.628,0.011,0.0075
12.04.2021 08:41:27.782 GMT-0500,209.773,209.58700000000002,0.011,0.011
12.04.2021 08:41:28.781 GMT-0500,209.773,209.627,0.011,0.0008
12.04.2021 08:41:29.841 GMT-0500,209.773,209.58700000000002,0.011,0.011
12.04.2021 08:41:32.961 GMT-0500,209.773,209.657,0.0075,0.0008
12.04.2021 08:41:33.011 GMT-0500,210.05200000000002,209.708,0.011,0.011
12.04.2021 08:41:34.068 GMT-0500,209.82,209.70700000000002,0.0075,0.011
12.04.2021 08:41:40.139 GMT-0500,209.812,209.748,0.011,0.0075
12.04.2021 08:41:40.190 GMT-0500,209.883,209.607,0.011,0.011
12.04.2021 08:41:40.306 GMT-0500,209.873,209.597,0.011,0.011
12.04.2021 08:41:43.867 GMT-0500,209.873,209.607,0.011,0.0075
12.04.2021 08:41:44.208 GMT-0500,209.872,209.59799999999998,0.011,0.011
12.04.2021 08:41:45.611 GMT-0500,209.863,209.597,0.0008,0.011
12.04.2021 08:41:45.845 GMT-0500,209.823,209.607,0.0075,0.0075
12.04.2021 08:41:45.895 GMT-0500,209.86200000000002,209.608,0.011,0.011
12.04.2021 08:41:46.343 GMT-0500,209.863,209.597,0.011,0.011
12.04.2021 08:41:48.107 GMT-0500,209.872,209.59799999999998,0.011,0.011
12.04.2021 08:41:53.503 GMT-0500,209.873,209.607,0.011,0.0008
12.04.2021 08:41:53.671 GMT-0500,209.872,209.59799999999998,0.011,0.011
12.04.2021 08:41:54.535 GMT-0500,209.872,209.608,0.011,0.011
12.04.2021 08:41:54.668 GMT-0500,209.873,209.597,0.011,0.011
12.04.2021 08:41:55.138 GMT-0500,209.873,209.76700000000002,0.011,0.011
12.04.2021 08:41:55.238 GMT-0500,210.063,209.597,0.011,0.011
12.04.2021 08:41:55.323 GMT-0500,209.903,209.597,0.0008,0.011
12.04.2021 08:41:55.938 GMT-0500,209.903,209.607,0.011,0.0075
12.04.2021 08:41:56.247 GMT-0500,209.90200000000002,209.59799999999998,0.011,0.011
12.04.2021 08:41:58.606 GMT-0500,209.893,209.607,0.0008,0.0008
12.04.2021 08:41:58.707 GMT-0500,209.89200000000002,209.628,0.011,0.011
12.04.2021 08:41:59.240 GMT-0500,209.882,209.628,0.0075,0.011
12.04.2021 08:42:00.144 GMT-0500,209.883,209.637,0.011,0.0075
12.04.2021 08:42:00.383 GMT-0500,209.903,209.627,0.011,0.011
12.04.2021 08:42:02.079 GMT-0500,209.90200000000002,209.84799999999998,0.011,0.011
12.04.2021 08:42:02.129 GMT-0500,209.90200000000002,209.738,0.011,0.011
12.04.2021 08:42:02.180 GMT-0500,210.063,209.73700000000002,0.011,0.011
12.04.2021 08:42:02.482 GMT-0500,209.94299999999998,209.73700000000002,0.011,0.011
12.04.2021 08:42:03.954 GMT-0500,209.94299999999998,209.747,0.011,0.0075
12.04.2021 08:42:04.399 GMT-0500,209.94299999999998,209.73700000000002,0.011,0.011
12.04.2021 08:42:05.115 GMT-0500,209.94299999999998,209.747,0.011,0.0008
12.04.2021 08:42:05.219 GMT-0500,209.94299999999998,209.73700000000002,0.011,0.011
12.04.2021 08:42:05.751 GMT-0500,209.942,209.748,0.011,0.0075
12.04.2021 08:42:06.003 GMT-0500,209.942,209.738,0.011,0.011
12.04.2021 08:42:07.241 GMT-0500,209.942,209.748,0.011,0.0075
12.04.2021 08:42:07.419 GMT-0500,209.942,209.738,0.011,0.011
12.04.2021 08:42:09.831 GMT-0500,209.913,209.747,0.0008,0.0008
12.04.2021 08:42:09.881 GMT-0500,209.94299999999998,209.747,0.011,0.011
12.04.2021 08:42:09.997 GMT-0500,209.872,209.59799999999998,0.011,0.011
12.04.2021 08:42:10.097 GMT-0500,209.89200000000002,209.59799999999998,0.011,0.011
12.04.2021 08:42:11.660 GMT-0500,209.89200000000002,209.608,0.011,0.011
12.04.2021 08:42:11.864 GMT-0500,209.89200000000002,209.59799999999998,0.011,0.011
12.04.2021 08:42:12.454 GMT-0500,209.793,209.58700000000002,0.011,0.011
12.04.2021 08:42:12.504 GMT-0500,209.803,209.58700000000002,0.011,0.011
12.04.2021 08:42:14.465 GMT-0500,209.80200000000002,209.628,0.011,0.0075
12.04.2021 08:42:14.515 GMT-0500,209.80200000000002,209.588,0.011,0.011
12.04.2021 08:42:15.704 GMT-0500,209.80200000000002,209.668,0.011,0.0075
12.04.2021 08:42:15.754 GMT-0500,209.80200000000002,209.588,0.011,0.011
12.04.2021 08:42:15.904 GMT-0500,209.872,209.588,0.011,0.011
12.04.2021 08:42:16.325 GMT-0500,209.872,209.59799999999998,0.011,0.0075
12.04.2021 08:42:16.425 GMT-0500,209.872,209.588,0.011,0.011
12.04.2021 08:42:20.811 GMT-0500,209.873,209.597,0.011,0.0008
12.04.2021 08:42:21.179 GMT-0500,209.872,209.588,0.011,0.011
12.04.2021 08:42:27.002 GMT-0500,209.873,209.597,0.011,0.0075
12.04.2021 08:42:27.196 GMT-0500,209.873,209.58700000000002,0.011,0.011
12.04.2021 08:42:27.557 GMT-0500,209.873,209.787,0.011,0.011
12.04.2021 08:42:27.607 GMT-0500,209.873,209.58700000000002,0.011,0.011
12.04.2021 08:42:28.069 GMT-0500,209.872,209.638,0.011,0.011
12.04.2021 08:42:35.429 GMT-0500,209.873,209.597,0.011,0.011
12.04.2021 08:42:35.792 GMT-0500,209.873,209.58700000000002,0.011,0.011
12.04.2021 08:42:38.736 GMT-0500,209.873,209.597,0.011,0.011
12.04.2021 08:42:38.787 GMT-0500,209.873,209.58700000000002,0.011,0.011
12.04.2021 08:42:38.853 GMT-0500,209.812,209.588,0.0008,0.011
12.04.2021 08:42:38.903 GMT-0500,209.863,209.58700000000002,0.011,0.011
12.04.2021 08:42:41.033 GMT-0500,209.83200000000002,209.588,0.0008,0.011
12.04.2021 08:42:54.170 GMT-0500,210.153,209.58700000000002,0.011,0.011
12.04.2021 08:42:54.687 GMT-0500,209.83200000000002,209.588,0.0075,0.011
12.04.2021 08:43:12.574 GMT-0500,209.903,209.757,0.011,0.011
12.04.2021 08:43:12.625 GMT-0500,209.90200000000002,209.698,0.011,0.011
12.04.2021 08:43:14.505 GMT-0500,209.903,209.64700000000002,0.011,0.011
12.04.2021 08:43:18.212 GMT-0500,209.90200000000002,209.658,0.011,0.0008
12.04.2021 08:43:18.369 GMT-0500,209.903,209.64700000000002,0.011,0.011
12.04.2021 08:43:22.140 GMT-0500,209.903,209.76700000000002,0.011,0.011
12.04.2021 08:43:25.850 GMT-0500,209.89200000000002,209.768,0.0075,0.011
12.04.2021 08:43:26.387 GMT-0500,209.883,209.76700000000002,0.011,0.011
12.04.2021 08:43:27.446 GMT-0500,209.90200000000002,209.768,0.011,0.011
12.04.2021 08:43:27.724 GMT-0500,210.15200000000002,209.768,0.011,0.011
12.04.2021 08:43:28.190 GMT-0500,209.895,209.768,0.0075,0.011
12.04.2021 08:43:28.523 GMT-0500,209.83200000000002,209.768,0.0075,0.0008
12.04.2021 08:43:28.574 GMT-0500,210.14200000000002,209.768,0.011,0.011
12.04.2021 08:43:28.676 GMT-0500,209.89200000000002,209.768,0.011,0.011
12.04.2021 08:43:30.051 GMT-0500,209.86200000000002,209.768,0.0075,0.0008
12.04.2021 08:43:30.101 GMT-0500,209.86200000000002,209.588,0.011,0.011
12.04.2021 08:43:30.152 GMT-0500,209.942,209.588,0.011,0.011
12.04.2021 08:43:30.325 GMT-0500,209.853,209.58700000000002,0.0075,0.011
12.04.2021 08:43:40.013 GMT-0500,209.852,209.59799999999998,0.011,0.0008
12.04.2021 08:43:40.194 GMT-0500,209.853,209.58700000000002,0.011,0.011
12.04.2021 08:43:43.392 GMT-0500,209.852,209.838,0.0075,0.0008
12.04.2021 08:43:43.442 GMT-0500,210.133,209.79700000000003,0.011,0.011
12.04.2021 08:43:43.493 GMT-0500,210.133,209.687,0.011,0.011
12.04.2021 08:43:43.543 GMT-0500,209.92200000000003,209.688,0.011,0.011
12.04.2021 08:43:44.276 GMT-0500,209.923,209.79700000000003,0.011,0.0075
12.04.2021 08:43:45.528 GMT-0500,209.92200000000003,209.888,0.0008,0.0075
12.04.2021 08:43:45.579 GMT-0500,210.132,209.828,0.011,0.011
12.04.2021 08:43:45.712 GMT-0500,210.163,209.827,0.011,0.011
12.04.2021 08:43:45.910 GMT-0500,210.013,209.827,0.0008,0.011
12.04.2021 08:44:00.238 GMT-0500,210.163,209.827,0.011,0.011
12.04.2021 08:44:01.465 GMT-0500,210.032,209.828,0.0075,0.011
12.04.2021 08:44:08.484 GMT-0500,210.02200000000002,209.858,0.0075,0.011
12.04.2021 08:44:08.616 GMT-0500,209.86200000000002,209.857,0.0075,0.0008
12.04.2021 08:44:08.667 GMT-0500,209.86200000000002,209.688,0.011,0.011
12.04.2021 08:44:09.026 GMT-0500,209.853,209.687,0.0008,0.011
12.04.2021 08:44:24.937 GMT-0500,210.11200000000002,209.688,0.011,0.011
12.04.2021 08:44:25.040 GMT-0500,210.122,209.688,0.011,0.011
12.04.2021 08:44:25.090 GMT-0500,209.93200000000002,209.688,0.011,0.011
12.04.2021 08:44:25.832 GMT-0500,209.933,209.757,0.011,0.0075
12.04.2021 08:44:40.403 GMT-0500,210.123,209.757,0.011,0.011
12.04.2021 08:44:40.545 GMT-0500,209.893,209.757,0.0008,0.011
12.04.2021 08:44:47.149 GMT-0500,209.913,209.847,0.0008,0.0075
12.04.2021 08:44:47.200 GMT-0500,210.15200000000002,209.768,0.011,0.011
12.04.2021 08:44:47.298 GMT-0500,209.99200000000002,209.768,0.011,0.011
12.04.2021 08:44:48.019 GMT-0500,209.99200000000002,209.758,0.011,0.011
12.04.2021 08:44:50.650 GMT-0500,209.99200000000002,209.858,0.011,0.011
12.04.2021 08:44:54.132 GMT-0500,209.993,209.907,0.011,0.0075
12.04.2021 08:44:54.182 GMT-0500,209.99200000000002,209.858,0.011,0.011
12.04.2021 08:44:55.729 GMT-0500,209.993,209.757,0.011,0.011
12.04.2021 08:44:57.701 GMT-0500,209.99200000000002,209.688,0.011,0.011
12.04.2021 08:45:00.016 GMT-0500,209.993,209.697,0.011,0.0075
12.04.2021 08:45:00.191 GMT-0500,210.033,209.83700000000002,0.0008,0.011
12.04.2021 08:45:00.241 GMT-0500,210.053,209.83700000000002,0.011,0.011
12.04.2021 08:45:03.878 GMT-0500,210.002,209.838,0.0008,0.011
12.04.2021 08:45:03.928 GMT-0500,210.102,209.708,0.011,0.011
12.04.2021 08:45:04.043 GMT-0500,209.993,209.687,0.011,0.011
12.04.2021 08:45:04.565 GMT-0500,209.993,209.697,0.011,0.0075
12.04.2021 08:45:04.784 GMT-0500,209.99200000000002,209.688,0.011,0.011
12.04.2021 08:45:07.874 GMT-0500,209.993,209.827,0.0075,0.0008
12.04.2021 08:45:07.924 GMT-0500,210.053,209.827,0.011,0.011
12.04.2021 08:45:09.972 GMT-0500,210.012,209.828,0.0075,0.011
12.04.2021 08:45:10.072 GMT-0500,210.132,209.81799999999998,0.011,0.011
12.04.2021 08:45:10.126 GMT-0500,209.94299999999998,209.817,0.0008,0.011
12.04.2021 08:45:10.227 GMT-0500,209.843,209.687,0.011,0.011
12.04.2021 08:45:13.255 GMT-0500,209.923,209.687,0.0075,0.011
12.04.2021 08:45:15.194 GMT-0500,209.942,209.688,0.011,0.011
12.04.2021 08:45:16.070 GMT-0500,209.923,209.687,0.0075,0.011
12.04.2021 08:45:16.540 GMT-0500,209.923,209.58700000000002,0.011,0.011
12.04.2021 08:45:18.005 GMT-0500,209.923,209.597,0.011,0.011
12.04.2021 08:45:18.143 GMT-0500,209.923,209.58700000000002,0.011,0.011
12.04.2021 08:45:18.965 GMT-0500,209.923,209.597,0.011,0.011
12.04.2021 08:45:19.162 GMT-0500,209.92200000000003,209.588,0.011,0.011
12.04.2021 08:45:24.434 GMT-0500,209.923,209.597,0.011,0.0075
12.04.2021 08:45:24.535 GMT-0500,209.92200000000003,209.588,0.011,0.011
12.04.2021 08:45:25.443 GMT-0500,209.94299999999998,209.58700000000002,0.011,0.011
12.04.2021 08:45:25.712 GMT-0500,210.132,209.588,0.011,0.011
12.04.2021 08:45:28.828 GMT-0500,209.92200000000003,209.588,0.0008,0.011
12.04.2021 08:45:29.347 GMT-0500,209.912,209.588,0.0075,0.011
12.04.2021 08:45:29.397 GMT-0500,209.923,209.58700000000002,0.011,0.011
12.04.2021 08:45:30.660 GMT-0500,209.923,209.717,0.011,0.011
12.04.2021 08:45:36.695 GMT-0500,209.903,209.717,0.011,0.011
12.04.2021 08:45:42.018 GMT-0500,209.90200000000002,209.728,0.011,0.011
12.04.2021 08:45:46.956 GMT-0500,209.90200000000002,209.808,0.011,0.0075
12.04.2021 08:45:53.992 GMT-0500,209.90200000000002,209.885,0.0008,0.0075
12.04.2021 08:45:54.042 GMT-0500,209.933,209.89700000000002,0.011,0.011
12.04.2021 08:45:54.093 GMT-0500,209.933,209.80700000000002,0.011,0.011
12.04.2021 08:45:56.404 GMT-0500,209.933,209.86700000000002,0.0008,0.0075
12.04.2021 08:45:56.455 GMT-0500,210.003,209.80700000000002,0.011,0.011
12.04.2021 08:45:59.386 GMT-0500,209.942,209.808,0.0075,0.011
12.04.2021 08:45:59.437 GMT-0500,210.002,209.808,0.011,0.011
12.04.2021 08:46:00.131 GMT-0500,210.002,209.828,0.011,0.0008
12.04.2021 08:46:02.238 GMT-0500,209.92200000000003,209.828,0.0075,0.0008
12.04.2021 08:46:02.288 GMT-0500,209.993,209.80700000000002,0.011,0.011
12.04.2021 08:46:03.203 GMT-0500,209.923,209.80700000000002,0.0075,0.011
12.04.2021 08:46:05.177 GMT-0500,209.873,209.717,0.011,0.011
12.04.2021 08:46:05.823 GMT-0500,209.923,209.717,0.011,0.0008
12.04.2021 08:46:05.874 GMT-0500,209.92200000000003,209.698,0.011,0.011
12.04.2021 08:46:05.924 GMT-0500,209.913,209.697,0.011,0.011
12.04.2021 08:46:06.027 GMT-0500,209.912,209.588,0.011,0.011
12.04.2021 08:46:06.408 GMT-0500,209.92200000000003,209.588,0.011,0.011
12.04.2021 08:46:06.855 GMT-0500,209.923,209.597,0.011,0.0008
12.04.2021 08:46:07.027 GMT-0500,209.92200000000003,209.588,0.011,0.011
12.04.2021 08:46:08.368 GMT-0500,209.923,209.597,0.011,0.0008
12.04.2021 08:46:08.519 GMT-0500,209.92200000000003,209.588,0.011,0.011
12.04.2021 08:46:12.996 GMT-0500,209.923,209.597,0.011,0.0008
12.04.2021 08:46:13.369 GMT-0500,209.923,209.58700000000002,0.011,0.011
12.04.2021 08:46:17.138 GMT-0500,209.92200000000003,209.59799999999998,0.011,0.0008
12.04.2021 08:46:17.239 GMT-0500,209.92200000000003,209.588,0.011,0.011
12.04.2021 08:46:17.727 GMT-0500,209.92200000000003,209.708,0.011,0.011
12.04.2021 08:46:18.800 GMT-0500,209.99200000000002,209.708,0.011,0.011
12.04.2021 08:46:18.850 GMT-0500,209.912,209.708,0.011,0.011
12.04.2021 08:46:30.694 GMT-0500,209.872,209.708,0.0075,0.011
12.04.2021 08:46:32.263 GMT-0500,209.913,209.70700000000002,0.011,0.011
12.04.2021 08:46:32.314 GMT-0500,209.882,209.708,0.011,0.011
12.04.2021 08:46:32.434 GMT-0500,209.913,209.717,0.011,0.011
12.04.2021 08:46:33.020 GMT-0500,209.913,209.70700000000002,0.011,0.011
12.04.2021 08:46:40.525 GMT-0500,209.80200000000002,209.708,0.011,0.011
12.04.2021 08:46:40.576 GMT-0500,209.903,209.70700000000002,0.011,0.011
12.04.2021 08:46:40.769 GMT-0500,209.863,209.70700000000002,0.0008,0.011
12.04.2021 08:46:46.389 GMT-0500,209.863,209.757,0.011,0.0075
12.04.2021 08:46:46.490 GMT-0500,209.86200000000002,209.708,0.011,0.011
12.04.2021 08:46:47.252 GMT-0500,209.86200000000002,209.628,0.011,0.011
12.04.2021 08:46:47.727 GMT-0500,209.86200000000002,209.787,0.0075,0.0008
12.04.2021 08:46:47.777 GMT-0500,210.092,209.758,0.011,0.011
12.04.2021 08:46:48.211 GMT-0500,209.982,209.758,0.011,0.011
12.04.2021 08:46:49.727 GMT-0500,209.913,209.717,0.011,0.011
12.04.2021 08:46:49.777 GMT-0500,209.972,209.718,0.011,0.011
12.04.2021 08:46:50.074 GMT-0500,209.96200000000002,209.718,0.011,0.011
12.04.2021 08:46:52.804 GMT-0500,209.96200000000002,209.738,0.011,0.0008
12.04.2021 08:46:57.421 GMT-0500,209.96200000000002,209.718,0.011,0.011
12.04.2021 08:47:01.349 GMT-0500,209.94299999999998,209.717,0.011,0.011
12.04.2021 08:47:01.778 GMT-0500,209.94299999999998,209.627,0.011,0.011
12.04.2021 08:47:04.748 GMT-0500,209.942,209.748,0.0075,0.0008
12.04.2021 08:47:06.017 GMT-0500,209.96200000000002,209.768,0.0008,0.011
12.04.2021 08:47:06.067 GMT-0500,210.083,209.76700000000002,0.011,0.011
12.04.2021 08:47:06.280 GMT-0500,209.942,209.768,0.0075,0.0008
12.04.2021 08:47:06.330 GMT-0500,209.942,209.638,0.011,0.011
12.04.2021 08:47:06.566 GMT-0500,209.942,209.628,0.011,0.011
12.04.2021 08:47:09.037 GMT-0500,209.94299999999998,209.637,0.011,0.0008
12.04.2021 08:47:12.184 GMT-0500,209.942,209.81799999999998,0.011,0.011
12.04.2021 08:47:17.800 GMT-0500,209.942,209.868,0.011,0.0075
12.04.2021 08:47:17.851 GMT-0500,210.093,209.86700000000002,0.011,0.011
12.04.2021 08:47:18.270 GMT-0500,209.99200000000002,209.868,0.0008,0.011
12.04.2021 08:47:31.556 GMT-0500,209.982,209.868,0.0008,0.011
12.04.2021 08:47:31.606 GMT-0500,209.99200000000002,209.868,0.011,0.011
12.04.2021 08:47:34.781 GMT-0500,209.993,209.887,0.011,0.0075
12.04.2021 08:47:39.017 GMT-0500,209.863,209.627,0.011,0.011
12.04.2021 08:47:40.651 GMT-0500,209.853,209.627,0.011,0.011
12.04.2021 08:47:41.881 GMT-0500,209.863,209.627,0.011,0.011
12.04.2021 08:47:47.405 GMT-0500,209.863,209.77700000000002,0.011,0.011
12.04.2021 08:47:47.455 GMT-0500,209.86200000000002,209.638,0.011,0.011
12.04.2021 08:47:54.597 GMT-0500,209.86200000000002,209.628,0.011,0.011
12.04.2021 08:47:55.741 GMT-0500,209.86200000000002,209.688,0.011,0.0008
12.04.2021 08:47:59.416 GMT-0500,209.86200000000002,209.738,0.011,0.0008
12.04.2021 08:48:16.403 GMT-0500,209.96200000000002,209.738,0.011,0.011
12.04.2021 08:48:16.454 GMT-0500,210.083,209.827,0.011,0.011
12.04.2021 08:48:16.816 GMT-0500,209.94299999999998,209.827,0.0008,0.011
12.04.2021 08:48:17.626 GMT-0500,209.933,209.827,0.0075,0.011
12.04.2021 08:48:18.514 GMT-0500,209.94299999999998,209.827,0.011,0.011
12.04.2021 08:48:29.397 GMT-0500,209.842,209.82500000000002,0.0075,0.0008
12.04.2021 08:48:29.447 GMT-0500,209.96200000000002,209.688,0.011,0.011
12.04.2021 08:48:30.074 GMT-0500,209.843,209.687,0.0075,0.011
12.04.2021 08:48:31.689 GMT-0500,209.792,209.688,0.0075,0.011
12.04.2021 08:48:31.740 GMT-0500,209.842,209.688,0.011,0.011
12.04.2021 08:48:31.912 GMT-0500,209.793,209.687,0.011,0.011
12.04.2021 08:48:35.181 GMT-0500,209.773,209.687,0.0075,0.011
12.04.2021 08:48:35.231 GMT-0500,209.74200000000002,209.588,0.011,0.011
12.04.2021 08:48:50.382 GMT-0500,209.743,209.627,0.011,0.011
12.04.2021 08:48:50.768 GMT-0500,209.743,209.67700000000002,0.0008,0.0075
12.04.2021 08:48:50.819 GMT-0500,209.833,209.64700000000002,0.011,0.011
12.04.2021 08:48:51.047 GMT-0500,209.812,209.648,0.0075,0.011
12.04.2021 08:49:07.025 GMT-0500,209.83200000000002,209.648,0.011,0.011
12.04.2021 08:49:07.588 GMT-0500,209.793,209.64700000000002,0.0008,0.011
12.04.2021 08:49:09.727 GMT-0500,209.782,209.648,0.0008,0.011
12.04.2021 08:49:09.828 GMT-0500,209.963,209.637,0.011,0.011
12.04.2021 08:49:09.878 GMT-0500,209.823,209.637,0.0075,0.011
12.04.2021 08:49:23.374 GMT-0500,209.823,209.70700000000002,0.011,0.0075
12.04.2021 08:49:23.475 GMT-0500,209.822,209.638,0.011,0.011
12.04.2021 08:49:40.793 GMT-0500,209.823,209.76700000000002,0.0008,0.0075
12.04.2021 08:49:40.843 GMT-0500,209.96200000000002,209.778,0.011,0.011
12.04.2021 08:49:40.944 GMT-0500,209.842,209.778,0.0075,0.011
12.04.2021 08:49:41.594 GMT-0500,209.92200000000003,209.728,0.011,0.011
12.04.2021 08:49:45.785 GMT-0500,209.923,209.637,0.011,0.011
12.04.2021 08:49:48.999 GMT-0500,209.92200000000003,209.788,0.011,0.0075
12.04.2021 08:49:49.594 GMT-0500,209.92200000000003,209.638,0.011,0.011
12.04.2021 08:49:51.374 GMT-0500,209.86200000000002,209.648,0.011,0.011
12.04.2021 08:49:51.425 GMT-0500,209.983,209.637,0.011,0.011
12.04.2021 08:49:52.150 GMT-0500,209.863,209.637,0.011,0.011
12.04.2021 08:50:02.297 GMT-0500,209.793,209.637,0.0075,0.0008
12.04.2021 08:50:02.398 GMT-0500,209.833,209.58700000000002,0.011,0.011
12.04.2021 08:50:02.448 GMT-0500,209.722,209.588,0.011,0.011
12.04.2021 08:50:07.124 GMT-0500,209.643,209.36700000000002,0.011,0.011
12.04.2021 08:50:07.201 GMT-0500,209.583,209.36700000000002,0.0075,0.011
12.04.2021 08:50:07.571 GMT-0500,209.573,209.36700000000002,0.011,0.011
12.04.2021 08:50:22.384 GMT-0500,209.583,209.45700000000002,0.0008,0.011
12.04.2021 08:50:22.434 GMT-0500,209.69299999999998,209.45700000000002,0.011,0.011
12.04.2021 08:50:22.604 GMT-0500,209.572,209.458,0.0008,0.011
12.04.2021 08:50:22.655 GMT-0500,209.573,209.30700000000002,0.011,0.011
12.04.2021 08:50:22.758 GMT-0500,209.69299999999998,209.30700000000002,0.011,0.011
12.04.2021 08:50:22.824 GMT-0500,209.512,209.308,0.011,0.011
12.04.2021 08:50:23.427 GMT-0500,209.513,209.317,0.011,0.0075
12.04.2021 08:50:24.390 GMT-0500,209.513,209.30700000000002,0.011,0.011
12.04.2021 08:50:25.407 GMT-0500,209.453,209.30700000000002,0.0008,0.011
12.04.2021 08:50:25.457 GMT-0500,209.562,209.308,0.011,0.011
12.04.2021 08:50:25.539 GMT-0500,209.47299999999998,209.30700000000002,0.0075,0.011
12.04.2021 08:50:26.663 GMT-0500,209.47299999999998,209.167,0.011,0.011
12.04.2021 08:50:37.171 GMT-0500,209.472,209.178,0.011,0.011
12.04.2021 08:50:39.183 GMT-0500,209.47299999999998,209.27700000000002,0.011,0.0075
12.04.2021 08:50:45.102 GMT-0500,209.542,209.278,0.011,0.011
12.04.2021 08:50:45.521 GMT-0500,209.463,209.27700000000002,0.0075,0.011
12.04.2021 08:50:57.353 GMT-0500,209.43200000000002,209.278,0.0075,0.011
12.04.2021 08:50:57.403 GMT-0500,209.46200000000002,209.278,0.011,0.011
12.04.2021 08:51:01.223 GMT-0500,209.573,209.27700000000002,0.011,0.011
12.04.2021 08:51:01.772 GMT-0500,209.43200000000002,209.278,0.0075,0.011
12.04.2021 08:51:01.823 GMT-0500,209.433,209.167,0.011,0.011
12.04.2021 08:51:03.279 GMT-0500,209.433,209.17700000000002,0.011,0.0075
12.04.2021 08:51:03.655 GMT-0500,209.433,209.167,0.011,0.011
12.04.2021 08:51:05.765 GMT-0500,209.433,209.17700000000002,0.011,0.011
12.04.2021 08:51:06.206 GMT-0500,209.433,209.167,0.011,0.011
12.04.2021 08:51:06.888 GMT-0500,209.433,209.17700000000002,0.011,0.0075
12.04.2021 08:51:06.989 GMT-0500,209.43200000000002,209.168,0.011,0.011
12.04.2021 08:51:08.113 GMT-0500,209.433,209.257,0.011,0.011
12.04.2021 08:51:12.267 GMT-0500,209.433,209.317,0.011,0.011
12.04.2021 08:51:12.317 GMT-0500,209.43200000000002,209.298,0.011,0.011
12.04.2021 08:51:20.111 GMT-0500,209.42200000000003,209.298,0.0008,0.0075
12.04.2021 08:51:20.161 GMT-0500,209.423,209.167,0.011,0.011
12.04.2021 08:51:21.112 GMT-0500,209.36200000000002,209.258,0.0008,0.0008
12.04.2021 08:51:21.163 GMT-0500,209.372,209.258,0.011,0.011
12.04.2021 08:51:21.588 GMT-0500,209.33200000000002,209.258,0.0008,0.011
12.04.2021 08:51:21.638 GMT-0500,209.372,209.258,0.011,0.011
12.04.2021 08:51:33.092 GMT-0500,209.342,209.278,0.011,0.011
12.04.2021 08:51:33.143 GMT-0500,209.372,209.178,0.011,0.011
12.04.2021 08:51:33.331 GMT-0500,209.333,209.257,0.011,0.011
12.04.2021 08:51:33.382 GMT-0500,209.373,209.257,0.011,0.011
12.04.2021 08:51:35.486 GMT-0500,209.373,209.167,0.011,0.011
12.04.2021 08:51:35.537 GMT-0500,209.36200000000002,209.058,0.011,0.011
12.04.2021 08:51:35.588 GMT-0500,209.30200000000002,209.058,0.0075,0.011
12.04.2021 08:51:37.759 GMT-0500,209.303,209.167,0.011,0.0008
12.04.2021 08:51:37.880 GMT-0500,209.24200000000002,208.938,0.011,0.011
12.04.2021 08:51:38.021 GMT-0500,209.173,208.937,0.0075,0.011
12.04.2021 08:51:38.929 GMT-0500,209.173,209.05700000000002,0.011,0.0008
12.04.2021 08:51:40.491 GMT-0500,209.122,209.058,0.0075,0.0008
12.04.2021 08:51:40.541 GMT-0500,209.162,208.938,0.011,0.011
12.04.2021 08:51:41.489 GMT-0500,209.17200000000003,208.938,0.011,0.011
12.04.2021 08:51:49.693 GMT-0500,209.062,208.838,0.011,0.011
12.04.2021 08:51:49.744 GMT-0500,209.222,208.828,0.011,0.011
12.04.2021 08:51:49.910 GMT-0500,209.233,208.827,0.011,0.011
12.04.2021 08:51:50.035 GMT-0500,209.092,208.828,0.0008,0.011
12.04.2021 08:51:51.862 GMT-0500,209.093,208.83700000000002,0.011,0.0075
12.04.2021 08:51:52.582 GMT-0500,209.092,208.84799999999998,0.011,0.011
12.04.2021 08:51:53.035 GMT-0500,209.093,208.83700000000002,0.011,0.011
12.04.2021 08:51:54.822 GMT-0500,209.093,208.847,0.011,0.0075
12.04.2021 08:51:55.190 GMT-0500,209.092,208.828,0.011,0.011
12.04.2021 08:51:58.284 GMT-0500,209.093,208.967,0.011,0.0008
12.04.2021 08:51:58.334 GMT-0500,209.093,208.827,0.011,0.011
12.04.2021 08:52:00.682 GMT-0500,209.093,208.967,0.011,0.0008
12.04.2021 08:52:03.028 GMT-0500,209.092,208.828,0.011,0.011
12.04.2021 08:52:05.133 GMT-0500,209.233,208.827,0.011,0.011
12.04.2021 08:52:05.221 GMT-0500,209.08200000000002,208.828,0.0075,0.011
12.04.2021 08:52:07.150 GMT-0500,209.083,208.977,0.011,0.0075
12.04.2021 08:52:18.844 GMT-0500,209.05200000000002,208.978,0.0075,0.011
12.04.2021 08:52:20.186 GMT-0500,209.02200000000002,208.95700000000002,0.0008,0.0075
12.04.2021 08:52:20.237 GMT-0500,209.023,208.83700000000002,0.011,0.011
12.04.2021 08:52:22.912 GMT-0500,209.02200000000002,208.918,0.011,0.011
12.04.2021 08:52:33.687 GMT-0500,208.873,208.637,0.011,0.011
12.04.2021 08:52:33.814 GMT-0500,208.872,208.628,0.011,0.011
12.04.2021 08:52:37.438 GMT-0500,208.852,208.628,0.011,0.011
12.04.2021 08:52:39.659 GMT-0500,208.842,208.628,0.0008,0.0075
12.04.2021 08:52:39.709 GMT-0500,209.023,208.787,0.011,0.011
12.04.2021 08:52:39.760 GMT-0500,209.023,208.64700000000002,0.011,0.011
12.04.2021 08:52:39.894 GMT-0500,208.983,208.64700000000002,0.0008,0.011
12.04.2021 08:52:41.858 GMT-0500,208.983,208.667,0.011,0.011
12.04.2021 08:52:44.989 GMT-0500,208.94299999999998,208.667,0.0008,0.011
12.04.2021 08:52:45.716 GMT-0500,208.982,208.668,0.011,0.011
12.04.2021 08:52:46.118 GMT-0500,208.94299999999998,208.667,0.0075,0.011
12.04.2021 08:52:47.898 GMT-0500,208.92200000000003,208.668,0.0008,0.0075
12.04.2021 08:52:47.949 GMT-0500,208.983,208.58700000000002,0.011,0.011
12.04.2021 08:52:47.999 GMT-0500,208.903,208.58700000000002,0.011,0.011
12.04.2021 08:52:49.267 GMT-0500,208.903,208.597,0.011,0.011
12.04.2021 08:52:49.412 GMT-0500,208.90200000000002,208.588,0.011,0.011
12.04.2021 08:52:49.917 GMT-0500,208.90200000000002,208.59799999999998,0.011,0.0075
12.04.2021 08:52:50.286 GMT-0500,208.90200000000002,208.588,0.011,0.011
12.04.2021 08:52:51.966 GMT-0500,208.903,208.597,0.011,0.0075
12.04.2021 08:52:52.016 GMT-0500,208.903,208.58700000000002,0.011,0.011
12.04.2021 08:52:53.140 GMT-0500,208.90200000000002,208.59799999999998,0.011,0.011
12.04.2021 08:52:53.983 GMT-0500,208.90200000000002,208.608,0.011,0.011
12.04.2021 08:52:54.085 GMT-0500,208.903,208.58700000000002,0.011,0.011
12.04.2021 08:52:56.043 GMT-0500,208.873,208.597,0.0075,0.0075
12.04.2021 08:52:56.093 GMT-0500,208.903,208.58700000000002,0.011,0.011
12.04.2021 08:52:56.617 GMT-0500,208.90200000000002,208.59799999999998,0.011,0.0075
12.04.2021 08:52:56.667 GMT-0500,208.90200000000002,208.588,0.011,0.011
12.04.2021 08:52:57.984 GMT-0500,208.873,208.58700000000002,0.011,0.011
12.04.2021 08:52:58.111 GMT-0500,208.90200000000002,208.59799999999998,0.011,0.011
12.04.2021 08:52:58.162 GMT-0500,208.90200000000002,208.588,0.011,0.011
12.04.2021 08:53:00.065 GMT-0500,208.872,208.588,0.0075,0.011
12.04.2021 08:53:00.166 GMT-0500,209.023,208.58700000000002,0.011,0.011
12.04.2021 08:53:02.112 GMT-0500,208.872,208.59799999999998,0.011,0.011
12.04.2021 08:53:02.162 GMT-0500,208.872,208.588,0.011,0.011
12.04.2021 08:53:02.816 GMT-0500,208.872,208.59799999999998,0.011,0.011
12.04.2021 08:53:03.166 GMT-0500,208.873,208.58700000000002,0.011,0.011
12.04.2021 08:53:04.207 GMT-0500,208.873,208.597,0.011,0.0075
12.04.2021 08:53:04.457 GMT-0500,208.873,208.58700000000002,0.011,0.011
12.04.2021 08:53:04.556 GMT-0500,208.872,208.758,0.011,0.011
12.04.2021 08:53:14.323 GMT-0500,208.812,208.56799999999998,0.011,0.011
12.04.2021 08:53:14.443 GMT-0500,208.782,208.56799999999998,0.0008,0.011
12.04.2021 08:53:20.944 GMT-0500,208.732,208.56799999999998,0.0075,0.011
12.04.2021 08:53:21.045 GMT-0500,208.783,208.567,0.011,0.011
12.04.2021 08:53:22.415 GMT-0500,208.773,208.567,0.0075,0.011
12.04.2021 08:53:22.568 GMT-0500,208.783,208.567,0.011,0.011
12.04.2021 08:53:28.133 GMT-0500,208.783,208.637,0.011,0.0008
12.04.2021 08:53:28.234 GMT-0500,208.782,208.658,0.011,0.011
12.04.2021 08:53:28.335 GMT-0500,208.782,208.688,0.011,0.011
12.04.2021 08:53:29.393 GMT-0500,208.782,208.578,0.011,0.011
12.04.2021 08:53:29.547 GMT-0500,208.783,208.567,0.011,0.011
12.04.2021 08:53:30.086 GMT-0500,208.782,208.588,0.0008,0.0075
12.04.2021 08:53:30.136 GMT-0500,208.863,208.58700000000002,0.011,0.011
12.04.2021 08:53:30.529 GMT-0500,208.77200000000002,208.588,0.0075,0.011
12.04.2021 08:53:31.804 GMT-0500,208.773,208.567,0.011,0.011
12.04.2021 08:53:33.756 GMT-0500,208.77200000000002,208.608,0.011,0.011
12.04.2021 08:53:36.814 GMT-0500,208.773,208.627,0.011,0.011
12.04.2021 08:53:37.110 GMT-0500,208.773,208.607,0.011,0.011
12.04.2021 08:53:40.756 GMT-0500,208.773,208.567,0.011,0.011
12.04.2021 08:53:40.948 GMT-0500,208.773,208.577,0.011,0.0075
12.04.2021 08:53:40.998 GMT-0500,208.773,208.567,0.011,0.011
12.04.2021 08:53:44.386 GMT-0500,208.77200000000002,208.668,0.011,0.0075
12.04.2021 08:53:44.436 GMT-0500,208.77200000000002,208.638,0.011,0.011
12.04.2021 08:53:44.838 GMT-0500,208.77200000000002,208.648,0.011,0.0075
12.04.2021 08:53:45.536 GMT-0500,208.773,208.657,0.011,0.011
12.04.2021 08:53:45.763 GMT-0500,208.743,208.657,0.0075,0.011
12.04.2021 08:53:54.021 GMT-0500,208.653,208.54700000000003,0.011,0.011
12.04.2021 08:53:56.140 GMT-0500,208.743,208.61700000000002,0.011,0.0008
12.04.2021 08:53:56.334 GMT-0500,208.743,208.627,0.011,0.0075
12.04.2021 08:53:56.384 GMT-0500,208.74200000000002,208.618,0.011,0.011
12.04.2021 08:53:56.740 GMT-0500,208.74200000000002,208.508,0.011,0.011
12.04.2021 08:54:02.652 GMT-0500,208.74200000000002,208.588,0.011,0.0075
12.04.2021 08:54:02.815 GMT-0500,208.803,208.58700000000002,0.011,0.011
12.04.2021 08:54:03.416 GMT-0500,208.722,208.588,0.0008,0.011
12.04.2021 08:54:03.690 GMT-0500,208.703,208.58700000000002,0.011,0.011
12.04.2021 08:54:05.193 GMT-0500,208.663,208.58700000000002,0.0008,0.011
12.04.2021 08:54:05.243 GMT-0500,208.603,208.437,0.011,0.011
12.04.2021 08:54:05.294 GMT-0500,208.65200000000002,208.178,0.011,0.011
12.04.2021 08:54:05.344 GMT-0500,208.593,208.377,0.011,0.011
12.04.2021 08:54:05.623 GMT-0500,208.523,208.377,0.0008,0.0075
12.04.2021 08:54:05.673 GMT-0500,208.64200000000002,208.168,0.011,0.011
12.04.2021 08:54:05.774 GMT-0500,208.513,208.27700000000002,0.011,0.011
12.04.2021 08:54:21.910 GMT-0500,208.502,208.378,0.011,0.011
12.04.2021 08:54:27.717 GMT-0500,208.463,208.197,0.011,0.011
12.04.2021 08:54:28.504 GMT-0500,208.463,208.30700000000002,0.011,0.0008
12.04.2021 08:54:28.761 GMT-0500,208.463,208.197,0.011,0.011
12.04.2021 08:54:28.991 GMT-0500,208.453,208.20700000000002,0.0008,0.0008
12.04.2021 08:54:29.161 GMT-0500,208.452,208.198,0.011,0.011
12.04.2021 08:54:33.829 GMT-0500,208.413,208.197,0.0075,0.011
12.04.2021 08:54:33.929 GMT-0500,208.353,208.08700000000002,0.011,0.011
12.04.2021 08:54:40.384 GMT-0500,208.353,208.097,0.011,0.0008
12.04.2021 08:54:42.204 GMT-0500,208.323,208.107,0.0075,0.0075
12.04.2021 08:54:42.304 GMT-0500,208.323,208.097,0.011,0.011
12.04.2021 08:54:43.424 GMT-0500,208.322,208.108,0.011,0.0075
12.04.2021 08:54:43.592 GMT-0500,208.252,208.108,0.0008,0.0075
12.04.2021 08:54:43.642 GMT-0500,208.253,208.02700000000002,0.011,0.011
12.04.2021 08:54:47.983 GMT-0500,208.253,208.137,0.0075,0.0008
12.04.2021 08:54:48.033 GMT-0500,208.323,208.137,0.011,0.011
12.04.2021 08:54:50.156 GMT-0500,208.472,208.238,0.011,0.011
12.04.2021 08:54:52.003 GMT-0500,208.403,208.157,0.0008,0.011
12.04.2021 08:54:54.063 GMT-0500,208.403,208.17700000000002,0.011,0.0075
12.04.2021 08:54:56.674 GMT-0500,208.40200000000002,208.34799999999998,0.0075,0.0008
12.04.2021 08:54:56.724 GMT-0500,208.58200000000002,208.338,0.011,0.011
12.04.2021 08:55:07.898 GMT-0500,208.583,208.347,0.011,0.011
12.04.2021 08:55:17.755 GMT-0500,208.49200000000002,208.358,0.0008,0.0008
12.04.2021 08:55:18.761 GMT-0500,208.493,208.347,0.011,0.011
12.04.2021 08:55:20.077 GMT-0500,208.49200000000002,208.428,0.0008,0.0075
12.04.2021 08:55:20.127 GMT-0500,208.493,208.347,0.011,0.011
12.04.2021 08:55:20.178 GMT-0500,208.573,208.347,0.011,0.011
12.04.2021 08:55:20.644 GMT-0500,208.472,208.34799999999998,0.0075,0.011
12.04.2021 08:55:20.694 GMT-0500,208.572,208.34799999999998,0.011,0.011
12.04.2021 08:55:23.147 GMT-0500,208.583,208.347,0.011,0.011
12.04.2021 08:55:25.111 GMT-0500,208.573,208.347,0.011,0.011
12.04.2021 08:55:25.215 GMT-0500,208.58200000000002,208.34799999999998,0.011,0.011
12.04.2021 08:55:28.174 GMT-0500,208.572,208.34799999999998,0.011,0.011
12.04.2021 08:55:28.361 GMT-0500,208.583,208.39700000000002,0.011,0.0008
12.04.2021 08:55:29.589 GMT-0500,208.583,208.347,0.011,0.011
12.04.2021 08:55:37.385 GMT-0500,208.572,208.378,0.0008,0.0008
12.04.2021 08:55:37.543 GMT-0500,208.583,208.377,0.011,0.011
12.04.2021 08:55:38.246 GMT-0500,208.572,208.378,0.0008,0.011
12.04.2021 08:55:39.265 GMT-0500,208.44299999999998,208.387,0.011,0.0075
12.04.2021 08:55:39.315 GMT-0500,208.44299999999998,208.347,0.011,0.011
12.04.2021 08:55:42.787 GMT-0500,208.573,208.347,0.011,0.011
12.04.2021 08:55:50.227 GMT-0500,208.58200000000002,208.388,0.011,0.0075
12.04.2021 08:55:55.128 GMT-0500,208.583,208.347,0.011,0.011
12.04.2021 08:55:59.062 GMT-0500,208.49200000000002,208.34799999999998,0.011,0.011
12.04.2021 08:56:00.969 GMT-0500,208.40200000000002,208.34799999999998,0.0075,0.011
12.04.2021 08:56:01.019 GMT-0500,208.403,208.317,0.011,0.011
12.04.2021 08:56:02.032 GMT-0500,208.583,208.317,0.011,0.011
12.04.2021 08:56:02.533 GMT-0500,208.483,208.327,0.0008,0.0008
12.04.2021 08:56:03.586 GMT-0500,208.482,208.31799999999998,0.011,0.011
12.04.2021 08:56:05.816 GMT-0500,208.413,208.317,0.0008,0.011
12.04.2021 08:56:05.867 GMT-0500,208.483,208.317,0.011,0.011
12.04.2021 08:56:20.780 GMT-0500,208.472,208.31799999999998,0.0075,0.011
12.04.2021 08:56:28.949 GMT-0500,208.403,208.317,0.0008,0.0075
12.04.2021 08:56:28.999 GMT-0500,208.482,208.198,0.011,0.011
12.04.2021 08:56:29.116 GMT-0500,208.403,208.197,0.0075,0.011
12.04.2021 08:56:33.678 GMT-0500,208.403,208.217,0.011,0.011
12.04.2021 08:56:44.359 GMT-0500,208.482,208.218,0.011,0.011
12.04.2021 08:56:44.735 GMT-0500,208.39200000000002,208.218,0.011,0.011
12.04.2021 08:56:54.127 GMT-0500,208.39200000000002,208.268,0.011,0.0008
12.04.2021 08:56:54.177 GMT-0500,208.393,208.217,0.011,0.011
12.04.2021 08:56:55.638 GMT-0500,208.393,208.26700000000002,0.011,0.0075
12.04.2021 08:56:56.124 GMT-0500,208.39200000000002,208.338,0.011,0.0075
12.04.2021 08:56:56.174 GMT-0500,208.433,208.29700000000003,0.011,0.011
12.04.2021 08:56:56.768 GMT-0500,208.563,208.39700000000002,0.011,0.011
12.04.2021 08:56:57.770 GMT-0500,208.563,208.33700000000002,0.011,0.011
12.04.2021 08:56:59.187 GMT-0500,208.583,208.33700000000002,0.011,0.011
12.04.2021 08:57:01.752 GMT-0500,208.442,208.338,0.0008,0.011
12.04.2021 08:57:01.802 GMT-0500,208.583,208.33700000000002,0.011,0.011
12.04.2021 08:57:05.377 GMT-0500,208.572,208.338,0.0075,0.011
12.04.2021 08:57:05.478 GMT-0500,208.583,208.33700000000002,0.011,0.011
12.04.2021 08:57:16.928 GMT-0500,208.533,208.417,0.011,0.011
12.04.2021 08:57:17.692 GMT-0500,208.58200000000002,208.508,0.011,0.0075
12.04.2021 08:57:17.742 GMT-0500,208.65200000000002,208.478,0.011,0.011
12.04.2021 08:57:17.941 GMT-0500,208.65200000000002,208.278,0.011,0.011
12.04.2021 08:57:19.175 GMT-0500,208.65200000000002,208.288,0.011,0.011
12.04.2021 08:57:19.415 GMT-0500,208.653,208.27700000000002,0.011,0.011
12.04.2021 08:57:20.121 GMT-0500,208.65200000000002,208.288,0.011,0.0075
12.04.2021 08:57:20.313 GMT-0500,208.65200000000002,208.278,0.011,0.011
12.04.2021 08:57:21.867 GMT-0500,208.533,208.27700000000002,0.0008,0.011
12.04.2021 08:57:22.878 GMT-0500,208.523,208.29700000000003,0.011,0.0008
12.04.2021 08:57:22.929 GMT-0500,208.523,208.27700000000002,0.011,0.011
12.04.2021 08:57:24.039 GMT-0500,208.52200000000002,208.288,0.011,0.0075
12.04.2021 08:57:24.089 GMT-0500,208.52200000000002,208.278,0.011,0.011
12.04.2021 08:57:24.874 GMT-0500,208.572,208.278,0.011,0.011
12.04.2021 08:57:25.564 GMT-0500,208.40200000000002,208.218,0.011,0.011
12.04.2021 08:57:25.614 GMT-0500,208.573,208.227,0.011,0.011
12.04.2021 08:57:29.405 GMT-0500,208.502,208.218,0.0075,0.011
12.04.2021 08:57:30.346 GMT-0500,208.502,208.308,0.011,0.0008
12.04.2021 08:57:57.435 GMT-0500,208.573,208.30700000000002,0.011,0.011
12.04.2021 08:58:02.166 GMT-0500,208.573,208.217,0.011,0.011
12.04.2021 08:58:04.991 GMT-0500,208.562,208.218,0.0008,0.011
12.04.2021 08:58:05.466 GMT-0500,208.573,208.217,0.011,0.011
12.04.2021 08:58:08.873 GMT-0500,208.363,208.217,0.011,0.011
12.04.2021 08:58:09.019 GMT-0500,208.352,208.218,0.0008,0.011
12.04.2021 08:58:09.070 GMT-0500,208.36200000000002,208.218,0.011,0.011
12.04.2021 08:58:25.091 GMT-0500,208.452,208.218,0.011,0.011
12.04.2021 08:58:26.039 GMT-0500,208.352,208.218,0.0075,0.011
12.04.2021 08:58:29.208 GMT-0500,208.35500000000002,208.278,0.0008,0.0075
12.04.2021 08:58:29.259 GMT-0500,208.65200000000002,208.288,0.011,0.011
12.04.2021 08:58:29.567 GMT-0500,208.653,208.29700000000003,0.011,0.0075
12.04.2021 08:58:30.388 GMT-0500,208.482,208.298,0.0075,0.011
12.04.2021 08:58:31.886 GMT-0500,208.653,208.29700000000003,0.011,0.011
12.04.2021 08:58:31.936 GMT-0500,208.483,208.29700000000003,0.011,0.011
12.04.2021 08:58:43.396 GMT-0500,208.65200000000002,208.298,0.011,0.011
12.04.2021 08:58:44.047 GMT-0500,208.653,208.30700000000002,0.011,0.011
12.04.2021 08:58:45.143 GMT-0500,208.653,208.157,0.011,0.011
12.04.2021 08:58:45.193 GMT-0500,208.64200000000002,208.308,0.011,0.011
12.04.2021 08:58:45.470 GMT-0500,208.653,208.30700000000002,0.011,0.011
12.04.2021 08:58:46.963 GMT-0500,208.64200000000002,208.308,0.0075,0.011
12.04.2021 08:58:47.113 GMT-0500,208.65200000000002,208.308,0.011,0.011
12.04.2021 08:58:49.029 GMT-0500,208.64200000000002,208.308,0.011,0.011
12.04.2021 08:58:49.280 GMT-0500,208.653,208.30700000000002,0.011,0.011
12.04.2021 08:58:51.283 GMT-0500,208.643,208.30700000000002,0.011,0.011
12.04.2021 08:58:51.469 GMT-0500,208.653,208.30700000000002,0.011,0.011
12.04.2021 08:58:52.142 GMT-0500,208.65200000000002,208.31799999999998,0.011,0.0075
12.04.2021 08:58:52.307 GMT-0500,208.643,208.317,0.0008,0.011
12.04.2021 08:58:52.357 GMT-0500,208.653,208.317,0.011,0.011
12.04.2021 08:58:52.841 GMT-0500,208.64200000000002,208.31799999999998,0.0075,0.011
12.04.2021 08:58:53.195 GMT-0500,208.643,208.30700000000002,0.011,0.011
12.04.2021 08:58:53.583 GMT-0500,208.65200000000002,208.308,0.011,0.011
12.04.2021 08:58:55.079 GMT-0500,208.64200000000002,208.308,0.0008,0.011
12.04.2021 08:58:55.343 GMT-0500,208.653,208.30700000000002,0.011,0.011
12.04.2021 08:58:57.148 GMT-0500,208.403,208.30700000000002,0.011,0.011
12.04.2021 08:59:04.974 GMT-0500,208.403,208.247,0.011,0.011
12.04.2021 08:59:05.075 GMT-0500,208.44299999999998,208.17700000000002,0.011,0.011
12.04.2021 08:59:05.392 GMT-0500,208.442,208.208,0.011,0.0008
12.04.2021 08:59:05.443 GMT-0500,208.44299999999998,208.17700000000002,0.011,0.011
12.04.2021 08:59:13.300 GMT-0500,208.442,208.208,0.011,0.0075
12.04.2021 08:59:13.350 GMT-0500,208.442,208.178,0.011,0.011
12.04.2021 08:59:13.424 GMT-0500,208.442,208.208,0.011,0.0008
12.04.2021 08:59:13.496 GMT-0500,208.44299999999998,208.17700000000002,0.011,0.011
12.04.2021 08:59:13.643 GMT-0500,208.442,208.208,0.011,0.011
12.04.2021 08:59:13.693 GMT-0500,208.44299999999998,208.17700000000002,0.011,0.011
12.04.2021 08:59:16.596 GMT-0500,208.44299999999998,208.20700000000002,0.011,0.0008
12.04.2021 08:59:16.646 GMT-0500,208.442,208.178,0.011,0.011
12.04.2021 08:59:20.147 GMT-0500,208.44299999999998,208.157,0.011,0.011
12.04.2021 08:59:21.130 GMT-0500,208.44299999999998,208.20700000000002,0.011,0.0075
12.04.2021 08:59:40.974 GMT-0500,208.33200000000002,208.268,0.0075,0.0075
12.04.2021 08:59:41.024 GMT-0500,208.42200000000003,208.278,0.011,0.011
12.04.2021 08:59:41.075 GMT-0500,208.423,208.23700000000002,0.011,0.011
12.04.2021 08:59:42.008 GMT-0500,208.42200000000003,208.258,0.011,0.0075
12.04.2021 08:59:53.144 GMT-0500,208.343,208.257,0.0075,0.011
12.04.2021 08:59:56.145 GMT-0500,208.423,208.257,0.011,0.011
12.04.2021 08:59:58.098 GMT-0500,208.482,208.258,0.011,0.011
12.04.2021 09:00:00.967 GMT-0500,208.472,208.258,0.0075,0.011
12.04.2021 09:00:01.130 GMT-0500,208.483,208.257,0.011,0.011
12.04.2021 09:00:05.278 GMT-0500,208.47299999999998,208.257,0.0075,0.011
12.04.2021 09:00:05.429 GMT-0500,208.483,208.257,0.011,0.011
12.04.2021 09:00:05.742 GMT-0500,208.483,208.327,0.011,0.0075
12.04.2021 09:00:05.792 GMT-0500,208.653,208.347,0.011,0.011
12.04.2021 09:00:06.052 GMT-0500,208.643,208.45700000000002,0.0008,0.0008
12.04.2021 09:00:06.102 GMT-0500,208.863,208.45700000000002,0.011,0.011
12.04.2021 09:00:06.203 GMT-0500,208.813,208.45700000000002,0.0075,0.011
12.04.2021 09:00:06.304 GMT-0500,208.812,208.488,0.011,0.011
12.04.2021 09:00:06.354 GMT-0500,208.863,208.497,0.011,0.011
12.04.2021 09:00:06.561 GMT-0500,208.852,208.498,0.0008,0.011
12.04.2021 09:00:06.612 GMT-0500,208.863,208.497,0.011,0.011
12.04.2021 09:00:08.846 GMT-0500,208.683,208.567,0.0008,0.0008
12.04.2021 09:00:08.897 GMT-0500,208.68200000000002,208.488,0.011,0.011
12.04.2021 09:00:09.011 GMT-0500,208.683,208.54700000000003,0.011,0.0008
12.04.2021 09:00:09.112 GMT-0500,208.68200000000002,208.558,0.011,0.011
12.04.2021 09:00:09.919 GMT-0500,208.613,208.55700000000002,0.0075,0.0008
12.04.2021 09:00:09.969 GMT-0500,208.703,208.377,0.011,0.011
12.04.2021 09:00:10.019 GMT-0500,208.532,208.378,0.011,0.011
12.04.2021 09:00:25.104 GMT-0500,208.702,208.378,0.011,0.011
12.04.2021 09:00:27.220 GMT-0500,208.69299999999998,208.377,0.0075,0.011
12.04.2021 09:00:27.321 GMT-0500,208.702,208.378,0.011,0.011
12.04.2021 09:00:32.206 GMT-0500,208.692,208.378,0.011,0.011
12.04.2021 09:00:32.309 GMT-0500,208.702,208.298,0.011,0.011
12.04.2021 09:00:36.148 GMT-0500,208.703,208.467,0.011,0.011
12.04.2021 09:00:36.337 GMT-0500,208.702,208.488,0.011,0.011
12.04.2021 09:00:36.673 GMT-0500,208.703,208.55700000000002,0.0008,0.0075
12.04.2021 09:00:36.744 GMT-0500,208.863,208.467,0.011,0.011
12.04.2021 09:00:39.513 GMT-0500,208.863,208.577,0.011,0.0008
12.04.2021 09:00:39.613 GMT-0500,208.863,208.467,0.011,0.011
12.04.2021 09:00:39.733 GMT-0500,208.863,208.61700000000002,0.011,0.011
12.04.2021 09:00:41.699 GMT-0500,208.853,208.61700000000002,0.0008,0.011
12.04.2021 09:00:41.934 GMT-0500,208.86200000000002,208.618,0.011,0.011
12.04.2021 09:00:43.839 GMT-0500,208.86200000000002,208.468,0.011,0.011
12.04.2021 09:00:45.096 GMT-0500,208.86200000000002,208.56799999999998,0.011,0.0075
12.04.2021 09:00:46.163 GMT-0500,208.852,208.56799999999998,0.0008,0.011
12.04.2021 09:00:46.214 GMT-0500,208.86200000000002,208.56799999999998,0.011,0.011
12.04.2021 09:00:48.857 GMT-0500,208.83200000000002,208.56799999999998,0.011,0.011
12.04.2021 09:00:48.908 GMT-0500,208.86200000000002,208.56799999999998,0.011,0.011
12.04.2021 09:00:51.095 GMT-0500,208.852,208.56799999999998,0.0075,0.011
12.04.2021 09:00:51.407 GMT-0500,208.863,208.567,0.011,0.011
12.04.2021 09:00:55.011 GMT-0500,208.663,208.467,0.011,0.011
12.04.2021 09:00:55.061 GMT-0500,208.653,208.407,0.011,0.011
12.04.2021 09:00:58.078 GMT-0500,208.703,208.407,0.011,0.011
12.04.2021 09:01:08.690 GMT-0500,208.702,208.428,0.011,0.0075
12.04.2021 09:01:16.151 GMT-0500,208.702,208.558,0.0075,0.0008
12.04.2021 09:01:16.201 GMT-0500,208.863,208.52700000000002,0.011,0.011
12.04.2021 09:01:16.287 GMT-0500,208.86200000000002,208.56799999999998,0.011,0.0075
12.04.2021 09:01:16.337 GMT-0500,208.86200000000002,208.528,0.011,0.011
12.04.2021 09:01:16.579 GMT-0500,208.863,208.577,0.011,0.0008
12.04.2021 09:01:16.945 GMT-0500,208.853,208.577,0.0075,0.0008
12.04.2021 09:01:16.995 GMT-0500,208.852,208.528,0.011,0.011
12.04.2021 09:01:17.046 GMT-0500,208.86200000000002,208.528,0.011,0.011
12.04.2021 09:01:17.207 GMT-0500,208.86200000000002,208.468,0.011,0.011
12.04.2021 09:01:19.665 GMT-0500,208.852,208.468,0.0008,0.011
12.04.2021 09:01:19.765 GMT-0500,208.86200000000002,208.468,0.011,0.011
12.04.2021 09:01:20.744 GMT-0500,208.863,208.58700000000002,0.011,0.011
12.04.2021 09:01:20.857 GMT-0500,208.863,208.597,0.011,0.011
12.04.2021 09:01:20.959 GMT-0500,208.863,208.61700000000002,0.011,0.011
12.04.2021 09:01:21.702 GMT-0500,208.853,208.627,0.0008,0.011
12.04.2021 09:01:21.970 GMT-0500,208.863,208.627,0.011,0.011
12.04.2021 09:01:24.161 GMT-0500,208.853,208.627,0.0008,0.011
12.04.2021 09:01:24.445 GMT-0500,208.86200000000002,208.628,0.011,0.011
12.04.2021 09:01:26.594 GMT-0500,208.852,208.628,0.0075,0.011
12.04.2021 09:01:26.694 GMT-0500,208.86200000000002,208.628,0.011,0.011
12.04.2021 09:01:26.872 GMT-0500,209.02200000000002,208.478,0.011,0.011
12.04.2021 09:01:26.983 GMT-0500,209.02200000000002,208.468,0.011,0.011
12.04.2021 09:01:27.931 GMT-0500,209.013,208.477,0.0075,0.0075
12.04.2021 09:01:28.163 GMT-0500,209.02200000000002,208.478,0.011,0.011
12.04.2021 09:01:30.016 GMT-0500,209.013,208.48700000000002,0.0075,0.0075
12.04.2021 09:01:30.116 GMT-0500,209.02200000000002,208.468,0.011,0.011
12.04.2021 09:01:32.266 GMT-0500,209.023,208.597,0.011,0.011
12.04.2021 09:01:33.327 GMT-0500,209.023,208.467,0.011,0.011
12.04.2021 09:01:35.470 GMT-0500,208.86200000000002,208.468,0.0008,0.011
12.04.2021 09:01:36.972 GMT-0500,208.863,208.477,0.011,0.0075
12.04.2021 09:01:37.311 GMT-0500,208.86200000000002,208.468,0.011,0.011
12.04.2021 09:01:39.141 GMT-0500,208.86200000000002,208.478,0.011,0.0075
12.04.2021 09:01:39.493 GMT-0500,208.863,208.64700000000002,0.011,0.011
12.04.2021 09:01:43.318 GMT-0500,208.803,208.64700000000002,0.0075,0.0008
12.04.2021 09:01:43.368 GMT-0500,208.803,208.52700000000002,0.011,0.011
12.04.2021 09:01:43.424 GMT-0500,208.793,208.52700000000002,0.0008,0.011
12.04.2021 09:01:43.968 GMT-0500,208.773,208.52700000000002,0.0075,0.0008
12.04.2021 09:01:44.018 GMT-0500,208.77200000000002,208.468,0.011,0.011
12.04.2021 09:01:44.533 GMT-0500,208.773,208.52700000000002,0.0008,0.0075
12.04.2021 09:01:44.584 GMT-0500,208.793,208.52700000000002,0.011,0.011
12.04.2021 09:02:13.260 GMT-0500,208.792,208.538,0.011,0.0075
12.04.2021 09:02:13.360 GMT-0500,208.793,208.52700000000002,0.011,0.011
12.04.2021 09:02:21.741 GMT-0500,209.02200000000002,208.528,0.011,0.011
12.04.2021 09:02:21.918 GMT-0500,209.02200000000002,208.56799999999998,0.011,0.0075
12.04.2021 09:02:26.430 GMT-0500,208.842,208.56799999999998,0.0008,0.011
12.04.2021 09:02:27.061 GMT-0500,209.023,208.567,0.011,0.011
12.04.2021 09:02:27.314 GMT-0500,209.013,208.567,0.011,0.011
12.04.2021 09:02:27.430 GMT-0500,209.013,208.607,0.011,0.0008
12.04.2021 09:02:27.481 GMT-0500,209.02200000000002,208.608,0.011,0.011
12.04.2021 09:02:27.914 GMT-0500,209.02200000000002,208.648,0.011,0.0075
12.04.2021 09:02:27.964 GMT-0500,209.02200000000002,208.56799999999998,0.011,0.011
12.04.2021 09:02:31.534 GMT-0500,209.013,208.567,0.0075,0.011
12.04.2021 09:02:31.585 GMT-0500,209.023,208.567,0.011,0.011
12.04.2021 09:02:32.462 GMT-0500,209.013,208.717,0.0075,0.0075
12.04.2021 09:02:32.513 GMT-0500,209.012,208.628,0.011,0.011
12.04.2021 09:02:37.602 GMT-0500,209.023,208.627,0.011,0.011
12.04.2021 09:02:40.384 GMT-0500,209.02200000000002,208.718,0.011,0.0008
12.04.2021 09:02:40.613 GMT-0500,209.012,208.718,0.0008,0.011
12.04.2021 09:02:40.663 GMT-0500,209.02200000000002,208.718,0.011,0.011
12.04.2021 09:02:40.714 GMT-0500,209.023,208.637,0.011,0.011
12.04.2021 09:02:40.802 GMT-0500,209.023,208.77700000000002,0.011,0.0008
12.04.2021 09:02:41.099 GMT-0500,209.023,208.627,0.011,0.011
12.04.2021 09:02:41.633 GMT-0500,209.02200000000002,208.738,0.011,0.011
12.04.2021 09:02:43.257 GMT-0500,209.023,208.627,0.011,0.011
12.04.2021 09:02:45.000 GMT-0500,209.012,208.628,0.0008,0.011
12.04.2021 09:02:45.160 GMT-0500,209.023,208.627,0.011,0.011
12.04.2021 09:02:47.170 GMT-0500,209.023,208.83700000000002,0.011,0.011
12.04.2021 09:02:47.221 GMT-0500,209.02200000000002,208.638,0.011,0.011
12.04.2021 09:02:47.744 GMT-0500,209.183,208.83700000000002,0.011,0.011
12.04.2021 09:02:47.879 GMT-0500,209.183,208.917,0.011,0.011
12.04.2021 09:02:48.596 GMT-0500,209.012,208.918,0.0008,0.0075
12.04.2021 09:02:48.647 GMT-0500,209.012,208.738,0.011,0.011
12.04.2021 09:02:52.065 GMT-0500,209.183,208.73700000000002,0.011,0.011
12.04.2021 09:02:56.375 GMT-0500,209.092,208.738,0.011,0.011
12.04.2021 09:02:56.426 GMT-0500,209.103,208.73700000000002,0.011,0.011
12.04.2021 09:02:56.476 GMT-0500,209.083,208.73700000000002,0.0008,0.011
12.04.2021 09:02:56.526 GMT-0500,209.183,208.73700000000002,0.011,0.011
12.04.2021 09:02:56.879 GMT-0500,209.183,208.847,0.011,0.011
12.04.2021 09:02:57.551 GMT-0500,209.083,208.847,0.011,0.011
12.04.2021 09:02:57.601 GMT-0500,209.183,208.847,0.011,0.011
12.04.2021 09:02:59.025 GMT-0500,209.073,208.847,0.011,0.011
12.04.2021 09:02:59.076 GMT-0500,209.183,208.847,0.011,0.011
12.04.2021 09:03:00.678 GMT-0500,209.073,208.847,0.0075,0.011
12.04.2021 09:03:00.779 GMT-0500,209.183,208.847,0.011,0.011
12.04.2021 09:03:00.842 GMT-0500,209.083,208.847,0.0075,0.011
12.04.2021 09:03:00.892 GMT-0500,209.18200000000002,208.84799999999998,0.011,0.011
12.04.2021 09:03:02.490 GMT-0500,209.17200000000003,208.84799999999998,0.0008,0.011
12.04.2021 09:03:02.590 GMT-0500,209.183,208.847,0.011,0.011
12.04.2021 09:03:05.758 GMT-0500,209.183,208.857,0.011,0.0075
12.04.2021 09:03:06.740 GMT-0500,209.173,208.857,0.0075,0.011
12.04.2021 09:03:06.841 GMT-0500,209.183,208.857,0.011,0.011
12.04.2021 09:03:07.942 GMT-0500,209.173,208.857,0.011,0.011
12.04.2021 09:03:08.182 GMT-0500,209.183,208.857,0.011,0.011
12.04.2021 09:03:08.821 GMT-0500,209.18200000000002,208.84799999999998,0.011,0.011
12.04.2021 09:03:14.278 GMT-0500,209.183,208.86700000000002,0.011,0.0075
12.04.2021 09:03:14.529 GMT-0500,209.18200000000002,208.84799999999998,0.011,0.011
12.04.2021 09:03:14.580 GMT-0500,209.18200000000002,208.868,0.011,0.011
12.04.2021 09:03:17.061 GMT-0500,209.173,208.86700000000002,0.0008,0.011
12.04.2021 09:03:17.232 GMT-0500,209.18200000000002,208.868,0.011,0.011
12.04.2021 09:03:18.313 GMT-0500,209.183,208.847,0.011,0.011
12.04.2021 09:03:19.156 GMT-0500,209.173,208.847,0.0008,0.011
12.04.2021 09:03:19.256 GMT-0500,209.183,208.847,0.011,0.011
12.04.2021 09:03:22.347 GMT-0500,209.183,208.86700000000002,0.011,0.011
12.04.2021 09:03:22.660 GMT-0500,209.183,208.847,0.011,0.011
12.04.2021 09:03:22.913 GMT-0500,208.912,208.84799999999998,0.0075,0.0008
12.04.2021 09:03:22.963 GMT-0500,209.093,208.637,0.011,0.011
12.04.2021 09:03:23.084 GMT-0500,209.092,208.628,0.011,0.011
12.04.2021 09:03:23.432 GMT-0500,209.08200000000002,208.628,0.011,0.011
12.04.2021 09:03:23.582 GMT-0500,209.093,208.627,0.011,0.011
12.04.2021 09:03:24.504 GMT-0500,208.882,208.628,0.011,0.011
12.04.2021 09:03:25.035 GMT-0500,208.872,208.628,0.0075,0.011
12.04.2021 09:03:25.636 GMT-0500,208.872,208.638,0.011,0.0075
12.04.2021 09:03:25.785 GMT-0500,208.873,208.627,0.011,0.011
12.04.2021 09:03:25.925 GMT-0500,209.18200000000002,208.628,0.011,0.011
12.04.2021 09:03:27.309 GMT-0500,209.17200000000003,208.638,0.011,0.011
12.04.2021 09:03:27.545 GMT-0500,209.18200000000002,208.628,0.011,0.011
12.04.2021 09:03:29.024 GMT-0500,209.173,208.637,0.0008,0.0008
12.04.2021 09:03:29.075 GMT-0500,209.183,208.627,0.011,0.011
12.04.2021 09:03:29.125 GMT-0500,209.002,208.81799999999998,0.011,0.011
12.04.2021 09:03:29.175 GMT-0500,208.99200000000002,208.628,0.011,0.011
12.04.2021 09:03:31.030 GMT-0500,208.99200000000002,208.638,0.011,0.0075
12.04.2021 09:03:31.376 GMT-0500,208.982,208.638,0.0008,0.0008
12.04.2021 09:03:31.426 GMT-0500,208.99200000000002,208.628,0.011,0.011
12.04.2021 09:03:31.522 GMT-0500,208.813,208.64700000000002,0.0008,0.0008
12.04.2021 09:03:31.572 GMT-0500,208.982,208.648,0.011,0.011
12.04.2021 09:03:32.955 GMT-0500,208.97299999999998,208.64700000000002,0.0008,0.011
12.04.2021 09:03:33.134 GMT-0500,208.982,208.648,0.011,0.011
12.04.2021 09:03:34.591 GMT-0500,209.002,208.648,0.011,0.011
12.04.2021 09:03:35.149 GMT-0500,208.833,208.64700000000002,0.0008,0.011
12.04.2021 09:03:35.199 GMT-0500,209.002,208.648,0.011,0.011
12.04.2021 09:03:37.957 GMT-0500,208.993,208.577,0.011,0.011
12.04.2021 09:03:38.116 GMT-0500,209.003,208.567,0.011,0.011
12.04.2021 09:03:39.872 GMT-0500,209.003,208.627,0.011,0.0008
12.04.2021 09:03:44.305 GMT-0500,208.993,208.627,0.0008,0.011
12.04.2021 09:03:44.406 GMT-0500,209.002,208.628,0.011,0.011
12.04.2021 09:03:48.567 GMT-0500,208.99200000000002,208.698,0.0008,0.0008
12.04.2021 09:03:48.668 GMT-0500,209.002,208.698,0.011,0.011
12.04.2021 09:03:50.300 GMT-0500,208.993,208.697,0.011,0.011
12.04.2021 09:03:50.758 GMT-0500,209.002,208.698,0.011,0.011
12.04.2021 09:03:54.548 GMT-0500,208.993,208.697,0.0075,0.011
12.04.2021 09:03:54.648 GMT-0500,209.002,208.698,0.011,0.011
12.04.2021 09:03:57.156 GMT-0500,208.99200000000002,208.698,0.0075,0.011
12.04.2021 09:03:57.206 GMT-0500,209.003,208.697,0.011,0.011
12.04.2021 09:04:01.406 GMT-0500,209.003,208.747,0.011,0.0008
12.04.2021 09:04:03.474 GMT-0500,209.003,208.80700000000002,0.011,0.0075
12.04.2021 09:04:03.524 GMT-0500,209.002,208.698,0.011,0.011
12.04.2021 09:04:04.492 GMT-0500,209.003,208.80700000000002,0.011,0.0075
12.04.2021 09:04:04.651 GMT-0500,209.183,208.80700000000002,0.011,0.011
12.04.2021 09:04:07.681 GMT-0500,209.17200000000003,208.808,0.0008,0.011
12.04.2021 09:04:07.960 GMT-0500,209.183,208.80700000000002,0.011,0.011
12.04.2021 09:04:09.663 GMT-0500,209.17200000000003,208.868,0.0075,0.0075
12.04.2021 09:04:09.713 GMT-0500,209.183,208.697,0.011,0.011
12.04.2021 09:04:09.830 GMT-0500,209.18200000000002,208.878,0.011,0.0008
12.04.2021 09:04:11.366 GMT-0500,209.173,208.877,0.0075,0.011
12.04.2021 09:04:11.555 GMT-0500,209.183,208.877,0.011,0.011
12.04.2021 09:04:15.074 GMT-0500,209.033,208.877,0.0008,0.011
12.04.2021 09:04:25.099 GMT-0500,209.173,208.70700000000002,0.011,0.011
12.04.2021 09:04:25.255 GMT-0500,209.183,208.887,0.011,0.011
12.04.2021 09:04:27.863 GMT-0500,209.053,208.887,0.0075,0.011
12.04.2021 09:04:45.400 GMT-0500,209.053,208.79700000000003,0.011,0.011
12.04.2021 09:04:45.450 GMT-0500,209.053,208.887,0.011,0.011
12.04.2021 09:04:49.961 GMT-0500,209.05200000000002,208.898,0.011,0.0075
12.04.2021 09:04:51.925 GMT-0500,209.053,208.947,0.011,0.0008
12.04.2021 09:04:51.976 GMT-0500,209.05200000000002,208.898,0.011,0.011
12.04.2021 09:04:52.026 GMT-0500,209.053,208.967,0.011,0.011
12.04.2021 09:04:52.076 GMT-0500,209.18200000000002,209.008,0.011,0.011
12.04.2021 09:04:55.742 GMT-0500,209.132,208.968,0.011,0.011
12.04.2021 09:04:56.488 GMT-0500,209.013,208.79700000000003,0.011,0.011
12.04.2021 09:04:56.588 GMT-0500,209.18200000000002,208.798,0.011,0.011
12.04.2021 09:04:57.136 GMT-0500,209.11200000000002,208.798,0.0008,0.011
12.04.2021 09:04:57.247 GMT-0500,209.092,208.798,0.011,0.011
12.04.2021 09:05:09.700 GMT-0500,209.063,208.79700000000003,0.0075,0.0008
12.04.2021 09:05:09.751 GMT-0500,209.083,208.787,0.011,0.011
12.04.2021 09:05:10.233 GMT-0500,209.183,208.787,0.011,0.011
12.04.2021 09:05:16.462 GMT-0500,209.183,208.89700000000002,0.011,0.0008
12.04.2021 09:05:16.513 GMT-0500,209.18200000000002,208.788,0.011,0.011
12.04.2021 09:05:16.621 GMT-0500,209.183,208.89700000000002,0.011,0.0008
12.04.2021 09:05:16.721 GMT-0500,209.183,208.787,0.011,0.011
12.04.2021 09:05:17.868 GMT-0500,209.18200000000002,208.898,0.011,0.011
12.04.2021 09:05:17.985 GMT-0500,209.183,208.787,0.011,0.011
12.04.2021 09:05:18.060 GMT-0500,209.183,208.89700000000002,0.011,0.0075
12.04.2021 09:05:18.378 GMT-0500,209.18200000000002,208.788,0.011,0.011
12.04.2021 09:05:18.433 GMT-0500,209.18200000000002,208.898,0.011,0.0075
12.04.2021 09:05:18.606 GMT-0500,209.18200000000002,208.788,0.011,0.011
12.04.2021 09:05:18.657 GMT-0500,209.183,208.89700000000002,0.011,0.011
12.04.2021 09:05:19.296 GMT-0500,209.183,208.787,0.011,0.011
12.04.2021 09:05:19.403 GMT-0500,209.18200000000002,208.898,0.011,0.0008
12.04.2021 09:05:19.453 GMT-0500,209.18200000000002,208.788,0.011,0.011
12.04.2021 09:05:20.702 GMT-0500,209.083,208.89700000000002,0.0075,0.0075
12.04.2021 09:05:22.229 GMT-0500,209.042,208.898,0.0008,0.011
12.04.2021 09:05:22.280 GMT-0500,209.08200000000002,208.898,0.011,0.011
12.04.2021 09:05:22.940 GMT-0500,209.042,208.898,0.0008,0.0075
12.04.2021 09:05:22.990 GMT-0500,209.072,208.798,0.011,0.011
12.04.2021 09:05:23.050 GMT-0500,209.023,208.817,0.0008,0.0008
12.04.2021 09:05:25.204 GMT-0500,209.023,208.787,0.011,0.011
12.04.2021 09:05:25.254 GMT-0500,209.023,208.817,0.011,0.011
12.04.2021 09:05:25.832 GMT-0500,209.02200000000002,208.788,0.011,0.011
12.04.2021 09:05:26.711 GMT-0500,209.02200000000002,208.888,0.011,0.0075
12.04.2021 09:05:49.350 GMT-0500,208.96200000000002,208.788,0.011,0.011
12.04.2021 09:05:49.488 GMT-0500,208.863,208.667,0.0075,0.011
12.04.2021 09:05:50.387 GMT-0500,208.86200000000002,208.628,0.011,0.011
12.04.2021 09:05:57.760 GMT-0500,208.86200000000002,208.578,0.011,0.011
12.04.2021 09:06:00.116 GMT-0500,208.86200000000002,208.618,0.011,0.0008
12.04.2021 09:06:05.087 GMT-0500,208.933,208.61700000000002,0.011,0.011
12.04.2021 09:06:05.137 GMT-0500,208.923,208.61700000000002,0.011,0.011
12.04.2021 09:06:05.238 GMT-0500,209.023,208.61700000000002,0.011,0.011
12.04.2021 09:06:05.288 GMT-0500,208.893,208.61700000000002,0.011,0.011
12.04.2021 09:06:12.190 GMT-0500,208.89200000000002,208.648,0.011,0.011
12.04.2021 09:06:20.335 GMT-0500,209.012,208.648,0.011,0.011
12.04.2021 09:06:20.793 GMT-0500,209.003,208.697,0.011,0.011
12.04.2021 09:06:20.843 GMT-0500,209.003,208.64700000000002,0.011,0.011
12.04.2021 09:06:20.925 GMT-0500,209.013,208.64700000000002,0.011,0.011
12.04.2021 09:06:22.639 GMT-0500,209.003,208.64700000000002,0.011,0.011
12.04.2021 09:06:22.794 GMT-0500,209.013,208.64700000000002,0.011,0.011
12.04.2021 09:06:23.422 GMT-0500,209.002,208.648,0.0008,0.011
12.04.2021 09:06:23.527 GMT-0500,209.012,208.648,0.011,0.011
12.04.2021 09:06:23.628 GMT-0500,209.012,208.768,0.011,0.011
12.04.2021 09:06:26.267 GMT-0500,209.002,208.768,0.0075,0.011
12.04.2021 09:06:26.368 GMT-0500,209.013,208.76700000000002,0.011,0.011
12.04.2021 09:06:35.054 GMT-0500,209.003,208.76700000000002,0.0075,0.011
12.04.2021 09:06:35.297 GMT-0500,209.012,208.768,0.011,0.011
12.04.2021 09:06:36.576 GMT-0500,209.002,208.768,0.0075,0.011
12.04.2021 09:06:36.731 GMT-0500,209.012,208.768,0.011,0.011
12.04.2021 09:06:37.396 GMT-0500,209.003,208.76700000000002,0.011,0.011
12.04.2021 09:06:37.514 GMT-0500,209.013,208.76700000000002,0.011,0.011
12.04.2021 09:06:41.345 GMT-0500,209.002,208.768,0.0008,0.011
12.04.2021 09:06:41.446 GMT-0500,209.013,208.76700000000002,0.011,0.011
12.04.2021 09:06:53.810 GMT-0500,209.003,208.76700000000002,0.011,0.011
12.04.2021 09:06:53.946 GMT-0500,209.012,208.768,0.011,0.011
12.04.2021 09:06:55.182 GMT-0500,209.003,208.76700000000002,0.0075,0.011
12.04.2021 09:06:55.232 GMT-0500,209.013,208.76700000000002,0.011,0.011
12.04.2021 09:06:58.475 GMT-0500,208.842,208.768,0.0008,0.0075
12.04.2021 09:06:58.525 GMT-0500,209.012,208.648,0.011,0.011
12.04.2021 09:07:01.649 GMT-0500,209.012,208.688,0.011,0.011
12.04.2021 09:07:01.700 GMT-0500,209.012,208.658,0.011,0.011
12.04.2021 09:07:01.750 GMT-0500,209.012,208.668,0.011,0.011
12.04.2021 09:07:01.862 GMT-0500,209.013,208.657,0.011,0.011
12.04.2021 09:07:02.714 GMT-0500,209.013,208.64700000000002,0.011,0.011
12.04.2021 09:07:04.141 GMT-0500,209.002,208.648,0.0075,0.011
12.04.2021 09:07:04.242 GMT-0500,209.012,208.648,0.011,0.011
12.04.2021 09:07:11.006 GMT-0500,209.002,208.648,0.0075,0.011
12.04.2021 09:07:11.254 GMT-0500,209.013,208.64700000000002,0.011,0.011
12.04.2021 09:07:15.792 GMT-0500,209.003,208.64700000000002,0.0075,0.011
12.04.2021 09:07:15.842 GMT-0500,209.012,208.648,0.011,0.011
12.04.2021 09:07:20.962 GMT-0500,208.882,208.648,0.0075,0.011
12.04.2021 09:07:25.120 GMT-0500,208.883,208.687,0.011,0.0075
12.04.2021 09:07:37.609 GMT-0500,209.003,208.687,0.011,0.011
12.04.2021 09:07:37.733 GMT-0500,208.86200000000002,208.688,0.0075,0.011
12.04.2021 09:07:51.319 GMT-0500,208.863,208.70700000000002,0.011,0.011
12.04.2021 09:07:51.370 GMT-0500,208.86200000000002,208.688,0.011,0.011
12.04.2021 09:07:53.459 GMT-0500,209.013,208.687,0.011,0.011
12.04.2021 09:07:54.913 GMT-0500,208.843,208.70700000000002,0.0008,0.0008
12.04.2021 09:07:54.963 GMT-0500,208.843,208.687,0.011,0.011
12.04.2021 09:08:10.055 GMT-0500,208.843,208.787,0.0075,0.0008
12.04.2021 09:08:10.105 GMT-0500,209.02200000000002,208.788,0.011,0.011
12.04.2021 09:08:12.170 GMT-0500,209.023,208.697,0.011,0.011
12.04.2021 09:08:12.312 GMT-0500,209.02200000000002,208.688,0.011,0.011
12.04.2021 09:08:14.920 GMT-0500,209.023,208.77700000000002,0.011,0.0008
12.04.2021 09:08:21.562 GMT-0500,209.02200000000002,208.688,0.011,0.011
12.04.2021 09:08:30.743 GMT-0500,209.02200000000002,208.768,0.011,0.011
12.04.2021 09:08:43.217 GMT-0500,209.02200000000002,208.798,0.011,0.0008
12.04.2021 09:08:43.734 GMT-0500,209.023,208.817,0.011,0.0008
12.04.2021 09:08:43.785 GMT-0500,209.02200000000002,208.768,0.011,0.011
12.04.2021 09:08:43.835 GMT-0500,209.023,208.80700000000002,0.011,0.011
12.04.2021 09:08:44.282 GMT-0500,209.02200000000002,208.81799999999998,0.011,0.0008
12.04.2021 09:08:44.506 GMT-0500,209.023,208.80700000000002,0.011,0.011
12.04.2021 09:08:44.564 GMT-0500,209.023,208.817,0.011,0.011
12.04.2021 09:08:44.618 GMT-0500,209.023,208.80700000000002,0.011,0.011
12.04.2021 09:08:45.038 GMT-0500,209.02200000000002,208.81799999999998,0.011,0.0008
12.04.2021 09:08:45.089 GMT-0500,209.02200000000002,208.808,0.011,0.011
12.04.2021 09:08:48.733 GMT-0500,208.953,208.80700000000002,0.011,0.011
12.04.2021 09:08:48.784 GMT-0500,208.94299999999998,208.76700000000002,0.011,0.011
12.04.2021 09:08:51.786 GMT-0500,208.982,208.768,0.011,0.011
12.04.2021 09:08:52.334 GMT-0500,208.883,208.76700000000002,0.0075,0.0008
12.04.2021 09:08:52.385 GMT-0500,208.90200000000002,208.688,0.011,0.011
12.04.2021 09:08:52.510 GMT-0500,208.912,208.688,0.011,0.011
12.04.2021 09:08:52.612 GMT-0500,208.982,208.688,0.011,0.011
12.04.2021 09:08:52.904 GMT-0500,208.913,208.687,0.011,0.011
12.04.2021 09:08:52.954 GMT-0500,208.983,208.687,0.011,0.011
12.04.2021 09:08:53.054 GMT-0500,208.97299999999998,208.687,0.0008,0.011
12.04.2021 09:08:53.222 GMT-0500,208.983,208.687,0.011,0.011
12.04.2021 09:08:54.914 GMT-0500,208.93200000000002,208.688,0.0008,0.011
12.04.2021 09:08:55.191 GMT-0500,208.982,208.688,0.011,0.011
12.04.2021 09:08:55.884 GMT-0500,208.93200000000002,208.688,0.0075,0.011
12.04.2021 09:08:56.436 GMT-0500,208.92200000000003,208.688,0.0008,0.011
12.04.2021 09:08:56.487 GMT-0500,208.982,208.688,0.011,0.011
12.04.2021 09:08:56.618 GMT-0500,208.913,208.687,0.0075,0.011
12.04.2021 09:08:56.770 GMT-0500,208.983,208.687,0.011,0.011
12.04.2021 09:08:59.264 GMT-0500,208.97299999999998,208.687,0.0075,0.011
12.04.2021 09:08:59.444 GMT-0500,208.982,208.688,0.011,0.011
12.04.2021 09:09:01.341 GMT-0500,208.822,208.688,0.0008,0.011
12.04.2021 09:09:06.758 GMT-0500,208.822,208.708,0.011,0.011
12.04.2021 09:09:08.968 GMT-0500,208.773,208.70700000000002,0.0008,0.0075
12.04.2021 09:09:09.019 GMT-0500,208.823,208.697,0.011,0.011
12.04.2021 09:09:16.498 GMT-0500,208.983,208.697,0.011,0.011
12.04.2021 09:09:18.021 GMT-0500,208.812,208.698,0.0075,0.011
12.04.2021 09:09:19.755 GMT-0500,208.812,208.688,0.011,0.011
12.04.2021 09:09:35.513 GMT-0500,208.813,208.76700000000002,0.0075,0.0008
12.04.2021 09:09:35.563 GMT-0500,208.983,208.687,0.011,0.011
12.04.2021 09:09:35.788 GMT-0500,208.873,208.687,0.0008,0.011
12.04.2021 09:09:35.839 GMT-0500,208.982,208.688,0.011,0.011
12.04.2021 09:09:36.923 GMT-0500,208.972,208.688,0.0008,0.011
12.04.2021 09:09:36.973 GMT-0500,208.982,208.688,0.011,0.011
12.04.2021 09:09:43.313 GMT-0500,208.972,208.688,0.0075,0.011
12.04.2021 09:09:43.473 GMT-0500,208.982,208.688,0.011,0.011
12.04.2021 09:09:44.232 GMT-0500,208.97299999999998,208.687,0.011,0.011
12.04.2021 09:09:44.332 GMT-0500,208.982,208.688,0.011,0.011
12.04.2021 09:09:44.465 GMT-0500,208.982,208.728,0.011,0.011
12.04.2021 09:09:44.898 GMT-0500,208.983,208.687,0.011,0.011
12.04.2021 09:09:45.072 GMT-0500,208.97299999999998,208.687,0.0008,0.011
12.04.2021 09:09:45.173 GMT-0500,208.982,208.688,0.011,0.011
12.04.2021 09:09:46.426 GMT-0500,208.972,208.688,0.0008,0.011
12.04.2021 09:09:46.527 GMT-0500,208.983,208.687,0.011,0.011
12.04.2021 09:09:48.516 GMT-0500,208.97299999999998,208.687,0.0075,0.011
12.04.2021 09:09:48.629 GMT-0500,208.983,208.687,0.011,0.011
12.04.2021 09:09:50.518 GMT-0500,208.903,208.687,0.0008,0.011
12.04.2021 09:09:52.123 GMT-0500,208.903,208.727,0.011,0.0075
12.04.2021 09:09:55.460 GMT-0500,208.903,208.73700000000002,0.011,0.0008
12.04.2021 09:09:55.510 GMT-0500,208.903,208.687,0.011,0.011
12.04.2021 09:09:57.066 GMT-0500,208.982,208.688,0.011,0.011
12.04.2021 09:09:58.492 GMT-0500,208.90200000000002,208.688,0.0075,0.011
12.04.2021 09:10:02.268 GMT-0500,208.903,208.727,0.011,0.011
12.04.2021 09:10:03.262 GMT-0500,208.763,208.687,0.011,0.011
12.04.2021 09:10:03.312 GMT-0500,208.743,208.467,0.011,0.011
12.04.2021 09:10:03.363 GMT-0500,208.752,208.498,0.011,0.011
12.04.2021 09:10:03.464 GMT-0500,208.863,208.52700000000002,0.011,0.011
12.04.2021 09:10:04.425 GMT-0500,208.80200000000002,208.608,0.0008,0.0008
12.04.2021 09:10:04.475 GMT-0500,208.863,208.607,0.011,0.011
