Local time,Ask,Bid,AskVolume,BidVolume
12.04.2021 08:30:00.770 GMT-0500,161.192,161.008,0.1,0.1
12.04.2021 08:30:01.416 GMT-0500,161.19299999999998,161.007,0.1,0.1
12.04.2021 08:30:01.468 GMT-0500,161.192,161.008,0.1,0.1
12.04.2021 08:30:01.519 GMT-0500,161.19299999999998,161.037,0.1,0.1
12.04.2021 08:30:01.736 GMT-0500,161.192,161.078,0.1,0.075
12.04.2021 08:30:02.838 GMT-0500,161.19299999999998,161.037,0.1,0.1
12.04.2021 08:30:03.762 GMT-0500,161.19299999999998,161.08700000000002,0.1,0.075
12.04.2021 08:30:03.812 GMT-0500,161.192,161.03799999999998,0.1,0.1
12.04.2021 08:30:04.050 GMT-0500,161.088,161.037,0.075,0.1
12.04.2021 08:30:04.101 GMT-0500,161.192,161.03799999999998,0.1,0.1
12.04.2021 08:30:04.228 GMT-0500,161.153,161.037,0.075,0.1
12.04.2021 08:30:04.904 GMT-0500,161.072,161.03799999999998,0.1,0.1
12.04.2021 08:30:04.954 GMT-0500,161.153,161.037,0.1,0.1
12.04.2021 08:30:05.893 GMT-0500,161.153,161.007,0.1,0.1
12.04.2021 08:30:06.419 GMT-0500,161.153,160.597,0.1,0.1
12.04.2021 08:30:06.469 GMT-0500,161.153,160.597,0.1,0.1
12.04.2021 08:30:06.666 GMT-0500,161.013,160.947,0.1,0.1
12.04.2021 08:30:06.943 GMT-0500,160.97299999999998,160.597,0.1,0.1
12.04.2021 08:30:07.043 GMT-0500,161.012,160.84799999999998,0.1,0.1
12.04.2021 08:30:07.371 GMT-0500,160.933,160.847,0.1,0.1
12.04.2021 08:30:07.485 GMT-0500,161.012,160.888,0.1,0.1
12.04.2021 08:30:07.753 GMT-0500,160.972,160.888,0.075,0.1
12.04.2021 08:30:09.639 GMT-0500,160.972,160.898,0.1,0.075
12.04.2021 08:30:11.249 GMT-0500,160.97299999999998,160.92700000000002,0.1,0.1
12.04.2021 08:30:11.300 GMT-0500,160.972,160.898,0.1,0.1
12.04.2021 08:30:11.379 GMT-0500,160.972,160.898,0.1,0.1
12.04.2021 08:30:11.662 GMT-0500,160.99200000000002,160.918,0.1,0.1
12.04.2021 08:30:11.791 GMT-0500,160.99200000000002,160.938,0.1,0.075
12.04.2021 08:30:11.841 GMT-0500,160.993,160.917,0.1,0.1
12.04.2021 08:30:12.073 GMT-0500,160.972,160.918,0.1,0.1
12.04.2021 08:30:12.124 GMT-0500,160.99200000000002,160.918,0.1,0.1
12.04.2021 08:30:12.225 GMT-0500,161.063,160.89700000000002,0.1,0.1
12.04.2021 08:30:12.275 GMT-0500,161.063,160.997,0.1,0.1
12.04.2021 08:30:12.349 GMT-0500,161.192,161.018,0.1,0.1
12.04.2021 08:30:12.973 GMT-0500,161.19299999999998,160.997,0.1,0.075
12.04.2021 08:30:13.073 GMT-0500,161.15200000000002,160.898,0.1,0.1
12.04.2021 08:30:13.124 GMT-0500,161.15200000000002,160.998,0.1,0.1
12.04.2021 08:30:14.451 GMT-0500,161.092,160.998,0.1,0.1
12.04.2021 08:30:14.562 GMT-0500,161.153,160.997,0.1,0.1
12.04.2021 08:30:14.846 GMT-0500,161.092,160.998,0.075,0.1
12.04.2021 08:30:14.946 GMT-0500,161.15200000000002,160.998,0.1,0.1
12.04.2021 08:30:15.313 GMT-0500,161.143,160.997,0.1,0.1
12.04.2021 08:30:15.438 GMT-0500,161.15200000000002,160.998,0.1,0.1
12.04.2021 08:30:15.539 GMT-0500,161.01500000000001,160.997,0.0008,0.075
12.04.2021 08:30:15.589 GMT-0500,161.15200000000002,160.898,0.1,0.1
12.04.2021 08:30:15.649 GMT-0500,161.15200000000002,160.998,0.1,0.1
12.04.2021 08:30:16.848 GMT-0500,161.092,160.998,0.075,0.1
12.04.2021 08:30:17.020 GMT-0500,161.15200000000002,160.998,0.1,0.1
12.04.2021 08:30:18.336 GMT-0500,161.143,160.997,0.075,0.1
12.04.2021 08:30:18.436 GMT-0500,161.15200000000002,160.998,0.1,0.1
12.04.2021 08:30:18.905 GMT-0500,161.143,160.997,0.075,0.1
12.04.2021 08:30:18.955 GMT-0500,161.15200000000002,160.938,0.1,0.1
12.04.2021 08:30:19.087 GMT-0500,161.062,160.938,0.075,0.1
12.04.2021 08:30:20.136 GMT-0500,161.062,160.898,0.1,0.1
12.04.2021 08:30:20.536 GMT-0500,161.08200000000002,160.898,0.1,0.1
12.04.2021 08:30:20.586 GMT-0500,161.003,160.89700000000002,0.001,0.001
12.04.2021 08:30:20.714 GMT-0500,160.942,160.898,0.001,0.001
12.04.2021 08:30:21.333 GMT-0500,160.99200000000002,160.918,0.001,0.001
12.04.2021 08:30:21.801 GMT-0500,160.953,160.917,0.001,0.001
12.04.2021 08:30:22.739 GMT-0500,160.94299999999998,160.917,0.001,0.001
12.04.2021 08:30:22.946 GMT-0500,160.942,160.898,0.001,0.001
12.04.2021 08:30:23.784 GMT-0500,161.083,160.937,0.001,0.001
12.04.2021 08:30:23.834 GMT-0500,161.073,160.937,0.001,0.001
12.04.2021 08:30:23.911 GMT-0500,161.083,160.937,0.001,0.001
12.04.2021 08:30:24.524 GMT-0500,160.99200000000002,160.938,0.1,0.1
12.04.2021 08:30:25.705 GMT-0500,160.993,160.938,0.075,0.1
12.04.2021 08:30:25.755 GMT-0500,161.08200000000002,160.958,0.1,0.1
12.04.2021 08:30:25.902 GMT-0500,161.032,160.958,0.075,0.1
12.04.2021 08:30:26.167 GMT-0500,161.072,160.958,0.1,0.1
12.04.2021 08:30:26.217 GMT-0500,161.033,160.95700000000002,0.075,0.1
12.04.2021 08:30:26.418 GMT-0500,161.033,160.83700000000002,0.1,0.1
12.04.2021 08:30:26.619 GMT-0500,161.043,160.83700000000002,0.1,0.1
12.04.2021 08:30:26.670 GMT-0500,160.99200000000002,160.838,0.1,0.1
12.04.2021 08:30:29.601 GMT-0500,160.99200000000002,160.84799999999998,0.1,0.1
12.04.2021 08:30:29.705 GMT-0500,160.993,160.83700000000002,0.1,0.1
12.04.2021 08:30:29.957 GMT-0500,160.99200000000002,160.838,0.1,0.1
12.04.2021 08:30:30.485 GMT-0500,161.003,160.857,0.1,0.1
12.04.2021 08:30:30.536 GMT-0500,161.002,160.838,0.1,0.1
12.04.2021 08:30:30.586 GMT-0500,160.972,160.838,0.1,0.1
12.04.2021 08:30:30.637 GMT-0500,161.003,160.83700000000002,0.1,0.1
12.04.2021 08:30:31.670 GMT-0500,160.982,160.838,0.075,0.1
12.04.2021 08:30:33.641 GMT-0500,160.96200000000002,160.838,0.0008,0.1
12.04.2021 08:30:34.654 GMT-0500,160.953,160.83700000000002,0.1,0.1
12.04.2021 08:30:34.930 GMT-0500,160.91299999999998,160.597,0.1,0.1
12.04.2021 08:30:35.030 GMT-0500,160.953,160.817,0.1,0.1
12.04.2021 08:30:37.571 GMT-0500,160.882,160.778,0.1,0.1
12.04.2021 08:30:37.621 GMT-0500,160.952,160.778,0.1,0.1
12.04.2021 08:30:37.681 GMT-0500,160.952,160.798,0.1,0.075
12.04.2021 08:30:38.058 GMT-0500,160.963,160.797,0.1,0.1
12.04.2021 08:30:38.109 GMT-0500,160.883,160.77700000000002,0.1,0.1
12.04.2021 08:30:38.799 GMT-0500,160.883,160.83700000000002,0.1,0.1
12.04.2021 08:30:38.849 GMT-0500,160.882,160.778,0.1,0.1
12.04.2021 08:30:40.233 GMT-0500,160.883,160.80700000000002,0.1,0.1
12.04.2021 08:30:43.566 GMT-0500,160.853,160.80700000000002,0.0008,0.1
12.04.2021 08:30:43.617 GMT-0500,160.883,160.80700000000002,0.1,0.1
12.04.2021 08:30:43.966 GMT-0500,160.933,160.80700000000002,0.1,0.1
12.04.2021 08:30:44.017 GMT-0500,160.873,160.80700000000002,0.1,0.1
12.04.2021 08:30:44.672 GMT-0500,160.833,160.80700000000002,0.0008,0.075
12.04.2021 08:30:44.722 GMT-0500,160.83200000000002,160.78799999999998,0.1,0.1
12.04.2021 08:30:44.822 GMT-0500,160.83200000000002,160.748,0.1,0.1
12.04.2021 08:30:45.562 GMT-0500,160.83200000000002,160.59799999999998,0.1,0.1
12.04.2021 08:30:45.634 GMT-0500,160.833,160.747,0.1,0.075
12.04.2021 08:30:45.851 GMT-0500,160.83200000000002,160.748,0.1,0.1
12.04.2021 08:30:45.902 GMT-0500,160.833,160.747,0.1,0.1
12.04.2021 08:30:47.698 GMT-0500,160.803,160.747,0.0008,0.1
12.04.2021 08:30:47.748 GMT-0500,160.813,160.607,0.1,0.1
12.04.2021 08:30:47.798 GMT-0500,160.83200000000002,160.758,0.1,0.1
12.04.2021 08:30:49.166 GMT-0500,160.812,160.758,0.075,0.1
12.04.2021 08:30:49.217 GMT-0500,160.833,160.687,0.1,0.1
12.04.2021 08:30:49.269 GMT-0500,160.813,160.687,0.075,0.1
12.04.2021 08:30:49.390 GMT-0500,160.813,160.747,0.075,0.1
12.04.2021 08:30:49.440 GMT-0500,160.833,160.747,0.1,0.1
12.04.2021 08:30:49.508 GMT-0500,160.813,160.747,0.1,0.1
12.04.2021 08:30:49.784 GMT-0500,160.83200000000002,160.748,0.1,0.1
12.04.2021 08:30:50.084 GMT-0500,160.838,160.747,0.075,0.1
12.04.2021 08:30:50.134 GMT-0500,160.963,160.747,0.1,0.1
12.04.2021 08:30:50.184 GMT-0500,160.91299999999998,160.757,0.1,0.1
12.04.2021 08:30:50.235 GMT-0500,160.91299999999998,160.747,0.1,0.1
12.04.2021 08:30:50.820 GMT-0500,160.853,160.747,0.1,0.1
12.04.2021 08:30:54.742 GMT-0500,160.912,160.748,0.1,0.1
12.04.2021 08:30:54.792 GMT-0500,160.83200000000002,160.748,0.1,0.1
12.04.2021 08:30:57.466 GMT-0500,160.822,160.748,0.075,0.1
12.04.2021 08:30:57.566 GMT-0500,160.852,160.748,0.1,0.1
12.04.2021 08:30:59.910 GMT-0500,160.903,160.747,0.1,0.1
12.04.2021 08:31:00.322 GMT-0500,160.893,160.747,0.075,0.1
12.04.2021 08:31:00.372 GMT-0500,160.90200000000002,160.748,0.1,0.1
12.04.2021 08:31:00.787 GMT-0500,160.90200000000002,160.778,0.1,0.1
12.04.2021 08:31:00.837 GMT-0500,160.903,160.747,0.1,0.1
12.04.2021 08:31:02.365 GMT-0500,160.812,160.748,0.075,0.1
12.04.2021 08:31:02.415 GMT-0500,160.90200000000002,160.748,0.1,0.1
12.04.2021 08:31:03.735 GMT-0500,160.89200000000002,160.658,0.1,0.1
12.04.2021 08:31:03.786 GMT-0500,160.96200000000002,160.658,0.1,0.1
12.04.2021 08:31:03.836 GMT-0500,160.872,160.658,0.1,0.1
12.04.2021 08:31:04.049 GMT-0500,160.77200000000002,160.658,0.075,0.1
12.04.2021 08:31:04.099 GMT-0500,160.873,160.657,0.1,0.1
12.04.2021 08:31:04.151 GMT-0500,160.813,160.657,0.075,0.1
12.04.2021 08:31:04.699 GMT-0500,160.813,160.597,0.1,0.1
12.04.2021 08:31:04.750 GMT-0500,160.813,160.67700000000002,0.1,0.1
12.04.2021 08:31:06.228 GMT-0500,160.813,160.67700000000002,0.1,0.1
12.04.2021 08:31:06.329 GMT-0500,160.813,160.687,0.1,0.1
12.04.2021 08:31:06.747 GMT-0500,160.813,160.67700000000002,0.1,0.1
12.04.2021 08:31:06.909 GMT-0500,160.812,160.678,0.1,0.1
12.04.2021 08:31:07.969 GMT-0500,160.873,160.687,0.1,0.1
12.04.2021 08:31:08.019 GMT-0500,160.803,160.687,0.1,0.1
12.04.2021 08:31:08.278 GMT-0500,160.803,160.73700000000002,0.0008,0.075
12.04.2021 08:31:08.328 GMT-0500,160.872,160.688,0.1,0.1
12.04.2021 08:31:08.465 GMT-0500,160.842,160.688,0.075,0.1
12.04.2021 08:31:08.647 GMT-0500,160.843,160.67700000000002,0.1,0.1
12.04.2021 08:31:08.724 GMT-0500,160.842,160.708,0.1,0.075
12.04.2021 08:31:09.002 GMT-0500,160.872,160.708,0.1,0.1
12.04.2021 08:31:09.052 GMT-0500,160.833,160.70700000000002,0.1,0.1
12.04.2021 08:31:11.979 GMT-0500,160.872,160.708,0.1,0.1
12.04.2021 08:31:12.957 GMT-0500,160.823,160.70700000000002,0.0008,0.1
12.04.2021 08:31:13.008 GMT-0500,160.873,160.70700000000002,0.1,0.1
12.04.2021 08:31:14.403 GMT-0500,160.873,160.70700000000002,0.1,0.1
12.04.2021 08:31:14.454 GMT-0500,160.963,160.67700000000002,0.1,0.1
12.04.2021 08:31:14.538 GMT-0500,160.882,160.678,0.075,0.1
12.04.2021 08:31:14.961 GMT-0500,160.872,160.678,0.1,0.1
12.04.2021 08:31:15.012 GMT-0500,160.942,160.678,0.1,0.1
12.04.2021 08:31:15.062 GMT-0500,160.94299999999998,160.727,0.1,0.1
12.04.2021 08:31:17.492 GMT-0500,160.93200000000002,160.728,0.075,0.1
12.04.2021 08:31:17.543 GMT-0500,160.94299999999998,160.727,0.1,0.1
12.04.2021 08:31:17.730 GMT-0500,160.96200000000002,160.728,0.1,0.1
12.04.2021 08:31:17.835 GMT-0500,160.933,160.727,0.075,0.1
12.04.2021 08:31:18.018 GMT-0500,160.86200000000002,160.728,0.075,0.1
12.04.2021 08:31:18.435 GMT-0500,160.91299999999998,160.727,0.1,0.1
12.04.2021 08:31:18.486 GMT-0500,160.853,160.727,0.1,0.1
12.04.2021 08:31:23.420 GMT-0500,160.852,160.728,0.075,0.1
12.04.2021 08:31:23.470 GMT-0500,160.96200000000002,160.808,0.1,0.1
12.04.2021 08:31:23.593 GMT-0500,160.963,160.86700000000002,0.1,0.1
12.04.2021 08:31:23.643 GMT-0500,160.96200000000002,160.808,0.1,0.1
12.04.2021 08:31:24.825 GMT-0500,161.053,160.817,0.1,0.1
12.04.2021 08:31:24.875 GMT-0500,160.963,160.80700000000002,0.1,0.1
12.04.2021 08:31:26.113 GMT-0500,160.963,160.827,0.1,0.1
12.04.2021 08:31:27.101 GMT-0500,160.93200000000002,160.828,0.0008,0.1
12.04.2021 08:31:27.151 GMT-0500,160.96200000000002,160.828,0.1,0.1
12.04.2021 08:31:28.344 GMT-0500,160.963,160.89700000000002,0.1,0.1
12.04.2021 08:31:28.394 GMT-0500,160.963,160.827,0.1,0.1
12.04.2021 08:31:28.714 GMT-0500,160.96200000000002,160.908,0.1,0.075
12.04.2021 08:31:28.912 GMT-0500,161.013,160.907,0.1,0.1
12.04.2021 08:31:28.985 GMT-0500,160.983,160.907,0.1,0.1
12.04.2021 08:31:29.483 GMT-0500,160.96200000000002,160.858,0.075,0.1
12.04.2021 08:31:29.533 GMT-0500,160.982,160.908,0.1,0.1
12.04.2021 08:31:29.781 GMT-0500,160.982,160.858,0.1,0.1
12.04.2021 08:31:29.840 GMT-0500,160.983,160.907,0.1,0.075
12.04.2021 08:31:30.257 GMT-0500,160.983,160.907,0.1,0.1
12.04.2021 08:31:31.478 GMT-0500,160.952,160.808,0.1,0.1
12.04.2021 08:31:31.595 GMT-0500,160.982,160.808,0.1,0.1
12.04.2021 08:31:31.877 GMT-0500,160.933,160.80700000000002,0.0008,0.1
12.04.2021 08:31:31.978 GMT-0500,160.912,160.808,0.1,0.1
12.04.2021 08:31:33.385 GMT-0500,160.86200000000002,160.808,0.0008,0.075
12.04.2021 08:31:33.435 GMT-0500,160.91299999999998,160.757,0.1,0.1
12.04.2021 08:31:33.502 GMT-0500,160.91299999999998,160.797,0.1,0.075
12.04.2021 08:31:33.939 GMT-0500,160.872,160.798,0.1,0.1
12.04.2021 08:31:33.989 GMT-0500,160.873,160.757,0.1,0.1
12.04.2021 08:31:34.072 GMT-0500,160.873,160.787,0.1,0.1
12.04.2021 08:31:34.786 GMT-0500,160.83200000000002,160.708,0.075,0.1
12.04.2021 08:31:34.836 GMT-0500,160.83200000000002,160.708,0.1,0.1
12.04.2021 08:31:34.894 GMT-0500,160.83200000000002,160.708,0.1,0.1
12.04.2021 08:31:34.945 GMT-0500,160.83200000000002,160.708,0.1,0.1
12.04.2021 08:31:36.866 GMT-0500,160.823,160.70700000000002,0.0008,0.1
12.04.2021 08:31:38.542 GMT-0500,160.822,160.708,0.1,0.1
12.04.2021 08:31:38.891 GMT-0500,160.83200000000002,160.778,0.1,0.1
12.04.2021 08:31:39.398 GMT-0500,160.833,160.70700000000002,0.1,0.1
12.04.2021 08:31:39.743 GMT-0500,160.83200000000002,160.778,0.1,0.075
12.04.2021 08:31:39.794 GMT-0500,160.833,160.70700000000002,0.1,0.1
12.04.2021 08:31:39.944 GMT-0500,160.833,160.77700000000002,0.1,0.1
12.04.2021 08:31:39.994 GMT-0500,160.823,160.70700000000002,0.1,0.1
12.04.2021 08:31:40.561 GMT-0500,160.80200000000002,160.708,0.0008,0.1
12.04.2021 08:31:40.611 GMT-0500,160.822,160.708,0.1,0.1
12.04.2021 08:31:40.729 GMT-0500,160.823,160.76700000000002,0.1,0.075
12.04.2021 08:31:41.129 GMT-0500,160.823,160.757,0.1,0.1
12.04.2021 08:31:43.029 GMT-0500,160.793,160.757,0.0008,0.075
12.04.2021 08:31:43.079 GMT-0500,160.823,160.67700000000002,0.1,0.1
12.04.2021 08:31:43.146 GMT-0500,160.822,160.678,0.1,0.1
12.04.2021 08:31:43.415 GMT-0500,160.833,160.727,0.1,0.1
12.04.2021 08:31:43.466 GMT-0500,160.782,160.728,0.075,0.1
12.04.2021 08:31:47.516 GMT-0500,160.763,160.667,0.1,0.1
12.04.2021 08:31:47.566 GMT-0500,160.762,160.678,0.1,0.1
12.04.2021 08:31:47.616 GMT-0500,160.722,160.608,0.1,0.1
12.04.2021 08:31:47.667 GMT-0500,160.763,160.607,0.1,0.1
12.04.2021 08:31:47.717 GMT-0500,160.763,160.667,0.1,0.1
12.04.2021 08:31:49.566 GMT-0500,160.72299999999998,160.667,0.1,0.1
12.04.2021 08:31:51.033 GMT-0500,160.703,160.667,0.0008,0.1
12.04.2021 08:31:51.084 GMT-0500,160.72299999999998,160.667,0.1,0.1
12.04.2021 08:31:51.499 GMT-0500,160.72299999999998,160.67700000000002,0.0008,0.075
12.04.2021 08:31:51.549 GMT-0500,160.71200000000002,160.608,0.1,0.1
12.04.2021 08:31:51.604 GMT-0500,160.713,160.67700000000002,0.1,0.1
12.04.2021 08:31:51.782 GMT-0500,160.762,160.678,0.1,0.1
12.04.2021 08:31:52.771 GMT-0500,160.752,160.678,0.0008,0.1
12.04.2021 08:31:52.871 GMT-0500,160.762,160.678,0.1,0.1
12.04.2021 08:31:53.952 GMT-0500,160.722,160.678,0.0008,0.1
12.04.2021 08:31:54.003 GMT-0500,160.763,160.67700000000002,0.1,0.1
12.04.2021 08:31:55.998 GMT-0500,160.74200000000002,160.678,0.075,0.1
12.04.2021 08:32:00.501 GMT-0500,160.743,160.67700000000002,0.075,0.1
12.04.2021 08:32:00.552 GMT-0500,160.732,160.678,0.1,0.1
12.04.2021 08:32:01.033 GMT-0500,160.733,160.697,0.1,0.1
12.04.2021 08:32:01.153 GMT-0500,160.72299999999998,160.697,0.0008,0.075
12.04.2021 08:32:01.242 GMT-0500,160.733,160.697,0.1,0.075
12.04.2021 08:32:01.292 GMT-0500,160.683,160.627,0.1,0.1
12.04.2021 08:32:01.348 GMT-0500,160.68200000000002,160.638,0.1,0.1
12.04.2021 08:32:01.990 GMT-0500,160.653,160.627,0.1,0.1
12.04.2021 08:32:02.343 GMT-0500,160.64200000000002,160.628,0.0008,0.075
12.04.2021 08:32:02.393 GMT-0500,160.64200000000002,160.618,0.1,0.1
12.04.2021 08:32:02.444 GMT-0500,160.64200000000002,160.59799999999998,0.1,0.1
12.04.2021 08:32:04.224 GMT-0500,160.632,160.59799999999998,0.075,0.1
12.04.2021 08:32:05.264 GMT-0500,160.633,160.61700000000002,0.0008,0.075
12.04.2021 08:32:05.314 GMT-0500,160.653,160.607,0.1,0.1
12.04.2021 08:32:05.364 GMT-0500,160.653,160.61700000000002,0.1,0.1
12.04.2021 08:32:06.226 GMT-0500,160.64200000000002,160.56799999999998,0.1,0.1
12.04.2021 08:32:06.326 GMT-0500,160.653,160.52700000000002,0.1,0.1
12.04.2021 08:32:06.376 GMT-0500,160.65200000000002,160.59799999999998,0.1,0.1
12.04.2021 08:32:06.518 GMT-0500,160.623,160.577,0.1,0.1
12.04.2021 08:32:06.568 GMT-0500,160.653,160.577,0.1,0.1
12.04.2021 08:32:06.642 GMT-0500,160.64200000000002,160.578,0.075,0.1
12.04.2021 08:32:07.576 GMT-0500,160.603,160.55700000000002,0.1,0.1
12.04.2021 08:32:07.626 GMT-0500,160.61200000000002,160.558,0.1,0.1
12.04.2021 08:32:08.855 GMT-0500,160.613,160.547,0.1,0.1
12.04.2021 08:32:11.963 GMT-0500,160.603,160.547,0.1,0.1
12.04.2021 08:32:12.344 GMT-0500,160.58200000000002,160.548,0.1,0.1
12.04.2021 08:32:12.445 GMT-0500,160.602,160.548,0.1,0.1
12.04.2021 08:32:14.028 GMT-0500,160.583,160.547,0.1,0.1
12.04.2021 08:32:14.078 GMT-0500,160.603,160.547,0.1,0.1
12.04.2021 08:32:14.435 GMT-0500,160.592,160.548,0.075,0.1
12.04.2021 08:32:14.932 GMT-0500,160.592,160.56799999999998,0.1,0.075
12.04.2021 08:32:14.982 GMT-0500,160.65200000000002,160.588,0.1,0.1
12.04.2021 08:32:15.083 GMT-0500,160.65200000000002,160.608,0.1,0.1
12.04.2021 08:32:15.273 GMT-0500,160.64200000000002,160.608,0.0008,0.1
12.04.2021 08:32:15.373 GMT-0500,160.61200000000002,160.528,0.1,0.1
12.04.2021 08:32:15.474 GMT-0500,160.643,160.577,0.1,0.075
12.04.2021 08:32:15.698 GMT-0500,160.64200000000002,160.588,0.1,0.1
12.04.2021 08:32:16.163 GMT-0500,160.64200000000002,160.578,0.1,0.1
12.04.2021 08:32:16.316 GMT-0500,160.643,160.577,0.1,0.1
12.04.2021 08:32:16.472 GMT-0500,160.643,160.577,0.1,0.1
12.04.2021 08:32:16.639 GMT-0500,160.633,160.577,0.0008,0.1
12.04.2021 08:32:16.690 GMT-0500,160.64200000000002,160.588,0.1,0.1
12.04.2021 08:32:17.163 GMT-0500,160.653,160.607,0.1,0.1
12.04.2021 08:32:17.213 GMT-0500,160.653,160.597,0.1,0.1
12.04.2021 08:32:17.336 GMT-0500,160.692,160.59799999999998,0.1,0.1
12.04.2021 08:32:17.736 GMT-0500,160.692,160.59799999999998,0.1,0.1
12.04.2021 08:32:17.837 GMT-0500,160.69299999999998,160.597,0.1,0.1
12.04.2021 08:32:22.642 GMT-0500,160.763,160.597,0.1,0.1
12.04.2021 08:32:22.692 GMT-0500,160.74200000000002,160.59799999999998,0.1,0.1
12.04.2021 08:32:23.976 GMT-0500,160.69299999999998,160.597,0.1,0.1
12.04.2021 08:32:24.513 GMT-0500,160.632,160.588,0.1,0.1
12.04.2021 08:32:24.639 GMT-0500,160.692,160.588,0.1,0.1
12.04.2021 08:32:25.996 GMT-0500,160.633,160.58700000000002,0.075,0.1
12.04.2021 08:32:26.046 GMT-0500,160.69299999999998,160.58700000000002,0.1,0.1
12.04.2021 08:32:26.156 GMT-0500,160.632,160.588,0.075,0.1
12.04.2021 08:32:26.940 GMT-0500,160.69299999999998,160.58700000000002,0.1,0.1
12.04.2021 08:32:27.451 GMT-0500,160.632,160.588,0.075,0.1
12.04.2021 08:32:28.377 GMT-0500,160.69299999999998,160.58700000000002,0.1,0.1
12.04.2021 08:32:28.681 GMT-0500,160.632,160.588,0.1,0.1
12.04.2021 08:32:29.585 GMT-0500,160.613,160.577,0.1,0.1
12.04.2021 08:32:29.635 GMT-0500,160.61200000000002,160.558,0.1,0.1
12.04.2021 08:32:29.686 GMT-0500,160.632,160.558,0.1,0.1
12.04.2021 08:32:29.837 GMT-0500,160.632,160.56799999999998,0.1,0.075
12.04.2021 08:32:30.597 GMT-0500,160.602,160.56799999999998,0.0008,0.075
12.04.2021 08:32:30.647 GMT-0500,160.632,160.558,0.1,0.1
12.04.2021 08:32:31.061 GMT-0500,160.573,160.52700000000002,0.075,0.1
12.04.2021 08:32:31.112 GMT-0500,160.632,160.528,0.1,0.1
12.04.2021 08:32:31.482 GMT-0500,160.562,160.508,0.075,0.1
12.04.2021 08:32:31.533 GMT-0500,160.572,160.508,0.1,0.1
12.04.2021 08:32:31.600 GMT-0500,160.532,160.488,0.075,0.1
12.04.2021 08:32:31.650 GMT-0500,160.572,160.488,0.1,0.1
12.04.2021 08:32:31.741 GMT-0500,160.573,160.497,0.1,0.075
12.04.2021 08:32:31.954 GMT-0500,160.512,160.428,0.1,0.1
12.04.2021 08:32:33.034 GMT-0500,160.49200000000002,160.428,0.075,0.1
12.04.2021 08:32:33.085 GMT-0500,160.512,160.428,0.1,0.1
12.04.2021 08:32:33.499 GMT-0500,160.49200000000002,160.428,0.075,0.1
12.04.2021 08:32:34.190 GMT-0500,160.46200000000002,160.328,0.1,0.1
12.04.2021 08:32:34.240 GMT-0500,160.49200000000002,160.408,0.1,0.1
12.04.2021 08:32:34.400 GMT-0500,160.463,160.407,0.0008,0.075
12.04.2021 08:32:34.450 GMT-0500,160.46200000000002,160.358,0.1,0.1
12.04.2021 08:32:34.501 GMT-0500,160.493,160.357,0.1,0.1
12.04.2021 08:32:34.676 GMT-0500,160.493,160.357,0.1,0.1
12.04.2021 08:32:34.761 GMT-0500,160.49200000000002,160.398,0.1,0.1
12.04.2021 08:32:35.944 GMT-0500,160.472,160.398,0.0008,0.1
12.04.2021 08:32:36.253 GMT-0500,160.46200000000002,160.398,0.075,0.1
12.04.2021 08:32:36.620 GMT-0500,160.452,160.358,0.1,0.1
12.04.2021 08:32:37.656 GMT-0500,160.41299999999998,160.327,0.075,0.1
12.04.2021 08:32:37.707 GMT-0500,160.412,160.328,0.1,0.1
12.04.2021 08:32:38.823 GMT-0500,160.43200000000002,160.368,0.1,0.1
12.04.2021 08:32:40.285 GMT-0500,160.43200000000002,160.328,0.1,0.1
12.04.2021 08:32:40.913 GMT-0500,160.43200000000002,160.368,0.1,0.075
12.04.2021 08:32:41.313 GMT-0500,160.442,160.368,0.1,0.1
12.04.2021 08:32:41.363 GMT-0500,160.472,160.418,0.1,0.1
12.04.2021 08:32:41.414 GMT-0500,160.482,160.408,0.1,0.1
12.04.2021 08:32:42.626 GMT-0500,160.483,160.407,0.1,0.1
12.04.2021 08:32:42.752 GMT-0500,160.483,160.407,0.1,0.1
12.04.2021 08:32:44.314 GMT-0500,160.452,160.408,0.1,0.1
12.04.2021 08:32:44.365 GMT-0500,160.482,160.408,0.1,0.1
12.04.2021 08:32:44.737 GMT-0500,160.452,160.408,0.1,0.1
12.04.2021 08:32:45.899 GMT-0500,160.453,160.377,0.1,0.1
12.04.2021 08:32:46.359 GMT-0500,160.482,160.378,0.1,0.1
12.04.2021 08:32:46.410 GMT-0500,160.442,160.378,0.1,0.1
12.04.2021 08:32:47.814 GMT-0500,160.43200000000002,160.378,0.0008,0.1
12.04.2021 08:32:48.052 GMT-0500,160.44299999999998,160.377,0.1,0.1
12.04.2021 08:32:49.646 GMT-0500,160.43200000000002,160.378,0.075,0.1
12.04.2021 08:32:50.153 GMT-0500,160.44299999999998,160.377,0.1,0.1
12.04.2021 08:32:50.207 GMT-0500,160.43200000000002,160.378,0.0008,0.1
12.04.2021 08:32:50.866 GMT-0500,160.44299999999998,160.377,0.1,0.1
12.04.2021 08:32:51.223 GMT-0500,160.43200000000002,160.378,0.0008,0.1
12.04.2021 08:32:51.274 GMT-0500,160.442,160.378,0.1,0.1
12.04.2021 08:32:52.113 GMT-0500,160.423,160.377,0.075,0.1
12.04.2021 08:32:52.164 GMT-0500,160.442,160.378,0.1,0.1
12.04.2021 08:32:52.528 GMT-0500,160.43200000000002,160.378,0.0008,0.1
12.04.2021 08:32:52.885 GMT-0500,160.422,160.378,0.075,0.1
12.04.2021 08:32:53.829 GMT-0500,160.403,160.377,0.0008,0.075
12.04.2021 08:32:53.880 GMT-0500,160.382,160.268,0.1,0.1
12.04.2021 08:32:54.004 GMT-0500,160.422,160.268,0.1,0.1
12.04.2021 08:32:55.269 GMT-0500,160.422,160.358,0.1,0.1
12.04.2021 08:32:55.751 GMT-0500,160.482,160.398,0.1,0.1
12.04.2021 08:32:56.643 GMT-0500,160.425,160.398,0.075,0.1
12.04.2021 08:32:56.693 GMT-0500,160.482,160.398,0.1,0.1
12.04.2021 08:32:56.820 GMT-0500,160.43200000000002,160.398,0.0008,0.1
12.04.2021 08:32:56.921 GMT-0500,160.483,160.39700000000002,0.1,0.1
12.04.2021 08:32:57.003 GMT-0500,160.433,160.377,0.075,0.1
12.04.2021 08:32:57.053 GMT-0500,160.482,160.378,0.1,0.1
12.04.2021 08:32:57.104 GMT-0500,160.433,160.377,0.1,0.1
12.04.2021 08:32:57.755 GMT-0500,160.40200000000002,160.278,0.1,0.1
12.04.2021 08:32:57.902 GMT-0500,160.433,160.27700000000002,0.1,0.075
12.04.2021 08:32:57.953 GMT-0500,160.433,160.26700000000002,0.1,0.1
12.04.2021 08:33:00.546 GMT-0500,160.43200000000002,160.31799999999998,0.1,0.1
12.04.2021 08:33:02.611 GMT-0500,160.43200000000002,160.358,0.1,0.075
12.04.2021 08:33:02.661 GMT-0500,160.43200000000002,160.31799999999998,0.1,0.1
12.04.2021 08:33:02.770 GMT-0500,160.43200000000002,160.358,0.1,0.075
12.04.2021 08:33:02.927 GMT-0500,160.433,160.33700000000002,0.1,0.1
12.04.2021 08:33:03.465 GMT-0500,160.43200000000002,160.358,0.1,0.1
12.04.2021 08:33:03.515 GMT-0500,160.483,160.437,0.1,0.1
12.04.2021 08:33:03.565 GMT-0500,160.483,160.357,0.1,0.1
12.04.2021 08:33:03.616 GMT-0500,160.483,160.42700000000002,0.1,0.1
12.04.2021 08:33:03.910 GMT-0500,160.442,160.398,0.075,0.1
12.04.2021 08:33:03.960 GMT-0500,160.483,160.39700000000002,0.1,0.1
12.04.2021 08:33:09.157 GMT-0500,160.452,160.358,0.075,0.1
12.04.2021 08:33:09.208 GMT-0500,160.482,160.388,0.1,0.1
12.04.2021 08:33:13.815 GMT-0500,160.482,160.388,0.1,0.1
12.04.2021 08:33:15.128 GMT-0500,160.482,160.408,0.1,0.1
12.04.2021 08:33:15.179 GMT-0500,160.572,160.408,0.1,0.1
12.04.2021 08:33:15.398 GMT-0500,160.573,160.407,0.1,0.1
12.04.2021 08:33:18.980 GMT-0500,160.542,160.458,0.0008,0.1
12.04.2021 08:33:21.360 GMT-0500,160.573,160.45700000000002,0.1,0.1
12.04.2021 08:33:26.109 GMT-0500,160.602,160.448,0.1,0.1
12.04.2021 08:33:26.209 GMT-0500,160.61200000000002,160.508,0.1,0.1
12.04.2021 08:33:26.347 GMT-0500,160.61200000000002,160.518,0.1,0.1
12.04.2021 08:33:26.580 GMT-0500,160.603,160.51700000000002,0.075,0.1
12.04.2021 08:33:26.630 GMT-0500,160.622,160.518,0.1,0.1
12.04.2021 08:33:26.689 GMT-0500,160.622,160.528,0.1,0.1
12.04.2021 08:33:27.905 GMT-0500,160.692,160.508,0.1,0.1
12.04.2021 08:33:28.154 GMT-0500,160.692,160.508,0.1,0.1
12.04.2021 08:33:28.476 GMT-0500,160.692,160.608,0.0008,0.075
12.04.2021 08:33:28.526 GMT-0500,160.732,160.59799999999998,0.1,0.1
12.04.2021 08:33:29.126 GMT-0500,160.732,160.628,0.1,0.1
12.04.2021 08:33:29.176 GMT-0500,160.733,160.607,0.1,0.1
12.04.2021 08:33:30.723 GMT-0500,160.713,160.607,0.1,0.1
12.04.2021 08:33:30.840 GMT-0500,160.713,160.627,0.1,0.1
12.04.2021 08:33:30.961 GMT-0500,160.713,160.607,0.1,0.1
12.04.2021 08:33:31.755 GMT-0500,160.71200000000002,160.628,0.1,0.075
12.04.2021 08:33:32.297 GMT-0500,160.71200000000002,160.608,0.1,0.1
12.04.2021 08:33:32.478 GMT-0500,160.733,160.697,0.1,0.1
12.04.2021 08:33:32.529 GMT-0500,160.812,160.628,0.1,0.1
12.04.2021 08:33:32.618 GMT-0500,160.74200000000002,160.678,0.075,0.075
12.04.2021 08:33:33.585 GMT-0500,160.813,160.67700000000002,0.1,0.1
12.04.2021 08:33:34.151 GMT-0500,160.74200000000002,160.678,0.0008,0.1
12.04.2021 08:33:34.465 GMT-0500,160.733,160.697,0.1,0.075
12.04.2021 08:33:34.516 GMT-0500,160.733,160.67700000000002,0.1,0.1
12.04.2021 08:33:35.528 GMT-0500,160.77200000000002,160.678,0.1,0.1
12.04.2021 08:33:35.588 GMT-0500,160.743,160.67700000000002,0.0008,0.1
12.04.2021 08:33:36.520 GMT-0500,160.72299999999998,160.67700000000002,0.1,0.1
12.04.2021 08:33:36.570 GMT-0500,160.743,160.67700000000002,0.1,0.1
12.04.2021 08:33:37.661 GMT-0500,160.703,160.67700000000002,0.0008,0.1
12.04.2021 08:33:37.712 GMT-0500,160.762,160.678,0.1,0.1
12.04.2021 08:33:38.068 GMT-0500,160.743,160.67700000000002,0.1,0.1
12.04.2021 08:33:38.119 GMT-0500,160.773,160.67700000000002,0.1,0.1
12.04.2021 08:33:38.200 GMT-0500,160.74200000000002,160.678,0.075,0.1
12.04.2021 08:33:38.427 GMT-0500,160.773,160.67700000000002,0.1,0.1
12.04.2021 08:33:39.925 GMT-0500,160.752,160.678,0.075,0.1
12.04.2021 08:33:39.975 GMT-0500,160.77200000000002,160.678,0.1,0.1
12.04.2021 08:33:40.355 GMT-0500,160.773,160.667,0.1,0.1
12.04.2021 08:33:41.032 GMT-0500,160.773,160.67700000000002,0.1,0.1
12.04.2021 08:33:42.704 GMT-0500,160.722,160.678,0.1,0.1
12.04.2021 08:33:43.076 GMT-0500,160.77200000000002,160.678,0.1,0.1
12.04.2021 08:33:46.307 GMT-0500,160.77200000000002,160.678,0.075,0.1
12.04.2021 08:33:46.358 GMT-0500,160.833,160.77700000000002,0.1,0.1
12.04.2021 08:33:46.458 GMT-0500,160.833,160.717,0.1,0.1
12.04.2021 08:33:48.635 GMT-0500,160.83200000000002,160.738,0.1,0.1
12.04.2021 08:33:49.098 GMT-0500,160.833,160.717,0.1,0.1
12.04.2021 08:33:52.409 GMT-0500,160.80200000000002,160.718,0.075,0.1
12.04.2021 08:33:52.459 GMT-0500,160.813,160.717,0.1,0.1
12.04.2021 08:33:52.616 GMT-0500,160.833,160.717,0.1,0.1
12.04.2021 08:33:53.021 GMT-0500,160.80200000000002,160.718,0.075,0.1
12.04.2021 08:33:53.121 GMT-0500,160.833,160.717,0.1,0.1
12.04.2021 08:33:55.127 GMT-0500,160.803,160.717,0.0008,0.1
12.04.2021 08:33:57.647 GMT-0500,160.833,160.717,0.1,0.1
12.04.2021 08:33:58.168 GMT-0500,160.83200000000002,160.718,0.1,0.1
12.04.2021 08:33:59.155 GMT-0500,160.833,160.757,0.075,0.1
12.04.2021 08:33:59.206 GMT-0500,160.883,160.757,0.1,0.1
12.04.2021 08:33:59.284 GMT-0500,160.882,160.768,0.1,0.075
12.04.2021 08:34:00.337 GMT-0500,160.882,160.738,0.1,0.1
12.04.2021 08:34:02.152 GMT-0500,160.863,160.73700000000002,0.1,0.1
12.04.2021 08:34:03.000 GMT-0500,160.883,160.73700000000002,0.1,0.1
12.04.2021 08:34:05.111 GMT-0500,160.893,160.73700000000002,0.1,0.1
12.04.2021 08:34:05.211 GMT-0500,160.903,160.73700000000002,0.1,0.1
12.04.2021 08:34:05.312 GMT-0500,160.903,160.77700000000002,0.1,0.075
12.04.2021 08:34:05.427 GMT-0500,160.903,160.73700000000002,0.1,0.1
12.04.2021 08:34:06.540 GMT-0500,160.903,160.77700000000002,0.1,0.1
12.04.2021 08:34:07.288 GMT-0500,160.893,160.77700000000002,0.1,0.1
12.04.2021 08:34:07.397 GMT-0500,160.883,160.73700000000002,0.075,0.1
12.04.2021 08:34:07.447 GMT-0500,160.882,160.738,0.1,0.1
12.04.2021 08:34:07.624 GMT-0500,160.903,160.73700000000002,0.1,0.1
12.04.2021 08:34:07.674 GMT-0500,160.893,160.73700000000002,0.1,0.1
12.04.2021 08:34:07.724 GMT-0500,160.903,160.73700000000002,0.1,0.1
12.04.2021 08:34:07.790 GMT-0500,160.883,160.73700000000002,0.1,0.1
12.04.2021 08:34:07.965 GMT-0500,160.882,160.738,0.075,0.1
12.04.2021 08:34:08.016 GMT-0500,160.90200000000002,160.808,0.1,0.1
12.04.2021 08:34:08.134 GMT-0500,160.883,160.80700000000002,0.0008,0.1
12.04.2021 08:34:08.427 GMT-0500,160.90200000000002,160.808,0.1,0.1
12.04.2021 08:34:10.116 GMT-0500,160.863,160.80700000000002,0.0008,0.1
12.04.2021 08:34:10.167 GMT-0500,160.90200000000002,160.808,0.1,0.1
12.04.2021 08:34:12.227 GMT-0500,160.903,160.877,0.0008,0.075
12.04.2021 08:34:12.277 GMT-0500,160.952,160.84799999999998,0.1,0.1
12.04.2021 08:34:12.328 GMT-0500,160.963,160.847,0.1,0.1
12.04.2021 08:34:13.107 GMT-0500,160.952,160.84799999999998,0.075,0.1
12.04.2021 08:34:13.157 GMT-0500,160.97299999999998,160.847,0.1,0.1
12.04.2021 08:34:13.208 GMT-0500,160.96200000000002,160.84799999999998,0.1,0.1
12.04.2021 08:34:13.258 GMT-0500,160.972,160.84799999999998,0.1,0.1
12.04.2021 08:34:13.321 GMT-0500,160.963,160.847,0.075,0.1
12.04.2021 08:34:13.371 GMT-0500,160.97299999999998,160.847,0.1,0.1
12.04.2021 08:34:13.684 GMT-0500,160.953,160.847,0.0008,0.1
12.04.2021 08:34:13.785 GMT-0500,160.972,160.84799999999998,0.1,0.1
12.04.2021 08:34:15.566 GMT-0500,160.96200000000002,160.84799999999998,0.0008,0.1
12.04.2021 08:34:16.096 GMT-0500,160.912,160.84799999999998,0.0008,0.075
12.04.2021 08:34:16.148 GMT-0500,160.91299999999998,160.80700000000002,0.1,0.1
12.04.2021 08:34:18.348 GMT-0500,160.91299999999998,160.827,0.1,0.075
12.04.2021 08:34:21.876 GMT-0500,160.912,160.858,0.1,0.075
12.04.2021 08:34:21.927 GMT-0500,160.91299999999998,160.827,0.1,0.1
12.04.2021 08:34:22.209 GMT-0500,160.912,160.858,0.1,0.075
12.04.2021 08:34:22.259 GMT-0500,160.93200000000002,160.858,0.1,0.1
12.04.2021 08:34:22.465 GMT-0500,160.912,160.858,0.0008,0.1
12.04.2021 08:34:22.515 GMT-0500,160.93200000000002,160.858,0.1,0.1
12.04.2021 08:34:22.568 GMT-0500,160.912,160.858,0.0008,0.1
12.04.2021 08:34:22.931 GMT-0500,160.93200000000002,160.858,0.1,0.1
12.04.2021 08:34:23.097 GMT-0500,160.963,160.857,0.1,0.1
12.04.2021 08:34:23.453 GMT-0500,160.96200000000002,160.828,0.1,0.1
12.04.2021 08:34:24.194 GMT-0500,160.90200000000002,160.828,0.075,0.1
12.04.2021 08:34:24.244 GMT-0500,160.90200000000002,160.808,0.1,0.1
12.04.2021 08:34:24.345 GMT-0500,160.873,160.80700000000002,0.1,0.1
12.04.2021 08:34:24.399 GMT-0500,160.903,160.80700000000002,0.1,0.1
12.04.2021 08:34:26.278 GMT-0500,160.90200000000002,160.748,0.1,0.1
12.04.2021 08:34:30.252 GMT-0500,160.903,160.73700000000002,0.1,0.1
12.04.2021 08:34:32.086 GMT-0500,160.853,160.73700000000002,0.075,0.1
12.04.2021 08:34:32.331 GMT-0500,160.903,160.73700000000002,0.1,0.1
12.04.2021 08:34:32.496 GMT-0500,160.883,160.73700000000002,0.1,0.1
12.04.2021 08:34:33.646 GMT-0500,160.882,160.738,0.1,0.1
12.04.2021 08:34:33.697 GMT-0500,160.882,160.738,0.1,0.1
12.04.2021 08:34:35.054 GMT-0500,160.883,160.76700000000002,0.1,0.075
12.04.2021 08:34:36.055 GMT-0500,160.882,160.738,0.1,0.1
12.04.2021 08:34:36.444 GMT-0500,160.883,160.717,0.1,0.1
12.04.2021 08:34:36.501 GMT-0500,160.883,160.717,0.1,0.1
12.04.2021 08:34:36.870 GMT-0500,160.83200000000002,160.718,0.1,0.1
12.04.2021 08:34:37.020 GMT-0500,160.833,160.757,0.1,0.1
12.04.2021 08:34:37.181 GMT-0500,160.853,160.757,0.1,0.1
12.04.2021 08:34:37.231 GMT-0500,160.833,160.757,0.1,0.1
12.04.2021 08:34:38.107 GMT-0500,160.83200000000002,160.718,0.1,0.1
12.04.2021 08:34:38.158 GMT-0500,160.833,160.747,0.1,0.1
12.04.2021 08:34:38.208 GMT-0500,160.853,160.747,0.1,0.1
12.04.2021 08:34:38.295 GMT-0500,160.833,160.747,0.075,0.1
12.04.2021 08:34:38.491 GMT-0500,160.852,160.748,0.1,0.1
12.04.2021 08:34:39.008 GMT-0500,160.833,160.747,0.075,0.1
12.04.2021 08:34:39.058 GMT-0500,160.852,160.748,0.1,0.1
12.04.2021 08:34:41.725 GMT-0500,160.833,160.747,0.0008,0.1
12.04.2021 08:34:44.174 GMT-0500,160.833,160.747,0.1,0.1
12.04.2021 08:34:45.611 GMT-0500,160.833,160.747,0.1,0.1
12.04.2021 08:34:45.661 GMT-0500,160.823,160.747,0.1,0.1
12.04.2021 08:34:47.026 GMT-0500,160.813,160.747,0.1,0.1
12.04.2021 08:34:50.124 GMT-0500,160.803,160.747,0.1,0.1
12.04.2021 08:34:50.174 GMT-0500,160.793,160.717,0.1,0.1
12.04.2021 08:34:50.272 GMT-0500,160.792,160.728,0.1,0.1
12.04.2021 08:34:54.622 GMT-0500,160.773,160.717,0.075,0.1
12.04.2021 08:34:54.672 GMT-0500,160.773,160.717,0.1,0.1
12.04.2021 08:34:57.615 GMT-0500,160.77200000000002,160.718,0.075,0.1
12.04.2021 08:34:57.666 GMT-0500,160.812,160.718,0.1,0.1
12.04.2021 08:35:00.088 GMT-0500,160.812,160.718,0.1,0.1
12.04.2021 08:35:00.139 GMT-0500,160.90200000000002,160.738,0.1,0.1
12.04.2021 08:35:00.740 GMT-0500,160.903,160.787,0.1,0.1
12.04.2021 08:35:01.344 GMT-0500,160.90200000000002,160.808,0.1,0.075
12.04.2021 08:35:01.394 GMT-0500,160.903,160.787,0.1,0.1
12.04.2021 08:35:01.444 GMT-0500,160.91299999999998,160.80700000000002,0.1,0.1
12.04.2021 08:35:01.663 GMT-0500,160.873,160.80700000000002,0.075,0.1
12.04.2021 08:35:01.763 GMT-0500,160.872,160.78799999999998,0.1,0.1
12.04.2021 08:35:01.846 GMT-0500,160.872,160.808,0.1,0.1
12.04.2021 08:35:02.191 GMT-0500,160.872,160.808,0.1,0.1
12.04.2021 08:35:02.278 GMT-0500,160.872,160.808,0.1,0.1
12.04.2021 08:35:02.863 GMT-0500,160.883,160.80700000000002,0.1,0.1
12.04.2021 08:35:03.764 GMT-0500,160.853,160.817,0.1,0.1
12.04.2021 08:35:03.814 GMT-0500,160.883,160.817,0.1,0.1
12.04.2021 08:35:04.812 GMT-0500,160.882,160.828,0.1,0.1
12.04.2021 08:35:05.455 GMT-0500,160.883,160.847,0.1,0.1
12.04.2021 08:35:05.755 GMT-0500,160.922,160.84799999999998,0.1,0.1
12.04.2021 08:35:05.919 GMT-0500,160.93200000000002,160.84799999999998,0.1,0.1
12.04.2021 08:35:06.637 GMT-0500,160.922,160.84799999999998,0.0008,0.1
12.04.2021 08:35:07.082 GMT-0500,160.933,160.847,0.1,0.1
12.04.2021 08:35:08.571 GMT-0500,160.922,160.84799999999998,0.075,0.1
12.04.2021 08:35:08.889 GMT-0500,160.93200000000002,160.84799999999998,0.1,0.1
12.04.2021 08:35:08.942 GMT-0500,160.922,160.84799999999998,0.0008,0.1
12.04.2021 08:35:09.845 GMT-0500,160.90200000000002,160.808,0.075,0.1
12.04.2021 08:35:09.895 GMT-0500,160.90200000000002,160.808,0.1,0.1
12.04.2021 08:35:09.961 GMT-0500,160.903,160.80700000000002,0.1,0.1
12.04.2021 08:35:10.371 GMT-0500,160.893,160.83700000000002,0.0008,0.1
12.04.2021 08:35:10.472 GMT-0500,160.882,160.838,0.1,0.1
12.04.2021 08:35:11.065 GMT-0500,160.89200000000002,160.838,0.1,0.1
12.04.2021 08:35:11.224 GMT-0500,160.903,160.83700000000002,0.1,0.1
12.04.2021 08:35:14.740 GMT-0500,160.883,160.83700000000002,0.1,0.1
12.04.2021 08:35:16.300 GMT-0500,160.903,160.83700000000002,0.1,0.1
12.04.2021 08:35:16.635 GMT-0500,160.883,160.83700000000002,0.0008,0.1
12.04.2021 08:35:16.685 GMT-0500,160.90200000000002,160.838,0.1,0.1
12.04.2021 08:35:17.801 GMT-0500,160.883,160.83700000000002,0.075,0.1
12.04.2021 08:35:17.852 GMT-0500,160.90200000000002,160.838,0.1,0.1
12.04.2021 08:35:18.359 GMT-0500,160.893,160.83700000000002,0.1,0.1
12.04.2021 08:35:24.737 GMT-0500,160.883,160.83700000000002,0.075,0.1
12.04.2021 08:35:24.787 GMT-0500,160.893,160.83700000000002,0.1,0.1
12.04.2021 08:35:25.054 GMT-0500,160.882,160.838,0.0008,0.075
12.04.2021 08:35:25.104 GMT-0500,160.882,160.828,0.1,0.1
12.04.2021 08:35:25.175 GMT-0500,160.883,160.847,0.1,0.075
12.04.2021 08:35:26.063 GMT-0500,160.903,160.827,0.1,0.1
12.04.2021 08:35:26.152 GMT-0500,160.89200000000002,160.84799999999998,0.075,0.075
12.04.2021 08:35:27.249 GMT-0500,160.882,160.84799999999998,0.0008,0.1
12.04.2021 08:35:28.319 GMT-0500,160.863,160.847,0.0008,0.075
12.04.2021 08:35:28.369 GMT-0500,160.883,160.80700000000002,0.1,0.1
12.04.2021 08:35:28.667 GMT-0500,160.883,160.80700000000002,0.1,0.1
12.04.2021 08:35:30.815 GMT-0500,160.853,160.73700000000002,0.075,0.1
12.04.2021 08:35:30.865 GMT-0500,160.852,160.738,0.1,0.1
12.04.2021 08:35:30.915 GMT-0500,160.863,160.80700000000002,0.1,0.1
12.04.2021 08:35:35.124 GMT-0500,160.843,160.80700000000002,0.075,0.1
12.04.2021 08:35:35.174 GMT-0500,160.863,160.80700000000002,0.1,0.1
12.04.2021 08:35:37.694 GMT-0500,160.853,160.80700000000002,0.075,0.1
12.04.2021 08:35:37.744 GMT-0500,160.86200000000002,160.808,0.1,0.1
12.04.2021 08:35:38.001 GMT-0500,160.89200000000002,160.808,0.1,0.1
12.04.2021 08:35:38.090 GMT-0500,160.872,160.808,0.0008,0.1
12.04.2021 08:35:39.316 GMT-0500,160.853,160.80700000000002,0.1,0.1
12.04.2021 08:35:39.417 GMT-0500,160.873,160.80700000000002,0.1,0.1
12.04.2021 08:35:39.866 GMT-0500,160.843,160.80700000000002,0.0008,0.1
12.04.2021 08:35:40.198 GMT-0500,160.873,160.80700000000002,0.1,0.1
12.04.2021 08:35:40.249 GMT-0500,160.882,160.808,0.1,0.1
12.04.2021 08:35:40.299 GMT-0500,160.852,160.808,0.1,0.1
12.04.2021 08:35:40.752 GMT-0500,160.843,160.80700000000002,0.075,0.1
12.04.2021 08:35:40.803 GMT-0500,160.852,160.808,0.1,0.1
12.04.2021 08:35:45.441 GMT-0500,160.83200000000002,160.808,0.1,0.1
12.04.2021 08:35:45.492 GMT-0500,160.853,160.80700000000002,0.1,0.1
12.04.2021 08:35:45.542 GMT-0500,160.853,160.817,0.1,0.1
12.04.2021 08:35:45.592 GMT-0500,160.853,160.80700000000002,0.1,0.1
12.04.2021 08:35:48.225 GMT-0500,160.843,160.80700000000002,0.075,0.1
12.04.2021 08:35:48.276 GMT-0500,160.853,160.80700000000002,0.1,0.1
12.04.2021 08:35:49.116 GMT-0500,160.842,160.808,0.1,0.1
12.04.2021 08:35:49.644 GMT-0500,160.853,160.817,0.1,0.1
12.04.2021 08:35:49.745 GMT-0500,160.842,160.81799999999998,0.1,0.1
12.04.2021 08:35:50.445 GMT-0500,160.83200000000002,160.808,0.075,0.1
12.04.2021 08:35:50.496 GMT-0500,160.842,160.808,0.1,0.1
12.04.2021 08:35:52.513 GMT-0500,160.83200000000002,160.808,0.075,0.1
12.04.2021 08:35:52.563 GMT-0500,160.842,160.808,0.1,0.1
12.04.2021 08:35:55.685 GMT-0500,160.833,160.80700000000002,0.1,0.1
12.04.2021 08:35:56.034 GMT-0500,160.833,160.797,0.1,0.1
12.04.2021 08:35:56.382 GMT-0500,160.823,160.797,0.0008,0.1
12.04.2021 08:35:56.432 GMT-0500,160.83200000000002,160.798,0.1,0.1
12.04.2021 08:35:56.844 GMT-0500,160.823,160.797,0.075,0.1
12.04.2021 08:35:57.124 GMT-0500,160.83200000000002,160.798,0.1,0.1
12.04.2021 08:35:58.519 GMT-0500,160.883,160.797,0.1,0.1
12.04.2021 08:35:58.570 GMT-0500,160.852,160.798,0.1,0.1
12.04.2021 08:36:02.506 GMT-0500,160.843,160.797,0.1,0.1
12.04.2021 08:36:02.556 GMT-0500,160.842,160.78799999999998,0.1,0.1
12.04.2021 08:36:02.761 GMT-0500,160.833,160.787,0.0008,0.1
12.04.2021 08:36:04.467 GMT-0500,160.823,160.787,0.075,0.1
12.04.2021 08:36:05.104 GMT-0500,160.813,160.787,0.0008,0.1
12.04.2021 08:36:06.077 GMT-0500,160.793,160.78,0.0008,0.075
12.04.2021 08:36:06.127 GMT-0500,160.793,160.727,0.1,0.1
12.04.2021 08:36:06.503 GMT-0500,160.793,160.727,0.1,0.1
12.04.2021 08:36:06.809 GMT-0500,160.792,160.778,0.1,0.1
12.04.2021 08:36:07.329 GMT-0500,160.793,160.757,0.1,0.1
12.04.2021 08:36:07.510 GMT-0500,160.783,160.757,0.0008,0.1
12.04.2021 08:36:08.577 GMT-0500,160.782,160.748,0.1,0.1
12.04.2021 08:36:10.094 GMT-0500,160.783,160.747,0.075,0.1
12.04.2021 08:36:10.144 GMT-0500,160.813,160.747,0.1,0.1
12.04.2021 08:36:10.315 GMT-0500,160.813,160.747,0.1,0.1
12.04.2021 08:36:10.366 GMT-0500,160.872,160.748,0.1,0.1
12.04.2021 08:36:10.806 GMT-0500,160.822,160.748,0.0008,0.1
12.04.2021 08:36:12.467 GMT-0500,160.822,160.798,0.0008,0.075
12.04.2021 08:36:12.517 GMT-0500,160.863,160.787,0.1,0.1
12.04.2021 08:36:12.707 GMT-0500,160.883,160.787,0.1,0.1
12.04.2021 08:36:12.915 GMT-0500,160.86200000000002,160.78799999999998,0.075,0.1
12.04.2021 08:36:13.995 GMT-0500,160.833,160.787,0.1,0.1
12.04.2021 08:36:14.318 GMT-0500,160.863,160.787,0.1,0.1
12.04.2021 08:36:14.454 GMT-0500,160.863,160.797,0.1,0.1
12.04.2021 08:36:15.524 GMT-0500,160.863,160.817,0.1,0.075
12.04.2021 08:36:15.574 GMT-0500,160.86200000000002,160.798,0.1,0.1
12.04.2021 08:36:16.503 GMT-0500,160.873,160.797,0.1,0.1
12.04.2021 08:36:16.553 GMT-0500,160.853,160.797,0.1,0.1
12.04.2021 08:36:18.793 GMT-0500,160.872,160.798,0.1,0.1
12.04.2021 08:36:18.843 GMT-0500,160.842,160.798,0.1,0.1
12.04.2021 08:36:20.579 GMT-0500,160.833,160.797,0.0008,0.1
12.04.2021 08:36:20.630 GMT-0500,160.833,160.73700000000002,0.1,0.1
12.04.2021 08:36:20.680 GMT-0500,160.843,160.787,0.1,0.1
12.04.2021 08:36:21.082 GMT-0500,160.833,160.787,0.1,0.1
12.04.2021 08:36:21.132 GMT-0500,160.842,160.78799999999998,0.1,0.1
12.04.2021 08:36:21.467 GMT-0500,160.843,160.80700000000002,0.0008,0.075
12.04.2021 08:36:21.517 GMT-0500,160.882,160.78799999999998,0.1,0.1
12.04.2021 08:36:21.586 GMT-0500,160.86200000000002,160.78799999999998,0.075,0.1
12.04.2021 08:36:21.744 GMT-0500,160.883,160.787,0.1,0.1
12.04.2021 08:36:22.754 GMT-0500,160.842,160.78799999999998,0.075,0.1
12.04.2021 08:36:22.804 GMT-0500,160.882,160.78799999999998,0.1,0.1
12.04.2021 08:36:23.392 GMT-0500,160.882,160.78799999999998,0.1,0.1
12.04.2021 08:36:23.606 GMT-0500,160.833,160.787,0.1,0.1
12.04.2021 08:36:23.722 GMT-0500,160.883,160.787,0.1,0.1
12.04.2021 08:36:25.256 GMT-0500,160.882,160.808,0.1,0.1
12.04.2021 08:36:25.306 GMT-0500,160.883,160.787,0.1,0.1
12.04.2021 08:36:25.505 GMT-0500,160.882,160.808,0.1,0.1
12.04.2021 08:36:26.627 GMT-0500,160.842,160.78799999999998,0.1,0.1
12.04.2021 08:36:26.677 GMT-0500,160.882,160.78799999999998,0.1,0.1
12.04.2021 08:36:27.108 GMT-0500,160.882,160.81799999999998,0.1,0.075
12.04.2021 08:36:27.158 GMT-0500,160.883,160.787,0.1,0.1
12.04.2021 08:36:27.623 GMT-0500,160.863,160.787,0.075,0.1
12.04.2021 08:36:31.225 GMT-0500,160.893,160.83700000000002,0.1,0.1
12.04.2021 08:36:31.276 GMT-0500,160.89200000000002,160.78799999999998,0.1,0.1
12.04.2021 08:36:32.668 GMT-0500,160.893,160.83700000000002,0.1,0.1
12.04.2021 08:36:32.719 GMT-0500,160.893,160.797,0.1,0.1
12.04.2021 08:36:32.837 GMT-0500,160.893,160.787,0.1,0.1
12.04.2021 08:36:34.120 GMT-0500,160.893,160.77700000000002,0.1,0.1
12.04.2021 08:36:34.266 GMT-0500,160.893,160.847,0.1,0.075
12.04.2021 08:36:36.871 GMT-0500,160.89200000000002,160.798,0.1,0.1
12.04.2021 08:36:36.922 GMT-0500,160.89200000000002,160.828,0.1,0.1
12.04.2021 08:36:37.467 GMT-0500,160.882,160.828,0.0008,0.1
12.04.2021 08:36:38.272 GMT-0500,160.873,160.827,0.1,0.1
12.04.2021 08:36:38.323 GMT-0500,160.882,160.828,0.1,0.1
12.04.2021 08:36:38.553 GMT-0500,160.883,160.847,0.1,0.075
12.04.2021 08:36:38.653 GMT-0500,160.883,160.83700000000002,0.1,0.1
12.04.2021 08:36:38.704 GMT-0500,160.903,160.857,0.1,0.1
12.04.2021 08:36:38.754 GMT-0500,160.903,160.847,0.1,0.1
12.04.2021 08:36:39.243 GMT-0500,160.882,160.838,0.1,0.1
12.04.2021 08:36:39.294 GMT-0500,160.903,160.83700000000002,0.1,0.1
12.04.2021 08:36:40.236 GMT-0500,160.903,160.83700000000002,0.1,0.1
12.04.2021 08:36:40.287 GMT-0500,160.90200000000002,160.858,0.1,0.1
12.04.2021 08:36:41.373 GMT-0500,160.903,160.847,0.1,0.1
12.04.2021 08:36:42.392 GMT-0500,160.903,160.847,0.1,0.1
12.04.2021 08:36:42.881 GMT-0500,160.905,160.858,0.075,0.1
12.04.2021 08:36:42.931 GMT-0500,160.94299999999998,160.877,0.1,0.1
12.04.2021 08:36:42.981 GMT-0500,160.942,160.918,0.1,0.1
12.04.2021 08:36:43.274 GMT-0500,160.94299999999998,160.92700000000002,0.0008,0.075
12.04.2021 08:36:43.324 GMT-0500,160.983,160.92700000000002,0.1,0.1
12.04.2021 08:36:43.733 GMT-0500,161.002,160.928,0.1,0.1
12.04.2021 08:36:45.403 GMT-0500,161.002,160.938,0.1,0.075
12.04.2021 08:36:45.504 GMT-0500,161.002,160.948,0.1,0.1
12.04.2021 08:36:45.994 GMT-0500,160.96200000000002,160.84799999999998,0.075,0.1
12.04.2021 08:36:46.044 GMT-0500,161.002,160.84799999999998,0.1,0.1
12.04.2021 08:36:46.358 GMT-0500,160.952,160.898,0.075,0.075
12.04.2021 08:36:46.617 GMT-0500,161.002,160.928,0.1,0.1
12.04.2021 08:36:53.613 GMT-0500,160.982,160.898,0.0008,0.1
12.04.2021 08:36:53.664 GMT-0500,161.003,160.877,0.1,0.1
12.04.2021 08:36:53.778 GMT-0500,161.002,160.938,0.1,0.1
12.04.2021 08:36:55.100 GMT-0500,160.99200000000002,160.938,0.1,0.1
12.04.2021 08:36:55.151 GMT-0500,161.002,160.938,0.1,0.1
12.04.2021 08:36:55.947 GMT-0500,160.99200000000002,160.938,0.0008,0.1
12.04.2021 08:36:56.104 GMT-0500,161.003,160.937,0.1,0.1
12.04.2021 08:36:56.655 GMT-0500,161.003,160.95700000000002,0.1,0.1
12.04.2021 08:36:56.706 GMT-0500,161.073,161.007,0.1,0.1
12.04.2021 08:36:56.772 GMT-0500,161.033,161.007,0.1,0.1
12.04.2021 08:36:57.037 GMT-0500,161.072,161.008,0.1,0.1
12.04.2021 08:36:59.221 GMT-0500,161.033,160.937,0.075,0.1
12.04.2021 08:36:59.338 GMT-0500,161.042,160.938,0.075,0.1
12.04.2021 08:37:00.093 GMT-0500,161.023,160.937,0.1,0.1
12.04.2021 08:37:00.143 GMT-0500,161.033,160.937,0.1,0.1
12.04.2021 08:37:00.877 GMT-0500,161.013,160.937,0.1,0.1
12.04.2021 08:37:00.927 GMT-0500,161.032,160.938,0.1,0.1
12.04.2021 08:37:02.279 GMT-0500,161.003,160.937,0.075,0.1
12.04.2021 08:37:02.330 GMT-0500,161.033,160.937,0.1,0.1
12.04.2021 08:37:03.631 GMT-0500,161.003,160.937,0.0008,0.075
12.04.2021 08:37:03.681 GMT-0500,161.032,160.928,0.1,0.1
12.04.2021 08:37:03.734 GMT-0500,161.033,160.937,0.1,0.1
12.04.2021 08:37:04.016 GMT-0500,161.032,160.928,0.1,0.1
12.04.2021 08:37:07.921 GMT-0500,160.963,160.92700000000002,0.075,0.1
12.04.2021 08:37:07.971 GMT-0500,160.96200000000002,160.84799999999998,0.1,0.1
12.04.2021 08:37:08.565 GMT-0500,160.922,160.81799999999998,0.1,0.1
12.04.2021 08:37:08.710 GMT-0500,160.922,160.808,0.1,0.1
12.04.2021 08:37:09.666 GMT-0500,160.923,160.857,0.1,0.1
12.04.2021 08:37:10.731 GMT-0500,160.923,160.887,0.0008,0.075
12.04.2021 08:37:10.781 GMT-0500,160.963,160.857,0.1,0.1
12.04.2021 08:37:12.079 GMT-0500,160.953,160.857,0.1,0.1
12.04.2021 08:37:13.355 GMT-0500,160.99200000000002,160.858,0.1,0.1
12.04.2021 08:37:13.405 GMT-0500,160.96200000000002,160.858,0.1,0.1
12.04.2021 08:37:13.888 GMT-0500,160.993,160.857,0.1,0.1
12.04.2021 08:37:13.939 GMT-0500,160.972,160.858,0.075,0.1
12.04.2021 08:37:20.131 GMT-0500,160.942,160.858,0.075,0.1
12.04.2021 08:37:20.282 GMT-0500,160.912,160.858,0.1,0.1
12.04.2021 08:37:20.790 GMT-0500,160.94299999999998,160.857,0.1,0.1
12.04.2021 08:37:27.754 GMT-0500,160.94299999999998,160.857,0.075,0.1
12.04.2021 08:37:27.805 GMT-0500,160.993,160.857,0.1,0.1
12.04.2021 08:37:27.864 GMT-0500,160.952,160.858,0.075,0.1
12.04.2021 08:37:27.915 GMT-0500,160.99200000000002,160.858,0.1,0.1
12.04.2021 08:37:29.085 GMT-0500,160.953,160.857,0.1,0.1
12.04.2021 08:37:29.384 GMT-0500,160.993,160.857,0.1,0.1
12.04.2021 08:37:29.707 GMT-0500,160.99200000000002,160.908,0.1,0.075
12.04.2021 08:37:29.907 GMT-0500,160.993,160.937,0.0008,0.075
12.04.2021 08:37:29.957 GMT-0500,161.033,160.937,0.1,0.1
12.04.2021 08:37:32.013 GMT-0500,161.012,160.938,0.0008,0.1
12.04.2021 08:37:32.063 GMT-0500,161.032,160.938,0.1,0.1
12.04.2021 08:37:39.489 GMT-0500,161.032,160.978,0.1,0.1
12.04.2021 08:37:39.539 GMT-0500,161.032,160.938,0.1,0.1
12.04.2021 08:37:44.088 GMT-0500,161.002,160.938,0.0008,0.1
12.04.2021 08:37:45.081 GMT-0500,161.002,160.938,0.075,0.1
12.04.2021 08:37:45.132 GMT-0500,161.032,160.938,0.1,0.1
12.04.2021 08:37:46.488 GMT-0500,161.033,160.95700000000002,0.1,0.1
12.04.2021 08:37:48.229 GMT-0500,161.033,160.947,0.1,0.1
12.04.2021 08:37:48.483 GMT-0500,161.033,160.947,0.075,0.1
12.04.2021 08:37:48.533 GMT-0500,161.043,160.947,0.1,0.1
12.04.2021 08:37:54.028 GMT-0500,161.103,161.007,0.1,0.1
12.04.2021 08:37:54.537 GMT-0500,161.123,161.007,0.1,0.1
12.04.2021 08:37:54.876 GMT-0500,161.123,160.967,0.1,0.1
12.04.2021 08:37:55.075 GMT-0500,161.122,161.008,0.1,0.1
12.04.2021 08:37:55.220 GMT-0500,161.08200000000002,161.008,0.1,0.1
12.04.2021 08:37:57.138 GMT-0500,161.053,161.007,0.0008,0.075
12.04.2021 08:37:57.189 GMT-0500,161.05200000000002,160.958,0.1,0.1
12.04.2021 08:37:58.074 GMT-0500,161.053,160.95700000000002,0.075,0.1
12.04.2021 08:37:58.124 GMT-0500,161.08200000000002,161.008,0.1,0.1
12.04.2021 08:38:01.955 GMT-0500,161.083,161.007,0.075,0.1
12.04.2021 08:38:02.006 GMT-0500,161.123,161.007,0.1,0.1
12.04.2021 08:38:03.169 GMT-0500,161.062,161.008,0.1,0.1
12.04.2021 08:38:03.219 GMT-0500,161.123,161.007,0.1,0.1
12.04.2021 08:38:05.481 GMT-0500,161.123,161.05700000000002,0.1,0.1
12.04.2021 08:38:05.532 GMT-0500,161.103,161.007,0.1,0.1
12.04.2021 08:38:05.604 GMT-0500,161.062,160.988,0.075,0.1
12.04.2021 08:38:05.654 GMT-0500,161.053,160.937,0.1,0.1
12.04.2021 08:38:05.754 GMT-0500,161.062,160.998,0.1,0.1
12.04.2021 08:38:06.402 GMT-0500,161.083,160.997,0.1,0.1
12.04.2021 08:38:06.602 GMT-0500,161.113,160.997,0.1,0.1
12.04.2021 08:38:06.653 GMT-0500,161.073,160.997,0.1,0.1
12.04.2021 08:38:08.365 GMT-0500,161.073,160.997,0.1,0.1
12.04.2021 08:38:08.415 GMT-0500,161.073,160.997,0.1,0.1
12.04.2021 08:38:08.706 GMT-0500,161.063,160.997,0.0008,0.1
12.04.2021 08:38:09.507 GMT-0500,161.072,160.998,0.1,0.1
12.04.2021 08:38:10.769 GMT-0500,161.05200000000002,160.998,0.0008,0.1
12.04.2021 08:38:10.819 GMT-0500,161.072,160.998,0.1,0.1
12.04.2021 08:38:13.653 GMT-0500,161.063,160.997,0.1,0.1
12.04.2021 08:38:16.506 GMT-0500,161.063,160.937,0.1,0.1
12.04.2021 08:38:16.599 GMT-0500,161.062,160.998,0.1,0.075
12.04.2021 08:38:16.649 GMT-0500,161.062,160.938,0.1,0.1
12.04.2021 08:38:16.740 GMT-0500,161.063,160.98700000000002,0.1,0.075
12.04.2021 08:38:23.026 GMT-0500,161.053,160.98700000000002,0.0008,0.075
12.04.2021 08:38:23.076 GMT-0500,161.053,160.937,0.1,0.1
12.04.2021 08:38:23.154 GMT-0500,161.042,160.998,0.075,0.075
12.04.2021 08:38:23.205 GMT-0500,161.05200000000002,160.938,0.1,0.1
12.04.2021 08:38:23.275 GMT-0500,161.053,160.997,0.1,0.075
12.04.2021 08:38:23.567 GMT-0500,161.053,161.02700000000002,0.0008,0.075
12.04.2021 08:38:23.617 GMT-0500,161.122,160.998,0.1,0.1
12.04.2021 08:38:23.798 GMT-0500,161.062,160.998,0.1,0.1
12.04.2021 08:38:23.848 GMT-0500,161.123,160.997,0.1,0.1
12.04.2021 08:38:24.339 GMT-0500,161.063,160.997,0.1,0.1
12.04.2021 08:38:24.572 GMT-0500,161.122,160.998,0.1,0.1
12.04.2021 08:38:24.624 GMT-0500,161.063,160.997,0.075,0.1
12.04.2021 08:38:26.186 GMT-0500,161.092,160.998,0.1,0.1
12.04.2021 08:38:28.003 GMT-0500,161.062,160.998,0.0008,0.1
12.04.2021 08:38:28.245 GMT-0500,161.092,160.998,0.1,0.1
12.04.2021 08:38:28.495 GMT-0500,161.08200000000002,160.998,0.1,0.1
12.04.2021 08:38:28.621 GMT-0500,161.063,160.997,0.1,0.1
12.04.2021 08:38:29.769 GMT-0500,161.063,160.997,0.1,0.1
12.04.2021 08:38:33.771 GMT-0500,161.08200000000002,161.008,0.1,0.1
12.04.2021 08:38:33.822 GMT-0500,161.063,161.007,0.1,0.1
12.04.2021 08:38:35.401 GMT-0500,161.062,161.008,0.075,0.1
12.04.2021 08:38:35.451 GMT-0500,161.083,161.007,0.1,0.1
12.04.2021 08:38:35.598 GMT-0500,161.08200000000002,161.048,0.1,0.075
12.04.2021 08:38:35.648 GMT-0500,161.083,161.007,0.1,0.1
12.04.2021 08:38:38.920 GMT-0500,161.083,161.007,0.075,0.1
12.04.2021 08:38:38.970 GMT-0500,161.183,161.08700000000002,0.1,0.1
12.04.2021 08:38:39.021 GMT-0500,161.16299999999998,161.05700000000002,0.1,0.1
12.04.2021 08:38:39.249 GMT-0500,161.16299999999998,161.047,0.1,0.1
12.04.2021 08:38:39.535 GMT-0500,161.16299999999998,161.047,0.075,0.1
12.04.2021 08:38:39.585 GMT-0500,161.173,161.097,0.1,0.1
12.04.2021 08:38:39.877 GMT-0500,161.172,161.058,0.1,0.1
12.04.2021 08:38:39.963 GMT-0500,161.162,161.058,0.075,0.1
12.04.2021 08:38:41.528 GMT-0500,161.143,161.05700000000002,0.1,0.1
12.04.2021 08:38:41.579 GMT-0500,161.14200000000002,161.058,0.1,0.1
12.04.2021 08:38:41.630 GMT-0500,161.143,161.05700000000002,0.1,0.1
12.04.2021 08:38:42.095 GMT-0500,161.143,161.047,0.1,0.1
12.04.2021 08:38:42.576 GMT-0500,161.14200000000002,161.048,0.1,0.1
12.04.2021 08:38:43.561 GMT-0500,161.113,161.047,0.075,0.1
12.04.2021 08:38:43.611 GMT-0500,161.122,161.048,0.1,0.1
12.04.2021 08:38:45.043 GMT-0500,161.14200000000002,161.09799999999998,0.1,0.1
12.04.2021 08:38:45.093 GMT-0500,161.143,161.047,0.1,0.1
12.04.2021 08:38:46.594 GMT-0500,161.14200000000002,161.09799999999998,0.1,0.075
12.04.2021 08:38:46.764 GMT-0500,161.162,161.118,0.1,0.1
12.04.2021 08:38:46.814 GMT-0500,161.183,161.097,0.1,0.1
12.04.2021 08:38:47.128 GMT-0500,161.192,161.09799999999998,0.1,0.1
12.04.2021 08:38:47.333 GMT-0500,161.18200000000002,161.09799999999998,0.0008,0.1
12.04.2021 08:38:47.884 GMT-0500,161.233,161.14700000000002,0.1,0.1
12.04.2021 08:38:47.934 GMT-0500,161.21200000000002,161.148,0.1,0.1
12.04.2021 08:38:48.343 GMT-0500,161.203,161.14700000000002,0.0008,0.1
12.04.2021 08:38:48.393 GMT-0500,161.233,161.14700000000002,0.1,0.1
12.04.2021 08:38:49.151 GMT-0500,161.232,161.148,0.1,0.1
12.04.2021 08:38:50.414 GMT-0500,161.233,161.14700000000002,0.1,0.1
12.04.2021 08:38:50.921 GMT-0500,161.213,161.14700000000002,0.1,0.1
12.04.2021 08:38:52.516 GMT-0500,161.232,161.148,0.1,0.1
12.04.2021 08:38:53.144 GMT-0500,161.203,161.14700000000002,0.0008,0.1
12.04.2021 08:38:53.194 GMT-0500,161.232,161.148,0.1,0.1
12.04.2021 08:38:54.033 GMT-0500,161.203,161.14700000000002,0.1,0.1
12.04.2021 08:38:54.133 GMT-0500,161.22299999999998,161.14700000000002,0.1,0.1
12.04.2021 08:38:56.785 GMT-0500,161.213,161.14700000000002,0.075,0.1
12.04.2021 08:38:57.298 GMT-0500,161.232,161.148,0.1,0.1
12.04.2021 08:38:57.403 GMT-0500,161.232,161.188,0.1,0.1
12.04.2021 08:38:57.872 GMT-0500,161.262,161.208,0.1,0.1
12.04.2021 08:38:57.923 GMT-0500,161.252,161.188,0.1,0.1
12.04.2021 08:38:58.377 GMT-0500,161.24200000000002,161.188,0.0008,0.075
12.04.2021 08:38:58.427 GMT-0500,161.243,161.14700000000002,0.1,0.1
12.04.2021 08:38:58.478 GMT-0500,161.252,161.148,0.1,0.1
12.04.2021 08:38:58.669 GMT-0500,161.253,161.14700000000002,0.1,0.1
12.04.2021 08:39:00.642 GMT-0500,161.262,161.188,0.1,0.1
12.04.2021 08:39:01.088 GMT-0500,161.243,161.157,0.1,0.1
12.04.2021 08:39:01.138 GMT-0500,161.243,161.20700000000002,0.1,0.1
12.04.2021 08:39:01.188 GMT-0500,161.24200000000002,161.188,0.1,0.1
12.04.2021 08:39:04.448 GMT-0500,161.323,161.227,0.1,0.1
12.04.2021 08:39:04.498 GMT-0500,161.303,161.23700000000002,0.1,0.1
12.04.2021 08:39:04.612 GMT-0500,161.30200000000002,161.188,0.1,0.1
12.04.2021 08:39:04.663 GMT-0500,161.282,161.188,0.1,0.1
12.04.2021 08:39:04.805 GMT-0500,161.312,161.238,0.1,0.1
12.04.2021 08:39:04.943 GMT-0500,161.303,161.23700000000002,0.075,0.1
12.04.2021 08:39:05.341 GMT-0500,161.312,161.268,0.1,0.1
12.04.2021 08:39:05.391 GMT-0500,161.312,161.238,0.1,0.1
12.04.2021 08:39:05.563 GMT-0500,161.312,161.278,0.0008,0.075
12.04.2021 08:39:05.613 GMT-0500,161.342,161.238,0.1,0.1
12.04.2021 08:39:06.737 GMT-0500,161.312,161.238,0.0008,0.1
12.04.2021 08:39:07.490 GMT-0500,161.313,161.23700000000002,0.1,0.1
12.04.2021 08:39:07.540 GMT-0500,161.312,161.238,0.1,0.1
12.04.2021 08:39:09.818 GMT-0500,161.313,161.23700000000002,0.1,0.1
12.04.2021 08:39:09.868 GMT-0500,161.313,161.23700000000002,0.1,0.1
12.04.2021 08:39:10.075 GMT-0500,161.292,161.238,0.1,0.1
12.04.2021 08:39:10.125 GMT-0500,161.312,161.238,0.1,0.1
12.04.2021 08:39:11.115 GMT-0500,161.313,161.23700000000002,0.1,0.1
12.04.2021 08:39:11.634 GMT-0500,161.313,161.287,0.0008,0.075
12.04.2021 08:39:11.685 GMT-0500,161.353,161.27700000000002,0.1,0.1
12.04.2021 08:39:11.779 GMT-0500,161.333,161.27700000000002,0.0008,0.1
12.04.2021 08:39:12.375 GMT-0500,161.323,161.23700000000002,0.075,0.1
12.04.2021 08:39:12.426 GMT-0500,161.333,161.23700000000002,0.1,0.1
12.04.2021 08:39:12.476 GMT-0500,161.333,161.27700000000002,0.1,0.1
12.04.2021 08:39:13.338 GMT-0500,161.33200000000002,161.278,0.075,0.1
12.04.2021 08:39:13.389 GMT-0500,161.393,161.27700000000002,0.1,0.1
12.04.2021 08:39:13.834 GMT-0500,161.393,161.317,0.1,0.075
12.04.2021 08:39:13.885 GMT-0500,161.39200000000002,161.278,0.1,0.1
12.04.2021 08:39:14.142 GMT-0500,161.393,161.33700000000002,0.0008,0.075
12.04.2021 08:39:14.192 GMT-0500,161.40200000000002,161.328,0.1,0.1
12.04.2021 08:39:14.505 GMT-0500,161.393,161.327,0.0008,0.1
12.04.2021 08:39:14.802 GMT-0500,161.393,161.27700000000002,0.1,0.1
12.04.2021 08:39:14.999 GMT-0500,161.393,161.30700000000002,0.1,0.075
12.04.2021 08:39:16.355 GMT-0500,161.343,161.30700000000002,0.0008,0.075
12.04.2021 08:39:16.406 GMT-0500,161.393,161.27700000000002,0.1,0.1
12.04.2021 08:39:16.968 GMT-0500,161.363,161.27700000000002,0.1,0.1
12.04.2021 08:39:19.258 GMT-0500,161.352,161.278,0.1,0.1
12.04.2021 08:39:19.422 GMT-0500,161.343,161.23700000000002,0.1,0.1
12.04.2021 08:39:19.472 GMT-0500,161.342,161.238,0.1,0.1
12.04.2021 08:39:22.916 GMT-0500,161.343,161.23700000000002,0.1,0.1
12.04.2021 08:39:22.966 GMT-0500,161.343,161.27700000000002,0.1,0.1
12.04.2021 08:39:24.831 GMT-0500,161.393,161.27700000000002,0.1,0.1
12.04.2021 08:39:24.904 GMT-0500,161.352,161.278,0.0008,0.1
12.04.2021 08:39:24.955 GMT-0500,161.39200000000002,161.278,0.1,0.1
12.04.2021 08:39:25.017 GMT-0500,161.342,161.278,0.075,0.1
12.04.2021 08:39:27.648 GMT-0500,161.342,161.328,0.0008,0.075
12.04.2021 08:39:27.698 GMT-0500,161.382,161.328,0.1,0.1
12.04.2021 08:39:27.809 GMT-0500,161.393,161.327,0.0008,0.1
12.04.2021 08:39:29.938 GMT-0500,161.39200000000002,161.328,0.075,0.1
12.04.2021 08:39:30.089 GMT-0500,161.36200000000002,161.328,0.1,0.1
12.04.2021 08:39:32.748 GMT-0500,161.36200000000002,161.338,0.1,0.075
12.04.2021 08:39:33.198 GMT-0500,161.363,161.327,0.1,0.1
12.04.2021 08:39:33.597 GMT-0500,161.363,161.33700000000002,0.1,0.075
12.04.2021 08:39:33.647 GMT-0500,161.363,161.327,0.1,0.1
12.04.2021 08:39:34.080 GMT-0500,161.363,161.33700000000002,0.1,0.075
12.04.2021 08:39:34.130 GMT-0500,161.363,161.327,0.1,0.1
12.04.2021 08:39:34.608 GMT-0500,161.36200000000002,161.328,0.1,0.1
12.04.2021 08:39:35.012 GMT-0500,161.363,161.327,0.1,0.1
12.04.2021 08:39:35.587 GMT-0500,161.36200000000002,161.328,0.1,0.1
12.04.2021 08:39:35.789 GMT-0500,161.363,161.327,0.1,0.1
12.04.2021 08:39:35.881 GMT-0500,161.363,161.33700000000002,0.1,0.075
12.04.2021 08:39:36.346 GMT-0500,161.36200000000002,161.328,0.1,0.1
12.04.2021 08:39:36.406 GMT-0500,161.36200000000002,161.338,0.1,0.075
12.04.2021 08:39:36.693 GMT-0500,161.36200000000002,161.328,0.1,0.1
12.04.2021 08:39:39.621 GMT-0500,161.36200000000002,161.328,0.1,0.1
12.04.2021 08:39:42.554 GMT-0500,161.382,161.338,0.1,0.1
12.04.2021 08:39:42.685 GMT-0500,161.372,161.338,0.0008,0.075
12.04.2021 08:39:42.736 GMT-0500,161.382,161.328,0.1,0.1
12.04.2021 08:39:42.786 GMT-0500,161.383,161.33700000000002,0.1,0.1
12.04.2021 08:39:44.639 GMT-0500,161.363,161.33700000000002,0.0008,0.075
12.04.2021 08:39:44.689 GMT-0500,161.382,161.338,0.1,0.1
12.04.2021 08:39:45.183 GMT-0500,161.373,161.33700000000002,0.1,0.1
12.04.2021 08:39:45.377 GMT-0500,161.372,161.328,0.1,0.1
12.04.2021 08:39:45.634 GMT-0500,161.372,161.328,0.1,0.1
12.04.2021 08:39:46.334 GMT-0500,161.372,161.328,0.1,0.1
12.04.2021 08:39:46.900 GMT-0500,161.372,161.328,0.1,0.1
12.04.2021 08:39:47.181 GMT-0500,161.372,161.328,0.1,0.1
12.04.2021 08:39:47.239 GMT-0500,161.373,161.347,0.1,0.075
12.04.2021 08:39:48.350 GMT-0500,161.382,161.34799999999998,0.1,0.1
12.04.2021 08:39:48.736 GMT-0500,161.373,161.347,0.0008,0.075
12.04.2021 08:39:48.786 GMT-0500,161.373,161.327,0.1,0.1
12.04.2021 08:39:48.961 GMT-0500,161.383,161.327,0.1,0.1
12.04.2021 08:39:49.382 GMT-0500,161.382,161.34799999999998,0.1,0.075
12.04.2021 08:39:49.486 GMT-0500,161.382,161.328,0.1,0.1
12.04.2021 08:39:49.727 GMT-0500,161.382,161.358,0.1,0.1
12.04.2021 08:39:49.777 GMT-0500,161.383,161.347,0.1,0.1
12.04.2021 08:39:49.877 GMT-0500,161.403,161.347,0.1,0.1
12.04.2021 08:39:53.769 GMT-0500,161.403,161.36700000000002,0.0008,0.075
12.04.2021 08:39:53.819 GMT-0500,161.41299999999998,161.347,0.1,0.1
12.04.2021 08:39:54.103 GMT-0500,161.41299999999998,161.377,0.0008,0.075
12.04.2021 08:39:54.154 GMT-0500,161.483,161.347,0.1,0.1
12.04.2021 08:39:54.204 GMT-0500,161.422,161.34799999999998,0.1,0.1
12.04.2021 08:39:54.898 GMT-0500,161.423,161.377,0.1,0.1
12.04.2021 08:39:57.681 GMT-0500,161.513,161.417,0.1,0.1
12.04.2021 08:39:57.784 GMT-0500,161.512,161.408,0.075,0.1
12.04.2021 08:39:57.835 GMT-0500,161.52200000000002,161.408,0.1,0.1
12.04.2021 08:39:58.208 GMT-0500,161.483,161.407,0.0008,0.1
12.04.2021 08:39:58.898 GMT-0500,161.523,161.417,0.1,0.1
12.04.2021 08:39:59.028 GMT-0500,161.482,161.418,0.075,0.1
12.04.2021 08:39:59.179 GMT-0500,161.52200000000002,161.418,0.1,0.1
12.04.2021 08:39:59.246 GMT-0500,161.483,161.417,0.075,0.1
12.04.2021 08:40:00.418 GMT-0500,161.472,161.418,0.1,0.1
12.04.2021 08:40:02.321 GMT-0500,161.44299999999998,161.417,0.0008,0.1
12.04.2021 08:40:02.371 GMT-0500,161.472,161.408,0.1,0.1
12.04.2021 08:40:03.007 GMT-0500,161.472,161.34799999999998,0.1,0.1
12.04.2021 08:40:03.067 GMT-0500,161.472,161.398,0.1,0.1
12.04.2021 08:40:04.626 GMT-0500,161.452,161.408,0.075,0.1
12.04.2021 08:40:04.676 GMT-0500,161.472,161.408,0.1,0.1
12.04.2021 08:40:05.823 GMT-0500,161.472,161.448,0.0008,0.075
12.04.2021 08:40:05.873 GMT-0500,161.503,161.407,0.1,0.1
12.04.2021 08:40:06.038 GMT-0500,161.503,161.45700000000002,0.1,0.1
12.04.2021 08:40:06.186 GMT-0500,161.502,161.448,0.1,0.1
12.04.2021 08:40:06.412 GMT-0500,161.493,161.407,0.1,0.1
12.04.2021 08:40:06.462 GMT-0500,161.482,161.408,0.1,0.1
12.04.2021 08:40:06.791 GMT-0500,161.49200000000002,161.408,0.1,0.1
12.04.2021 08:40:07.628 GMT-0500,161.502,161.408,0.1,0.1
12.04.2021 08:40:07.990 GMT-0500,161.49200000000002,161.408,0.0008,0.1
12.04.2021 08:40:08.090 GMT-0500,161.503,161.407,0.1,0.1
12.04.2021 08:40:08.141 GMT-0500,161.493,161.407,0.1,0.1
12.04.2021 08:40:08.427 GMT-0500,161.472,161.408,0.1,0.1
12.04.2021 08:40:08.477 GMT-0500,161.49200000000002,161.408,0.1,0.1
12.04.2021 08:40:10.647 GMT-0500,161.463,161.39700000000002,0.075,0.1
12.04.2021 08:40:10.697 GMT-0500,161.482,161.398,0.1,0.1
12.04.2021 08:40:11.049 GMT-0500,161.472,161.408,0.075,0.075
12.04.2021 08:40:11.100 GMT-0500,161.482,161.408,0.1,0.1
12.04.2021 08:40:11.755 GMT-0500,161.482,161.378,0.1,0.1
12.04.2021 08:40:11.890 GMT-0500,161.483,161.407,0.1,0.1
12.04.2021 08:40:13.699 GMT-0500,161.49200000000002,161.408,0.1,0.1
12.04.2021 08:40:14.676 GMT-0500,161.435,161.407,0.0008,0.1
12.04.2021 08:40:14.726 GMT-0500,161.493,161.36700000000002,0.1,0.1
12.04.2021 08:40:17.584 GMT-0500,161.49200000000002,161.368,0.1,0.1
12.04.2021 08:40:17.635 GMT-0500,161.493,161.36700000000002,0.1,0.1
12.04.2021 08:40:18.141 GMT-0500,161.493,161.36700000000002,0.1,0.1
12.04.2021 08:40:18.421 GMT-0500,161.493,161.36700000000002,0.1,0.1
12.04.2021 08:40:18.473 GMT-0500,161.493,161.36700000000002,0.1,0.1
12.04.2021 08:40:18.746 GMT-0500,161.49200000000002,161.368,0.1,0.1
12.04.2021 08:40:18.796 GMT-0500,161.493,161.407,0.1,0.1
12.04.2021 08:40:18.947 GMT-0500,161.493,161.417,0.1,0.1
12.04.2021 08:40:18.998 GMT-0500,161.493,161.407,0.1,0.1
12.04.2021 08:40:19.649 GMT-0500,161.472,161.408,0.075,0.1
12.04.2021 08:40:22.423 GMT-0500,161.442,161.418,0.075,0.075
12.04.2021 08:40:22.754 GMT-0500,161.442,161.378,0.1,0.1
12.04.2021 08:40:24.713 GMT-0500,161.44299999999998,161.377,0.1,0.1
12.04.2021 08:40:24.763 GMT-0500,161.44299999999998,161.377,0.1,0.1
12.04.2021 08:40:25.027 GMT-0500,161.442,161.408,0.1,0.075
12.04.2021 08:40:25.077 GMT-0500,161.44299999999998,161.39700000000002,0.1,0.1
12.04.2021 08:40:25.270 GMT-0500,161.442,161.408,0.1,0.075
12.04.2021 08:40:25.320 GMT-0500,161.43200000000002,161.34799999999998,0.1,0.1
12.04.2021 08:40:25.370 GMT-0500,161.433,161.357,0.1,0.1
12.04.2021 08:40:25.597 GMT-0500,161.43200000000002,161.358,0.1,0.1
12.04.2021 08:40:28.317 GMT-0500,161.44299999999998,161.36700000000002,0.1,0.1
12.04.2021 08:40:29.085 GMT-0500,161.442,161.358,0.1,0.1
12.04.2021 08:40:30.515 GMT-0500,161.433,161.357,0.0008,0.1
12.04.2021 08:40:31.293 GMT-0500,161.40200000000002,161.358,0.0008,0.075
12.04.2021 08:40:31.344 GMT-0500,161.433,161.347,0.1,0.1
12.04.2021 08:40:31.688 GMT-0500,161.422,161.34799999999998,0.1,0.1
12.04.2021 08:40:31.954 GMT-0500,161.372,161.298,0.075,0.1
12.04.2021 08:40:32.004 GMT-0500,161.423,161.30700000000002,0.1,0.1
12.04.2021 08:40:32.063 GMT-0500,161.382,161.308,0.075,0.1
12.04.2021 08:40:34.301 GMT-0500,161.382,161.248,0.1,0.1
12.04.2021 08:40:34.479 GMT-0500,161.342,161.248,0.0008,0.1
12.04.2021 08:40:36.497 GMT-0500,161.323,161.23700000000002,0.075,0.1
12.04.2021 08:40:36.547 GMT-0500,161.342,161.258,0.1,0.1
12.04.2021 08:40:36.703 GMT-0500,161.343,161.23700000000002,0.1,0.1
12.04.2021 08:40:36.773 GMT-0500,161.30200000000002,161.238,0.0008,0.1
12.04.2021 08:40:36.874 GMT-0500,161.30200000000002,161.188,0.1,0.1
12.04.2021 08:40:36.935 GMT-0500,161.263,161.187,0.075,0.1
12.04.2021 08:40:43.864 GMT-0500,161.262,161.188,0.1,0.1
12.04.2021 08:40:43.965 GMT-0500,161.263,161.187,0.1,0.1
12.04.2021 08:40:44.276 GMT-0500,161.262,161.208,0.1,0.075
12.04.2021 08:40:44.326 GMT-0500,161.262,161.188,0.1,0.1
12.04.2021 08:40:44.479 GMT-0500,161.263,161.20700000000002,0.1,0.1
12.04.2021 08:40:44.530 GMT-0500,161.262,161.188,0.1,0.1
12.04.2021 08:40:44.759 GMT-0500,161.263,161.187,0.1,0.1
12.04.2021 08:40:45.394 GMT-0500,161.263,161.187,0.1,0.1
12.04.2021 08:40:45.906 GMT-0500,161.263,161.20700000000002,0.1,0.1
12.04.2021 08:40:46.211 GMT-0500,161.262,161.188,0.1,0.1
12.04.2021 08:40:46.497 GMT-0500,161.262,161.188,0.1,0.1
12.04.2021 08:40:49.464 GMT-0500,161.262,161.188,0.1,0.1
12.04.2021 08:40:49.525 GMT-0500,161.262,161.218,0.1,0.075
12.04.2021 08:40:49.576 GMT-0500,161.263,161.187,0.1,0.1
12.04.2021 08:40:49.686 GMT-0500,161.263,161.20700000000002,0.1,0.075
12.04.2021 08:40:51.490 GMT-0500,161.263,161.187,0.1,0.1
12.04.2021 08:40:52.058 GMT-0500,161.263,161.187,0.1,0.1
12.04.2021 08:40:52.108 GMT-0500,161.263,161.187,0.1,0.1
12.04.2021 08:40:52.556 GMT-0500,161.252,161.188,0.075,0.1
12.04.2021 08:40:52.606 GMT-0500,161.263,161.187,0.1,0.1
12.04.2021 08:40:52.947 GMT-0500,161.24200000000002,161.188,0.075,0.1
12.04.2021 08:40:53.357 GMT-0500,161.233,161.187,0.075,0.1
12.04.2021 08:40:53.923 GMT-0500,161.232,161.208,0.1,0.1
12.04.2021 08:40:53.974 GMT-0500,161.24200000000002,161.208,0.1,0.1
12.04.2021 08:40:57.344 GMT-0500,161.283,161.227,0.1,0.1
12.04.2021 08:40:58.152 GMT-0500,161.262,161.228,0.1,0.1
12.04.2021 08:41:07.076 GMT-0500,161.263,161.187,0.1,0.1
12.04.2021 08:41:07.943 GMT-0500,161.262,161.208,0.1,0.075
12.04.2021 08:41:08.043 GMT-0500,161.263,161.187,0.1,0.1
12.04.2021 08:41:08.897 GMT-0500,161.263,161.20700000000002,0.1,0.1
12.04.2021 08:41:11.326 GMT-0500,161.262,161.188,0.1,0.1
12.04.2021 08:41:11.520 GMT-0500,161.262,161.188,0.1,0.1
12.04.2021 08:41:13.058 GMT-0500,161.262,161.188,0.1,0.1
12.04.2021 08:41:13.112 GMT-0500,161.263,161.20700000000002,0.1,0.1
12.04.2021 08:41:13.764 GMT-0500,161.262,161.188,0.1,0.1
12.04.2021 08:41:22.835 GMT-0500,161.263,161.20700000000002,0.0008,0.075
12.04.2021 08:41:22.885 GMT-0500,161.282,161.208,0.1,0.1
12.04.2021 08:41:25.156 GMT-0500,161.283,161.187,0.1,0.1
12.04.2021 08:41:25.258 GMT-0500,161.282,161.208,0.1,0.075
12.04.2021 08:41:27.221 GMT-0500,161.283,161.23700000000002,0.0008,0.075
12.04.2021 08:41:27.272 GMT-0500,161.343,161.23700000000002,0.1,0.1
12.04.2021 08:41:27.573 GMT-0500,161.282,161.238,0.0008,0.075
12.04.2021 08:41:27.623 GMT-0500,161.342,161.208,0.1,0.1
12.04.2021 08:41:27.883 GMT-0500,161.283,161.20700000000002,0.1,0.1
12.04.2021 08:41:32.407 GMT-0500,161.262,161.198,0.075,0.1
12.04.2021 08:41:32.457 GMT-0500,161.282,161.188,0.1,0.1
12.04.2021 08:41:32.999 GMT-0500,161.263,161.14700000000002,0.075,0.1
12.04.2021 08:41:33.049 GMT-0500,161.262,161.148,0.1,0.1
12.04.2021 08:41:34.448 GMT-0500,161.243,161.14700000000002,0.075,0.1
12.04.2021 08:41:35.317 GMT-0500,161.243,161.20700000000002,0.1,0.1
12.04.2021 08:41:35.367 GMT-0500,161.243,161.14700000000002,0.1,0.1
12.04.2021 08:41:35.494 GMT-0500,161.283,161.197,0.1,0.1
12.04.2021 08:41:35.545 GMT-0500,161.282,161.148,0.1,0.1
12.04.2021 08:41:35.632 GMT-0500,161.283,161.20700000000002,0.1,0.075
12.04.2021 08:41:35.788 GMT-0500,161.283,161.14700000000002,0.1,0.1
12.04.2021 08:41:35.896 GMT-0500,161.282,161.208,0.1,0.075
12.04.2021 08:41:36.173 GMT-0500,161.282,161.148,0.1,0.1
12.04.2021 08:41:36.351 GMT-0500,161.283,161.20700000000002,0.1,0.1
12.04.2021 08:41:36.771 GMT-0500,161.282,161.148,0.1,0.1
12.04.2021 08:41:36.839 GMT-0500,161.283,161.20700000000002,0.1,0.075
12.04.2021 08:41:37.145 GMT-0500,161.283,161.197,0.1,0.1
12.04.2021 08:41:37.720 GMT-0500,161.282,161.208,0.1,0.075
12.04.2021 08:41:38.070 GMT-0500,161.283,161.197,0.1,0.1
12.04.2021 08:41:38.494 GMT-0500,161.263,161.197,0.0008,0.1
12.04.2021 08:41:39.089 GMT-0500,161.262,161.208,0.1,0.1
12.04.2021 08:41:39.139 GMT-0500,161.262,161.198,0.1,0.1
12.04.2021 08:41:39.261 GMT-0500,161.262,161.198,0.1,0.1
12.04.2021 08:41:39.743 GMT-0500,161.263,161.197,0.1,0.1
12.04.2021 08:41:43.266 GMT-0500,161.263,161.197,0.1,0.1
12.04.2021 08:41:44.609 GMT-0500,161.262,161.198,0.1,0.1
12.04.2021 08:41:44.844 GMT-0500,161.262,161.208,0.1,0.075
12.04.2021 08:41:45.612 GMT-0500,161.262,161.198,0.1,0.1
12.04.2021 08:41:45.912 GMT-0500,161.262,161.198,0.1,0.1
12.04.2021 08:41:48.319 GMT-0500,161.262,161.228,0.0008,0.075
12.04.2021 08:41:48.370 GMT-0500,161.30200000000002,161.208,0.1,0.1
12.04.2021 08:41:49.027 GMT-0500,161.322,161.208,0.1,0.1
12.04.2021 08:41:49.371 GMT-0500,161.322,161.258,0.1,0.1
12.04.2021 08:41:49.857 GMT-0500,161.282,161.258,0.0008,0.1
12.04.2021 08:41:50.570 GMT-0500,161.323,161.257,0.1,0.1
12.04.2021 08:41:50.634 GMT-0500,161.322,161.278,0.0008,0.075
12.04.2021 08:41:50.685 GMT-0500,161.342,161.278,0.1,0.1
12.04.2021 08:41:52.212 GMT-0500,161.342,161.258,0.075,0.1
12.04.2021 08:41:52.263 GMT-0500,161.343,161.26700000000002,0.1,0.1
12.04.2021 08:41:52.379 GMT-0500,161.343,161.257,0.1,0.1
12.04.2021 08:42:00.217 GMT-0500,161.343,161.297,0.1,0.075
12.04.2021 08:42:01.262 GMT-0500,161.342,161.328,0.1,0.1
12.04.2021 08:42:01.350 GMT-0500,161.39200000000002,161.328,0.1,0.1
12.04.2021 08:42:01.400 GMT-0500,161.372,161.328,0.1,0.1
12.04.2021 08:42:02.254 GMT-0500,161.372,161.34799999999998,0.0008,0.075
12.04.2021 08:42:02.323 GMT-0500,161.422,161.328,0.1,0.1
12.04.2021 08:42:03.761 GMT-0500,161.422,161.31799999999998,0.1,0.1
12.04.2021 08:42:04.499 GMT-0500,161.423,161.377,0.1,0.1
12.04.2021 08:42:05.358 GMT-0500,161.423,161.36700000000002,0.1,0.1
12.04.2021 08:42:05.689 GMT-0500,161.423,161.33700000000002,0.1,0.1
12.04.2021 08:42:05.739 GMT-0500,161.422,161.388,0.1,0.1
12.04.2021 08:42:07.166 GMT-0500,161.412,161.388,0.0008,0.1
12.04.2021 08:42:07.278 GMT-0500,161.39200000000002,161.377,0.0008,0.075
12.04.2021 08:42:07.328 GMT-0500,161.39200000000002,161.31799999999998,0.1,0.1
12.04.2021 08:42:07.989 GMT-0500,161.373,161.27700000000002,0.075,0.1
12.04.2021 08:42:08.039 GMT-0500,161.372,161.278,0.1,0.1
12.04.2021 08:42:14.551 GMT-0500,161.363,161.27700000000002,0.0008,0.1
12.04.2021 08:42:14.601 GMT-0500,161.373,161.27700000000002,0.1,0.1
12.04.2021 08:42:16.107 GMT-0500,161.352,161.278,0.075,0.1
12.04.2021 08:42:17.748 GMT-0500,161.423,161.327,0.1,0.1
12.04.2021 08:42:17.798 GMT-0500,161.393,161.327,0.1,0.1
12.04.2021 08:42:17.848 GMT-0500,161.39200000000002,161.31799999999998,0.1,0.1
12.04.2021 08:42:19.251 GMT-0500,161.422,161.31799999999998,0.1,0.1
12.04.2021 08:42:19.411 GMT-0500,161.393,161.317,0.0008,0.1
12.04.2021 08:42:19.784 GMT-0500,161.422,161.31799999999998,0.1,0.1
12.04.2021 08:42:20.847 GMT-0500,161.393,161.317,0.075,0.1
12.04.2021 08:42:20.947 GMT-0500,161.422,161.31799999999998,0.1,0.1
12.04.2021 08:42:21.042 GMT-0500,161.39200000000002,161.31799999999998,0.075,0.1
12.04.2021 08:42:26.418 GMT-0500,161.39200000000002,161.358,0.1,0.075
12.04.2021 08:42:27.174 GMT-0500,161.39200000000002,161.31799999999998,0.1,0.1
12.04.2021 08:42:27.309 GMT-0500,161.39200000000002,161.31799999999998,0.1,0.1
12.04.2021 08:42:28.855 GMT-0500,161.395,161.357,0.075,0.1
12.04.2021 08:42:28.906 GMT-0500,161.442,161.368,0.1,0.1
12.04.2021 08:42:29.127 GMT-0500,161.442,161.378,0.1,0.075
12.04.2021 08:42:31.062 GMT-0500,161.422,161.378,0.0008,0.1
12.04.2021 08:42:34.235 GMT-0500,161.423,161.317,0.1,0.1
12.04.2021 08:42:36.429 GMT-0500,161.39200000000002,161.31799999999998,0.0008,0.075
12.04.2021 08:42:36.556 GMT-0500,161.393,161.327,0.1,0.075
12.04.2021 08:42:36.606 GMT-0500,161.393,161.317,0.1,0.1
12.04.2021 08:42:37.772 GMT-0500,161.39200000000002,161.278,0.1,0.1
12.04.2021 08:42:38.357 GMT-0500,161.393,161.317,0.1,0.1
12.04.2021 08:42:39.734 GMT-0500,161.373,161.317,0.0008,0.075
12.04.2021 08:42:39.784 GMT-0500,161.372,161.278,0.1,0.1
12.04.2021 08:42:39.880 GMT-0500,161.372,161.31799999999998,0.1,0.075
12.04.2021 08:42:39.931 GMT-0500,161.373,161.27700000000002,0.1,0.1
12.04.2021 08:42:40.743 GMT-0500,161.353,161.27700000000002,0.1,0.1
12.04.2021 08:42:40.794 GMT-0500,161.372,161.278,0.1,0.1
12.04.2021 08:42:40.852 GMT-0500,161.343,161.27700000000002,0.0008,0.1
12.04.2021 08:42:43.047 GMT-0500,161.322,161.258,0.1,0.1
12.04.2021 08:42:46.062 GMT-0500,161.313,161.257,0.0008,0.1
12.04.2021 08:42:47.248 GMT-0500,161.342,161.278,0.1,0.1
12.04.2021 08:42:47.371 GMT-0500,161.343,161.257,0.1,0.1
12.04.2021 08:42:55.850 GMT-0500,161.343,161.297,0.1,0.075
12.04.2021 08:42:55.950 GMT-0500,161.342,161.258,0.1,0.1
12.04.2021 08:42:57.311 GMT-0500,161.342,161.298,0.0008,0.075
12.04.2021 08:42:57.361 GMT-0500,161.352,161.258,0.1,0.1
12.04.2021 08:43:00.986 GMT-0500,161.353,161.26700000000002,0.1,0.075
12.04.2021 08:43:04.588 GMT-0500,161.353,161.26700000000002,0.1,0.1
12.04.2021 08:43:04.638 GMT-0500,161.393,161.317,0.1,0.1
12.04.2021 08:43:04.739 GMT-0500,161.39200000000002,161.268,0.1,0.1
12.04.2021 08:43:04.789 GMT-0500,161.39200000000002,161.31799999999998,0.1,0.1
12.04.2021 08:43:04.839 GMT-0500,161.393,161.30700000000002,0.1,0.1
12.04.2021 08:43:04.923 GMT-0500,161.393,161.30700000000002,0.1,0.1
12.04.2021 08:43:04.973 GMT-0500,161.39200000000002,161.308,0.1,0.1
12.04.2021 08:43:05.023 GMT-0500,161.39200000000002,161.31799999999998,0.1,0.1
12.04.2021 08:43:08.967 GMT-0500,161.372,161.31799999999998,0.0008,0.1
12.04.2021 08:43:09.972 GMT-0500,161.372,161.268,0.1,0.1
12.04.2021 08:43:10.744 GMT-0500,161.372,161.31799999999998,0.1,0.1
12.04.2021 08:43:11.278 GMT-0500,161.373,161.26700000000002,0.1,0.1
12.04.2021 08:43:13.424 GMT-0500,161.373,161.317,0.1,0.075
12.04.2021 08:43:13.559 GMT-0500,161.352,161.31799999999998,0.0008,0.075
12.04.2021 08:43:13.609 GMT-0500,161.372,161.268,0.1,0.1
12.04.2021 08:43:15.862 GMT-0500,161.373,161.26700000000002,0.1,0.1
12.04.2021 08:43:18.272 GMT-0500,161.352,161.268,0.1,0.1
12.04.2021 08:43:18.403 GMT-0500,161.373,161.26700000000002,0.1,0.1
12.04.2021 08:43:18.582 GMT-0500,161.372,161.268,0.1,0.1
12.04.2021 08:43:19.264 GMT-0500,161.323,161.26700000000002,0.0008,0.1
12.04.2021 08:43:19.314 GMT-0500,161.363,161.257,0.1,0.1
12.04.2021 08:43:21.513 GMT-0500,161.323,161.257,0.1,0.1
12.04.2021 08:43:21.564 GMT-0500,161.363,161.257,0.1,0.1
12.04.2021 08:43:22.316 GMT-0500,161.373,161.257,0.1,0.1
12.04.2021 08:43:25.603 GMT-0500,161.333,161.257,0.0008,0.1
12.04.2021 08:43:30.561 GMT-0500,161.323,161.257,0.1,0.1
12.04.2021 08:43:30.611 GMT-0500,161.33200000000002,161.258,0.1,0.1
12.04.2021 08:43:31.096 GMT-0500,161.322,161.258,0.1,0.1
12.04.2021 08:43:31.236 GMT-0500,161.33200000000002,161.258,0.1,0.1
12.04.2021 08:43:34.902 GMT-0500,161.333,161.297,0.1,0.075
12.04.2021 08:43:34.953 GMT-0500,161.343,161.27700000000002,0.1,0.1
12.04.2021 08:43:40.124 GMT-0500,161.342,161.31799999999998,0.1,0.1
12.04.2021 08:43:40.175 GMT-0500,161.393,161.27700000000002,0.1,0.1
12.04.2021 08:43:41.928 GMT-0500,161.333,161.27700000000002,0.1,0.1
12.04.2021 08:43:44.277 GMT-0500,161.323,161.247,0.075,0.1
12.04.2021 08:43:44.327 GMT-0500,161.323,161.227,0.1,0.1
12.04.2021 08:43:44.387 GMT-0500,161.322,161.268,0.1,0.1
12.04.2021 08:43:44.915 GMT-0500,161.323,161.227,0.1,0.1
12.04.2021 08:43:48.276 GMT-0500,161.312,161.228,0.0008,0.1
12.04.2021 08:43:48.326 GMT-0500,161.322,161.228,0.1,0.1
12.04.2021 08:43:54.518 GMT-0500,161.322,161.268,0.1,0.1
12.04.2021 08:43:54.676 GMT-0500,161.322,161.228,0.1,0.1
12.04.2021 08:43:54.728 GMT-0500,161.323,161.227,0.1,0.1
12.04.2021 08:43:54.842 GMT-0500,161.322,161.268,0.075,0.1
12.04.2021 08:43:54.892 GMT-0500,161.36200000000002,161.268,0.1,0.1
12.04.2021 08:43:57.542 GMT-0500,161.36200000000002,161.268,0.1,0.1
12.04.2021 08:43:57.921 GMT-0500,161.373,161.33700000000002,0.1,0.1
12.04.2021 08:43:58.643 GMT-0500,161.375,161.347,0.0008,0.075
12.04.2021 08:43:58.694 GMT-0500,161.433,161.33700000000002,0.1,0.1
12.04.2021 08:44:01.152 GMT-0500,161.393,161.33700000000002,0.075,0.1
12.04.2021 08:44:03.689 GMT-0500,161.393,161.30700000000002,0.1,0.1
12.04.2021 08:44:03.740 GMT-0500,161.39200000000002,161.328,0.1,0.1
12.04.2021 08:44:05.099 GMT-0500,161.382,161.328,0.1,0.1
12.04.2021 08:44:05.675 GMT-0500,161.422,161.378,0.1,0.1
12.04.2021 08:44:06.108 GMT-0500,161.423,161.347,0.1,0.1
12.04.2021 08:44:06.791 GMT-0500,161.422,161.368,0.1,0.1
12.04.2021 08:44:13.780 GMT-0500,161.412,161.368,0.0008,0.1
12.04.2021 08:44:14.115 GMT-0500,161.39200000000002,161.368,0.0008,0.075
12.04.2021 08:44:14.165 GMT-0500,161.39200000000002,161.328,0.1,0.1
12.04.2021 08:44:15.727 GMT-0500,161.403,161.327,0.1,0.1
12.04.2021 08:44:15.981 GMT-0500,161.39200000000002,161.328,0.0008,0.075
12.04.2021 08:44:16.031 GMT-0500,161.393,161.30700000000002,0.1,0.1
12.04.2021 08:44:16.087 GMT-0500,161.363,161.30700000000002,0.0008,0.1
12.04.2021 08:44:20.743 GMT-0500,161.36200000000002,161.268,0.1,0.1
12.04.2021 08:44:20.919 GMT-0500,161.363,161.317,0.1,0.075
12.04.2021 08:44:20.970 GMT-0500,161.363,161.26700000000002,0.1,0.1
12.04.2021 08:44:21.356 GMT-0500,161.363,161.317,0.1,0.075
12.04.2021 08:44:22.824 GMT-0500,161.363,161.26700000000002,0.1,0.1
12.04.2021 08:44:22.924 GMT-0500,161.36200000000002,161.298,0.1,0.075
12.04.2021 08:44:23.241 GMT-0500,161.352,161.298,0.0008,0.1
12.04.2021 08:44:24.817 GMT-0500,161.353,161.317,0.1,0.075
12.04.2021 08:44:24.867 GMT-0500,161.353,161.297,0.1,0.1
12.04.2021 08:44:25.181 GMT-0500,161.363,161.297,0.1,0.1
12.04.2021 08:44:27.344 GMT-0500,161.342,161.298,0.1,0.1
12.04.2021 08:44:27.394 GMT-0500,161.363,161.297,0.1,0.1
12.04.2021 08:44:27.495 GMT-0500,161.353,161.297,0.1,0.1
12.04.2021 08:44:31.267 GMT-0500,161.342,161.298,0.0008,0.1
12.04.2021 08:44:33.553 GMT-0500,161.342,161.278,0.1,0.1
12.04.2021 08:44:40.588 GMT-0500,161.393,161.317,0.1,0.1
12.04.2021 08:44:40.688 GMT-0500,161.352,161.278,0.1,0.1
12.04.2021 08:44:40.800 GMT-0500,161.352,161.278,0.075,0.1
12.04.2021 08:44:40.851 GMT-0500,161.372,161.278,0.1,0.1
12.04.2021 08:44:58.255 GMT-0500,161.372,161.31799999999998,0.1,0.075
12.04.2021 08:44:58.355 GMT-0500,161.373,161.27700000000002,0.1,0.1
12.04.2021 08:45:00.220 GMT-0500,161.442,161.278,0.1,0.1
12.04.2021 08:45:00.271 GMT-0500,161.442,161.28799999999998,0.1,0.1
12.04.2021 08:45:00.498 GMT-0500,161.44299999999998,161.347,0.1,0.075
12.04.2021 08:45:00.599 GMT-0500,161.442,161.278,0.1,0.1
12.04.2021 08:45:00.649 GMT-0500,161.44299999999998,161.36700000000002,0.1,0.1
12.04.2021 08:45:01.909 GMT-0500,161.442,161.328,0.1,0.1
12.04.2021 08:45:01.970 GMT-0500,161.44299999999998,161.36700000000002,0.1,0.075
12.04.2021 08:45:04.710 GMT-0500,161.46200000000002,161.378,0.1,0.1
12.04.2021 08:45:04.761 GMT-0500,161.453,161.36700000000002,0.1,0.1
12.04.2021 08:45:04.897 GMT-0500,161.453,161.387,0.1,0.1
12.04.2021 08:45:05.484 GMT-0500,161.433,161.387,0.0008,0.1
12.04.2021 08:45:05.712 GMT-0500,161.453,161.387,0.1,0.1
12.04.2021 08:45:05.777 GMT-0500,161.453,161.39700000000002,0.1,0.075
12.04.2021 08:45:06.229 GMT-0500,161.463,161.42700000000002,0.1,0.1
12.04.2021 08:45:06.280 GMT-0500,161.46200000000002,161.428,0.1,0.1
12.04.2021 08:45:06.417 GMT-0500,161.46200000000002,161.428,0.1,0.1
12.04.2021 08:45:06.468 GMT-0500,161.542,161.438,0.1,0.1
12.04.2021 08:45:06.554 GMT-0500,161.502,161.438,0.075,0.1
12.04.2021 08:45:06.765 GMT-0500,161.502,161.428,0.1,0.1
12.04.2021 08:45:07.050 GMT-0500,161.543,161.42700000000002,0.1,0.1
12.04.2021 08:45:07.737 GMT-0500,161.542,161.488,0.1,0.1
12.04.2021 08:45:08.111 GMT-0500,161.55200000000002,161.488,0.1,0.1
12.04.2021 08:45:08.619 GMT-0500,161.55200000000002,161.488,0.075,0.1
12.04.2021 08:45:08.670 GMT-0500,161.583,161.48700000000002,0.1,0.1
12.04.2021 08:45:09.535 GMT-0500,161.573,161.48700000000002,0.0008,0.1
12.04.2021 08:45:09.585 GMT-0500,161.583,161.507,0.1,0.1
12.04.2021 08:45:10.802 GMT-0500,161.58200000000002,161.508,0.1,0.1
12.04.2021 08:45:11.307 GMT-0500,161.61200000000002,161.548,0.1,0.1
12.04.2021 08:45:12.187 GMT-0500,161.602,161.548,0.1,0.1
12.04.2021 08:45:15.059 GMT-0500,161.583,161.547,0.0008,0.1
12.04.2021 08:45:15.110 GMT-0500,161.592,161.488,0.1,0.1
12.04.2021 08:45:15.581 GMT-0500,161.592,161.508,0.1,0.075
12.04.2021 08:45:15.758 GMT-0500,161.562,161.488,0.1,0.1
12.04.2021 08:45:17.605 GMT-0500,161.513,161.437,0.1,0.1
12.04.2021 08:45:17.655 GMT-0500,161.532,161.438,0.1,0.1
12.04.2021 08:45:17.751 GMT-0500,161.533,161.477,0.1,0.1
12.04.2021 08:45:20.166 GMT-0500,161.553,161.477,0.1,0.1
12.04.2021 08:45:21.326 GMT-0500,161.583,161.477,0.1,0.1
12.04.2021 08:45:21.411 GMT-0500,161.55200000000002,161.478,0.0008,0.1
12.04.2021 08:45:24.254 GMT-0500,161.55200000000002,161.458,0.1,0.1
12.04.2021 08:45:24.305 GMT-0500,161.55200000000002,161.438,0.1,0.1
12.04.2021 08:45:24.367 GMT-0500,161.55200000000002,161.438,0.1,0.1
12.04.2021 08:45:24.468 GMT-0500,161.553,161.437,0.1,0.1
12.04.2021 08:45:25.019 GMT-0500,161.55200000000002,161.478,0.1,0.1
12.04.2021 08:45:25.069 GMT-0500,161.553,161.437,0.1,0.1
12.04.2021 08:45:25.123 GMT-0500,161.553,161.477,0.1,0.075
12.04.2021 08:45:28.943 GMT-0500,161.583,161.477,0.1,0.1
12.04.2021 08:45:29.009 GMT-0500,161.55200000000002,161.478,0.0008,0.1
12.04.2021 08:45:35.499 GMT-0500,161.55200000000002,161.478,0.1,0.1
12.04.2021 08:45:35.616 GMT-0500,161.583,161.497,0.1,0.1
12.04.2021 08:45:35.667 GMT-0500,161.583,161.52700000000002,0.1,0.1
12.04.2021 08:45:35.851 GMT-0500,161.643,161.52700000000002,0.1,0.1
12.04.2021 08:45:35.901 GMT-0500,161.603,161.52700000000002,0.1,0.1
12.04.2021 08:45:36.133 GMT-0500,161.603,161.52700000000002,0.075,0.1
12.04.2021 08:45:36.183 GMT-0500,161.643,161.547,0.1,0.1
12.04.2021 08:45:36.490 GMT-0500,161.593,161.52700000000002,0.075,0.1
12.04.2021 08:45:36.540 GMT-0500,161.593,161.52700000000002,0.1,0.1
12.04.2021 08:45:36.675 GMT-0500,161.593,161.51700000000002,0.1,0.1
12.04.2021 08:45:39.053 GMT-0500,161.643,161.51700000000002,0.1,0.1
12.04.2021 08:45:39.115 GMT-0500,161.602,161.518,0.075,0.1
12.04.2021 08:45:40.472 GMT-0500,161.602,161.488,0.1,0.1
12.04.2021 08:45:40.625 GMT-0500,161.593,161.48700000000002,0.0008,0.1
12.04.2021 08:45:40.675 GMT-0500,161.603,161.497,0.1,0.1
12.04.2021 08:45:42.330 GMT-0500,161.603,161.537,0.1,0.075
12.04.2021 08:45:42.431 GMT-0500,161.603,161.497,0.1,0.1
12.04.2021 08:45:49.063 GMT-0500,161.602,161.498,0.1,0.1
12.04.2021 08:45:49.219 GMT-0500,161.602,161.498,0.1,0.1
12.04.2021 08:45:54.762 GMT-0500,161.603,161.497,0.1,0.1
12.04.2021 08:45:54.812 GMT-0500,161.603,161.497,0.1,0.1
12.04.2021 08:45:55.514 GMT-0500,161.602,161.548,0.1,0.1
12.04.2021 08:46:00.353 GMT-0500,161.643,161.55700000000002,0.1,0.1
12.04.2021 08:46:00.976 GMT-0500,161.673,161.597,0.1,0.1
12.04.2021 08:46:01.027 GMT-0500,161.68200000000002,161.578,0.1,0.1
12.04.2021 08:46:01.156 GMT-0500,161.692,161.578,0.1,0.1
12.04.2021 08:46:04.015 GMT-0500,161.692,161.56799999999998,0.1,0.1
12.04.2021 08:46:04.124 GMT-0500,161.633,161.567,0.0008,0.075
12.04.2021 08:46:04.175 GMT-0500,161.64200000000002,161.548,0.1,0.1
12.04.2021 08:46:12.939 GMT-0500,161.643,161.55700000000002,0.1,0.1
12.04.2021 08:46:13.163 GMT-0500,161.643,161.58700000000002,0.0008,0.075
12.04.2021 08:46:13.214 GMT-0500,161.653,161.58700000000002,0.1,0.1
12.04.2021 08:46:15.044 GMT-0500,161.692,161.588,0.1,0.1
12.04.2021 08:46:15.866 GMT-0500,161.65200000000002,161.588,0.1,0.1
12.04.2021 08:46:20.688 GMT-0500,161.65200000000002,161.558,0.1,0.1
12.04.2021 08:46:25.638 GMT-0500,161.692,161.558,0.1,0.1
12.04.2021 08:46:26.228 GMT-0500,161.673,161.55700000000002,0.075,0.1
12.04.2021 08:46:27.760 GMT-0500,161.673,161.627,0.1,0.1
12.04.2021 08:46:27.810 GMT-0500,161.672,161.618,0.1,0.1
12.04.2021 08:46:28.933 GMT-0500,161.672,161.608,0.1,0.1
12.04.2021 08:46:28.983 GMT-0500,161.672,161.638,0.1,0.1
12.04.2021 08:46:29.159 GMT-0500,161.653,161.607,0.1,0.1
12.04.2021 08:46:29.675 GMT-0500,161.673,161.607,0.1,0.1
12.04.2021 08:46:30.169 GMT-0500,161.673,161.61700000000002,0.1,0.1
12.04.2021 08:46:30.255 GMT-0500,161.673,161.607,0.1,0.1
12.04.2021 08:46:30.813 GMT-0500,161.672,161.618,0.1,0.075
12.04.2021 08:46:31.295 GMT-0500,161.673,161.577,0.1,0.1
12.04.2021 08:46:32.220 GMT-0500,161.672,161.618,0.1,0.075
12.04.2021 08:46:32.270 GMT-0500,161.672,161.578,0.1,0.1
12.04.2021 08:46:32.335 GMT-0500,161.673,161.577,0.1,0.1
12.04.2021 08:46:32.450 GMT-0500,161.673,161.627,0.1,0.075
12.04.2021 08:46:32.807 GMT-0500,161.672,161.618,0.1,0.1
12.04.2021 08:46:33.432 GMT-0500,161.672,161.618,0.1,0.1
12.04.2021 08:46:33.601 GMT-0500,161.672,161.618,0.1,0.1
12.04.2021 08:46:33.652 GMT-0500,161.673,161.577,0.1,0.1
12.04.2021 08:46:33.729 GMT-0500,161.673,161.577,0.1,0.1
12.04.2021 08:46:33.977 GMT-0500,161.672,161.578,0.1,0.1
12.04.2021 08:46:34.185 GMT-0500,161.65200000000002,161.56799999999998,0.1,0.1
12.04.2021 08:46:34.625 GMT-0500,161.672,161.56799999999998,0.1,0.1
12.04.2021 08:46:34.686 GMT-0500,161.653,161.567,0.075,0.1
12.04.2021 08:46:34.787 GMT-0500,161.673,161.567,0.1,0.1
12.04.2021 08:46:34.869 GMT-0500,161.65200000000002,161.578,0.075,0.075
12.04.2021 08:46:35.149 GMT-0500,161.673,161.577,0.1,0.1
12.04.2021 08:46:37.368 GMT-0500,161.673,161.61700000000002,0.1,0.1
12.04.2021 08:46:38.410 GMT-0500,161.653,161.61700000000002,0.0008,0.075
12.04.2021 08:46:38.460 GMT-0500,161.672,161.578,0.1,0.1
12.04.2021 08:46:38.702 GMT-0500,161.672,161.578,0.1,0.1
12.04.2021 08:46:39.529 GMT-0500,161.662,161.618,0.1,0.1
12.04.2021 08:46:40.815 GMT-0500,161.66299999999998,161.577,0.1,0.1
12.04.2021 08:46:40.927 GMT-0500,161.662,161.578,0.1,0.1
12.04.2021 08:46:43.552 GMT-0500,161.71200000000002,161.638,0.1,0.1
12.04.2021 08:46:43.722 GMT-0500,161.692,161.618,0.1,0.1
12.04.2021 08:46:44.320 GMT-0500,161.69299999999998,161.667,0.1,0.1
12.04.2021 08:46:44.370 GMT-0500,161.69299999999998,161.61700000000002,0.1,0.1
12.04.2021 08:46:45.079 GMT-0500,161.673,161.61700000000002,0.0008,0.1
12.04.2021 08:46:45.179 GMT-0500,161.69299999999998,161.61700000000002,0.1,0.1
12.04.2021 08:46:45.286 GMT-0500,161.713,161.61700000000002,0.1,0.1
12.04.2021 08:46:45.538 GMT-0500,161.69299999999998,161.61700000000002,0.075,0.1
12.04.2021 08:46:47.062 GMT-0500,161.692,161.618,0.1,0.1
12.04.2021 08:46:47.163 GMT-0500,161.71200000000002,161.628,0.1,0.1
12.04.2021 08:46:47.911 GMT-0500,161.71200000000002,161.638,0.1,0.1
12.04.2021 08:46:47.961 GMT-0500,161.71200000000002,161.618,0.1,0.1
12.04.2021 08:46:48.098 GMT-0500,161.692,161.618,0.0008,0.1
12.04.2021 08:46:48.381 GMT-0500,161.713,161.61700000000002,0.1,0.1
12.04.2021 08:46:48.431 GMT-0500,161.713,161.627,0.1,0.1
12.04.2021 08:46:51.997 GMT-0500,161.683,161.627,0.0008,0.1
12.04.2021 08:46:52.325 GMT-0500,161.65200000000002,161.628,0.1,0.1
12.04.2021 08:46:52.420 GMT-0500,161.662,161.628,0.1,0.1
12.04.2021 08:46:52.839 GMT-0500,161.69299999999998,161.627,0.1,0.1
12.04.2021 08:46:54.702 GMT-0500,161.65200000000002,161.578,0.075,0.1
12.04.2021 08:46:54.752 GMT-0500,161.66299999999998,161.577,0.1,0.1
12.04.2021 08:46:55.094 GMT-0500,161.643,161.577,0.0008,0.1
12.04.2021 08:46:55.494 GMT-0500,161.64200000000002,161.635,0.0008,0.075
12.04.2021 08:46:55.544 GMT-0500,161.68200000000002,161.618,0.1,0.1
12.04.2021 08:46:55.620 GMT-0500,161.673,161.61700000000002,0.0008,0.1
12.04.2021 08:46:56.267 GMT-0500,161.66299999999998,161.58700000000002,0.075,0.1
12.04.2021 08:46:56.318 GMT-0500,161.66299999999998,161.58700000000002,0.1,0.1
12.04.2021 08:46:56.436 GMT-0500,161.662,161.588,0.1,0.1
12.04.2021 08:46:56.486 GMT-0500,161.673,161.607,0.1,0.1
12.04.2021 08:46:56.564 GMT-0500,161.662,161.578,0.075,0.1
12.04.2021 08:46:56.664 GMT-0500,161.673,161.607,0.1,0.1
12.04.2021 08:46:57.279 GMT-0500,161.662,161.608,0.0008,0.1
12.04.2021 08:46:57.380 GMT-0500,161.672,161.618,0.1,0.1
12.04.2021 08:46:57.752 GMT-0500,161.66299999999998,161.577,0.1,0.1
12.04.2021 08:46:57.802 GMT-0500,161.66299999999998,161.577,0.1,0.1
12.04.2021 08:46:58.240 GMT-0500,161.66299999999998,161.607,0.1,0.1
12.04.2021 08:46:58.290 GMT-0500,161.493,161.387,0.1,0.1
12.04.2021 08:46:58.340 GMT-0500,161.532,161.438,0.1,0.1
12.04.2021 08:46:58.450 GMT-0500,161.563,161.467,0.1,0.1
12.04.2021 08:46:58.592 GMT-0500,161.543,161.45700000000002,0.075,0.1
12.04.2021 08:46:58.643 GMT-0500,161.542,161.458,0.1,0.1
12.04.2021 08:46:58.792 GMT-0500,161.572,161.458,0.1,0.1
12.04.2021 08:46:58.842 GMT-0500,161.543,161.45700000000002,0.1,0.1
12.04.2021 08:46:58.892 GMT-0500,161.573,161.45700000000002,0.1,0.1
12.04.2021 08:46:58.975 GMT-0500,161.572,161.458,0.1,0.1
12.04.2021 08:46:59.710 GMT-0500,161.542,161.458,0.075,0.1
12.04.2021 08:46:59.760 GMT-0500,161.542,161.458,0.1,0.1
12.04.2021 08:46:59.810 GMT-0500,161.563,161.497,0.1,0.1
12.04.2021 08:46:59.861 GMT-0500,161.563,161.45700000000002,0.1,0.1
12.04.2021 08:46:59.947 GMT-0500,161.562,161.498,0.1,0.075
12.04.2021 08:47:00.132 GMT-0500,161.543,161.497,0.0008,0.1
12.04.2021 08:47:01.543 GMT-0500,161.573,161.497,0.1,0.1
12.04.2021 08:47:01.594 GMT-0500,161.573,161.51700000000002,0.1,0.1
12.04.2021 08:47:01.644 GMT-0500,161.602,161.528,0.1,0.1
12.04.2021 08:47:01.850 GMT-0500,161.572,161.498,0.1,0.1
12.04.2021 08:47:02.160 GMT-0500,161.603,161.497,0.1,0.1
12.04.2021 08:47:02.260 GMT-0500,161.602,161.498,0.1,0.1
12.04.2021 08:47:02.727 GMT-0500,161.572,161.528,0.0008,0.1
12.04.2021 08:47:02.777 GMT-0500,161.602,161.528,0.1,0.1
12.04.2021 08:47:02.886 GMT-0500,161.572,161.528,0.075,0.1
12.04.2021 08:47:02.936 GMT-0500,161.603,161.52700000000002,0.1,0.1
12.04.2021 08:47:03.699 GMT-0500,161.602,161.548,0.0008,0.075
12.04.2021 08:47:03.749 GMT-0500,161.613,161.547,0.1,0.1
12.04.2021 08:47:03.800 GMT-0500,161.613,161.52700000000002,0.1,0.1
12.04.2021 08:47:03.874 GMT-0500,161.613,161.52700000000002,0.1,0.1
12.04.2021 08:47:05.241 GMT-0500,161.662,161.548,0.1,0.1
12.04.2021 08:47:05.292 GMT-0500,161.61200000000002,161.548,0.0008,0.1
12.04.2021 08:47:05.691 GMT-0500,161.66299999999998,161.547,0.1,0.1
12.04.2021 08:47:06.125 GMT-0500,161.662,161.588,0.1,0.1
12.04.2021 08:47:07.568 GMT-0500,161.66299999999998,161.547,0.1,0.1
12.04.2021 08:47:10.163 GMT-0500,161.662,161.608,0.1,0.075
12.04.2021 08:47:10.245 GMT-0500,161.683,161.607,0.1,0.1
12.04.2021 08:47:10.618 GMT-0500,161.683,161.547,0.1,0.1
12.04.2021 08:47:10.733 GMT-0500,161.68200000000002,161.608,0.1,0.075
12.04.2021 08:47:11.494 GMT-0500,161.653,161.597,0.1,0.1
12.04.2021 08:47:11.544 GMT-0500,161.653,161.58700000000002,0.1,0.1
12.04.2021 08:47:11.595 GMT-0500,161.653,161.55700000000002,0.1,0.1
12.04.2021 08:47:12.305 GMT-0500,161.69299999999998,161.55700000000002,0.1,0.1
12.04.2021 08:47:14.659 GMT-0500,161.68200000000002,161.645,0.075,0.075
12.04.2021 08:47:14.893 GMT-0500,161.69299999999998,161.64700000000002,0.1,0.1
12.04.2021 08:47:15.078 GMT-0500,161.673,161.64700000000002,0.1,0.1
12.04.2021 08:47:15.129 GMT-0500,161.69299999999998,161.64700000000002,0.1,0.1
12.04.2021 08:47:15.596 GMT-0500,161.703,161.64700000000002,0.1,0.1
12.04.2021 08:47:18.796 GMT-0500,161.69299999999998,161.64700000000002,0.0008,0.1
12.04.2021 08:47:20.527 GMT-0500,161.692,161.648,0.075,0.1
12.04.2021 08:47:20.578 GMT-0500,161.702,161.648,0.1,0.1
12.04.2021 08:47:24.732 GMT-0500,161.692,161.648,0.0008,0.1
12.04.2021 08:47:24.782 GMT-0500,161.703,161.607,0.1,0.1
12.04.2021 08:47:25.022 GMT-0500,161.635,161.597,0.075,0.1
12.04.2021 08:47:25.072 GMT-0500,161.662,161.59799999999998,0.1,0.1
12.04.2021 08:47:33.605 GMT-0500,161.662,161.608,0.1,0.1
12.04.2021 08:47:36.438 GMT-0500,161.622,161.6,0.0008,0.075
12.04.2021 08:47:36.489 GMT-0500,161.662,161.508,0.1,0.1
12.04.2021 08:47:36.540 GMT-0500,161.653,161.507,0.1,0.1
12.04.2021 08:47:39.956 GMT-0500,161.602,161.508,0.1,0.1
12.04.2021 08:47:40.006 GMT-0500,161.65200000000002,161.508,0.1,0.1
12.04.2021 08:47:40.098 GMT-0500,161.61200000000002,161.508,0.0008,0.1
12.04.2021 08:47:40.211 GMT-0500,161.572,161.508,0.075,0.1
12.04.2021 08:47:40.367 GMT-0500,161.572,161.458,0.1,0.1
12.04.2021 08:47:41.470 GMT-0500,161.562,161.458,0.075,0.1
12.04.2021 08:47:41.596 GMT-0500,161.562,161.428,0.1,0.1
12.04.2021 08:47:41.796 GMT-0500,161.483,161.407,0.075,0.1
12.04.2021 08:47:41.846 GMT-0500,161.52200000000002,161.408,0.1,0.1
12.04.2021 08:47:45.356 GMT-0500,161.563,161.407,0.1,0.1
12.04.2021 08:47:45.712 GMT-0500,161.523,161.407,0.1,0.1
12.04.2021 08:47:46.096 GMT-0500,161.502,161.408,0.1,0.1
12.04.2021 08:47:46.373 GMT-0500,161.483,161.407,0.075,0.1
12.04.2021 08:47:49.171 GMT-0500,161.572,161.488,0.1,0.1
12.04.2021 08:47:49.271 GMT-0500,161.573,161.447,0.1,0.1
12.04.2021 08:47:49.529 GMT-0500,161.572,161.448,0.1,0.1
12.04.2021 08:47:51.107 GMT-0500,161.543,161.477,0.1,0.1
12.04.2021 08:47:53.155 GMT-0500,161.542,161.448,0.1,0.1
12.04.2021 08:47:53.205 GMT-0500,161.542,161.478,0.1,0.1
12.04.2021 08:47:53.503 GMT-0500,161.543,161.48700000000002,0.1,0.1
12.04.2021 08:47:53.765 GMT-0500,161.542,161.448,0.1,0.1
12.04.2021 08:47:53.857 GMT-0500,161.542,161.478,0.1,0.075
12.04.2021 08:47:54.597 GMT-0500,161.542,161.448,0.1,0.1
12.04.2021 08:47:54.777 GMT-0500,161.543,161.477,0.1,0.075
12.04.2021 08:47:55.215 GMT-0500,161.543,161.447,0.1,0.1
12.04.2021 08:47:55.334 GMT-0500,161.542,161.478,0.1,0.075
12.04.2021 08:47:56.539 GMT-0500,161.542,161.448,0.1,0.1
12.04.2021 08:47:56.675 GMT-0500,161.543,161.477,0.1,0.075
12.04.2021 08:47:57.123 GMT-0500,161.503,161.407,0.1,0.1
12.04.2021 08:47:59.980 GMT-0500,161.503,161.45700000000002,0.0008,0.075
12.04.2021 08:48:00.030 GMT-0500,161.483,161.407,0.1,0.1
12.04.2021 08:48:00.081 GMT-0500,161.523,161.407,0.1,0.1
12.04.2021 08:48:00.133 GMT-0500,161.49200000000002,161.408,0.0008,0.1
12.04.2021 08:48:00.183 GMT-0500,161.52200000000002,161.408,0.1,0.1
12.04.2021 08:48:00.279 GMT-0500,161.493,161.407,0.1,0.1
12.04.2021 08:48:00.329 GMT-0500,161.52200000000002,161.408,0.1,0.1
12.04.2021 08:48:00.528 GMT-0500,161.503,161.407,0.075,0.1
12.04.2021 08:48:01.003 GMT-0500,161.52200000000002,161.408,0.1,0.1
12.04.2021 08:48:01.131 GMT-0500,161.503,161.407,0.0008,0.1
12.04.2021 08:48:01.231 GMT-0500,161.512,161.408,0.1,0.1
12.04.2021 08:48:01.637 GMT-0500,161.493,161.407,0.0008,0.1
12.04.2021 08:48:01.757 GMT-0500,161.482,161.408,0.1,0.1
12.04.2021 08:48:01.891 GMT-0500,161.483,161.39700000000002,0.1,0.1
12.04.2021 08:48:02.351 GMT-0500,161.463,161.39700000000002,0.0008,0.1
12.04.2021 08:48:02.581 GMT-0500,161.46200000000002,161.398,0.075,0.1
12.04.2021 08:48:02.632 GMT-0500,161.513,161.447,0.1,0.1
12.04.2021 08:48:02.804 GMT-0500,161.513,161.45700000000002,0.1,0.1
12.04.2021 08:48:03.062 GMT-0500,161.512,161.448,0.1,0.1
12.04.2021 08:48:03.145 GMT-0500,161.513,161.45700000000002,0.1,0.1
12.04.2021 08:48:03.195 GMT-0500,161.512,161.448,0.1,0.1
12.04.2021 08:48:03.342 GMT-0500,161.512,161.458,0.1,0.075
12.04.2021 08:48:03.595 GMT-0500,161.512,161.448,0.1,0.1
12.04.2021 08:48:03.954 GMT-0500,161.513,161.407,0.1,0.1
12.04.2021 08:48:05.594 GMT-0500,161.46200000000002,161.368,0.1,0.1
12.04.2021 08:48:06.651 GMT-0500,161.463,161.357,0.1,0.1
12.04.2021 08:48:09.348 GMT-0500,161.463,161.357,0.1,0.1
12.04.2021 08:48:09.452 GMT-0500,161.46200000000002,161.398,0.1,0.1
12.04.2021 08:48:09.834 GMT-0500,161.46200000000002,161.398,0.1,0.1
12.04.2021 08:48:11.101 GMT-0500,161.46200000000002,161.408,0.075,0.1
12.04.2021 08:48:11.151 GMT-0500,161.512,161.418,0.1,0.1
12.04.2021 08:48:11.202 GMT-0500,161.46200000000002,161.418,0.1,0.1
12.04.2021 08:48:11.415 GMT-0500,161.513,161.417,0.1,0.1
12.04.2021 08:48:11.605 GMT-0500,161.463,161.417,0.0008,0.1
12.04.2021 08:48:11.794 GMT-0500,161.463,161.417,0.075,0.1
12.04.2021 08:48:11.844 GMT-0500,161.513,161.42700000000002,0.1,0.1
12.04.2021 08:48:11.912 GMT-0500,161.46200000000002,161.428,0.0008,0.1
12.04.2021 08:48:12.342 GMT-0500,161.46200000000002,161.418,0.1,0.1
12.04.2021 08:48:13.319 GMT-0500,161.513,161.42700000000002,0.1,0.1
12.04.2021 08:48:13.477 GMT-0500,161.513,161.417,0.1,0.1
12.04.2021 08:48:13.705 GMT-0500,161.513,161.437,0.1,0.1
12.04.2021 08:48:14.349 GMT-0500,161.513,161.447,0.1,0.1
12.04.2021 08:48:14.399 GMT-0500,161.513,161.45700000000002,0.1,0.1
12.04.2021 08:48:15.884 GMT-0500,161.553,161.45700000000002,0.1,0.1
12.04.2021 08:48:15.935 GMT-0500,161.523,161.467,0.1,0.1
12.04.2021 08:48:16.542 GMT-0500,161.553,161.477,0.1,0.1
12.04.2021 08:48:16.595 GMT-0500,161.52200000000002,161.478,0.1,0.1
12.04.2021 08:48:17.157 GMT-0500,161.55200000000002,161.478,0.1,0.1
12.04.2021 08:48:17.769 GMT-0500,161.52200000000002,161.478,0.075,0.1
12.04.2021 08:48:17.819 GMT-0500,161.553,161.477,0.1,0.1
12.04.2021 08:48:19.368 GMT-0500,161.542,161.478,0.0008,0.1
12.04.2021 08:48:19.605 GMT-0500,161.553,161.477,0.1,0.1
12.04.2021 08:48:19.795 GMT-0500,161.55200000000002,161.488,0.1,0.1
12.04.2021 08:48:19.899 GMT-0500,161.55200000000002,161.498,0.1,0.1
12.04.2021 08:48:21.313 GMT-0500,161.573,161.497,0.1,0.1
12.04.2021 08:48:23.028 GMT-0500,161.573,161.497,0.1,0.1
12.04.2021 08:48:24.039 GMT-0500,161.572,161.518,0.1,0.075
12.04.2021 08:48:24.089 GMT-0500,161.573,161.507,0.1,0.1
12.04.2021 08:48:24.463 GMT-0500,161.573,161.507,0.1,0.1
12.04.2021 08:48:24.719 GMT-0500,161.573,161.537,0.0008,0.075
12.04.2021 08:48:24.770 GMT-0500,161.583,161.52700000000002,0.1,0.1
12.04.2021 08:48:25.527 GMT-0500,161.603,161.547,0.1,0.1
12.04.2021 08:48:25.711 GMT-0500,161.593,161.547,0.1,0.1
12.04.2021 08:48:27.325 GMT-0500,161.602,161.548,0.1,0.1
12.04.2021 08:48:27.469 GMT-0500,161.592,161.548,0.0008,0.1
12.04.2021 08:48:27.519 GMT-0500,161.603,161.547,0.1,0.1
12.04.2021 08:48:28.523 GMT-0500,161.593,161.547,0.0008,0.1
12.04.2021 08:48:28.574 GMT-0500,161.603,161.547,0.1,0.1
12.04.2021 08:48:33.374 GMT-0500,161.603,161.567,0.1,0.1
12.04.2021 08:48:33.424 GMT-0500,161.602,161.528,0.1,0.1
12.04.2021 08:48:37.836 GMT-0500,161.55200000000002,161.528,0.0008,0.075
12.04.2021 08:48:37.887 GMT-0500,161.602,161.488,0.1,0.1
12.04.2021 08:48:37.940 GMT-0500,161.562,161.488,0.075,0.1
12.04.2021 08:48:37.990 GMT-0500,161.602,161.458,0.1,0.1
12.04.2021 08:48:38.068 GMT-0500,161.573,161.45700000000002,0.0008,0.1
12.04.2021 08:48:38.264 GMT-0500,161.573,161.51700000000002,0.1,0.075
12.04.2021 08:48:39.237 GMT-0500,161.583,161.51700000000002,0.1,0.1
12.04.2021 08:48:39.636 GMT-0500,161.573,161.51700000000002,0.0008,0.1
12.04.2021 08:48:39.687 GMT-0500,161.58200000000002,161.518,0.1,0.1
12.04.2021 08:48:39.852 GMT-0500,161.573,161.497,0.1,0.075
12.04.2021 08:48:39.903 GMT-0500,161.573,161.48700000000002,0.1,0.1
12.04.2021 08:48:42.187 GMT-0500,161.572,161.53799999999998,0.1,0.075
12.04.2021 08:48:42.237 GMT-0500,161.573,161.48700000000002,0.1,0.1
12.04.2021 08:48:44.567 GMT-0500,161.573,161.547,0.0008,0.075
12.04.2021 08:48:44.618 GMT-0500,161.603,161.547,0.1,0.1
12.04.2021 08:48:47.824 GMT-0500,161.573,161.48700000000002,0.075,0.1
12.04.2021 08:48:47.874 GMT-0500,161.572,161.488,0.1,0.1
12.04.2021 08:48:47.974 GMT-0500,161.603,161.48700000000002,0.1,0.1
12.04.2021 08:48:48.026 GMT-0500,161.583,161.48700000000002,0.075,0.1
12.04.2021 08:48:50.572 GMT-0500,161.58200000000002,161.488,0.075,0.1
12.04.2021 08:48:50.674 GMT-0500,161.602,161.548,0.1,0.1
12.04.2021 08:48:50.725 GMT-0500,161.602,161.548,0.1,0.1
12.04.2021 08:48:52.288 GMT-0500,161.592,161.548,0.0008,0.1
12.04.2021 08:48:52.338 GMT-0500,161.602,161.548,0.1,0.1
12.04.2021 08:48:53.028 GMT-0500,161.603,161.55700000000002,0.1,0.075
12.04.2021 08:48:55.039 GMT-0500,161.66299999999998,161.537,0.1,0.1
12.04.2021 08:48:56.032 GMT-0500,161.66299999999998,161.537,0.1,0.1
