Local time,Ask,Bid,AskVolume,BidVolume
13.04.2021 08:30:00.138 GMT-0500,157.303,156.297,0.001,0.1
13.04.2021 08:30:00.717 GMT-0500,156.793,156.52700000000002,0.1,0.1
13.04.2021 08:30:01.089 GMT-0500,156.883,156.797,0.1,0.1
13.04.2021 08:30:04.861 GMT-0500,157.592,156.668,0.075,0.1
13.04.2021 08:30:05.413 GMT-0500,157.583,156.667,0.075,0.1
13.04.2021 08:30:05.514 GMT-0500,157.593,156.667,0.1,0.1
13.04.2021 08:30:06.381 GMT-0500,157.593,156.727,0.1,0.1
13.04.2021 08:30:06.431 GMT-0500,157.592,156.858,0.1,0.1
13.04.2021 08:30:06.539 GMT-0500,157.093,156.857,0.1,0.1
13.04.2021 08:30:06.704 GMT-0500,156.94299999999998,156.857,0.075,0.1
13.04.2021 08:30:06.755 GMT-0500,157.093,156.857,0.1,0.1
13.04.2021 08:30:06.934 GMT-0500,157.593,156.857,0.1,0.1
13.04.2021 08:30:07.234 GMT-0500,157.592,156.928,0.1,0.075
13.04.2021 08:30:08.131 GMT-0500,157.002,156.528,0.1,0.1
13.04.2021 08:30:08.232 GMT-0500,157.122,156.958,0.1,0.1
13.04.2021 08:30:08.282 GMT-0500,157.123,156.877,0.1,0.1
13.04.2021 08:30:08.383 GMT-0500,157.122,156.898,0.1,0.1
13.04.2021 08:30:08.433 GMT-0500,157.002,156.528,0.1,0.1
13.04.2021 08:30:08.533 GMT-0500,157.002,156.918,0.1,0.1
13.04.2021 08:30:08.584 GMT-0500,157.013,156.917,0.1,0.1
13.04.2021 08:30:08.684 GMT-0500,157.122,156.918,0.1,0.1
13.04.2021 08:30:09.122 GMT-0500,157.623,156.917,0.1,0.1
13.04.2021 08:30:09.222 GMT-0500,157.623,156.95700000000002,0.1,0.1
13.04.2021 08:30:09.273 GMT-0500,157.623,156.917,0.1,0.1
13.04.2021 08:30:09.385 GMT-0500,157.002,156.918,0.075,0.1
13.04.2021 08:30:09.485 GMT-0500,157.002,156.888,0.1,0.1
13.04.2021 08:30:09.541 GMT-0500,157.002,156.918,0.1,0.075
13.04.2021 08:30:09.957 GMT-0500,157.622,156.918,0.1,0.1
13.04.2021 08:30:10.052 GMT-0500,157.273,156.917,0.0008,0.075
13.04.2021 08:30:10.160 GMT-0500,157.672,156.81799999999998,0.1,0.1
13.04.2021 08:30:10.455 GMT-0500,157.673,156.817,0.1,0.075
13.04.2021 08:30:10.916 GMT-0500,157.623,156.817,0.1,0.1
13.04.2021 08:30:11.215 GMT-0500,157.673,156.857,0.1,0.1
13.04.2021 08:30:11.325 GMT-0500,157.673,156.817,0.1,0.075
13.04.2021 08:30:11.744 GMT-0500,157.622,156.81799999999998,0.1,0.1
13.04.2021 08:30:12.106 GMT-0500,157.622,156.81799999999998,0.1,0.1
13.04.2021 08:30:12.220 GMT-0500,157.622,156.928,0.1,0.075
13.04.2021 08:30:12.627 GMT-0500,157.613,156.92700000000002,0.075,0.1
13.04.2021 08:30:12.677 GMT-0500,157.622,156.928,0.1,0.1
13.04.2021 08:30:13.169 GMT-0500,157.613,156.92700000000002,0.0008,0.1
13.04.2021 08:30:13.270 GMT-0500,157.622,156.928,0.1,0.1
13.04.2021 08:30:13.411 GMT-0500,157.622,156.928,0.1,0.1
13.04.2021 08:30:13.461 GMT-0500,157.622,156.928,0.1,0.1
13.04.2021 08:30:13.816 GMT-0500,157.613,156.92700000000002,0.0008,0.1
13.04.2021 08:30:14.540 GMT-0500,157.623,156.92700000000002,0.1,0.1
13.04.2021 08:30:14.997 GMT-0500,157.613,156.92700000000002,0.1,0.1
13.04.2021 08:30:15.277 GMT-0500,157.622,156.928,0.1,0.1
13.04.2021 08:30:15.585 GMT-0500,157.623,156.947,0.1,0.075
13.04.2021 08:30:15.915 GMT-0500,157.61200000000002,156.928,0.1,0.1
13.04.2021 08:30:16.002 GMT-0500,157.14000000000001,156.928,0.075,0.1
13.04.2021 08:30:16.123 GMT-0500,157.622,156.958,0.1,0.1
13.04.2021 08:30:16.227 GMT-0500,157.623,156.967,0.1,0.1
13.04.2021 08:30:16.281 GMT-0500,157.623,156.98700000000002,0.1,0.1
13.04.2021 08:30:16.548 GMT-0500,157.61200000000002,156.988,0.075,0.1
13.04.2021 08:30:16.648 GMT-0500,157.622,156.988,0.1,0.1
13.04.2021 08:30:16.918 GMT-0500,157.623,156.98700000000002,0.075,0.1
13.04.2021 08:30:16.968 GMT-0500,157.673,157.037,0.1,0.1
13.04.2021 08:30:17.018 GMT-0500,157.672,157.078,0.1,0.1
13.04.2021 08:30:17.119 GMT-0500,157.66299999999998,157.077,0.1,0.1
13.04.2021 08:30:17.215 GMT-0500,157.673,157.077,0.1,0.1
13.04.2021 08:30:17.266 GMT-0500,157.843,157.077,0.1,0.1
13.04.2021 08:30:17.460 GMT-0500,157.842,157.108,0.1,0.075
13.04.2021 08:30:17.653 GMT-0500,157.833,157.107,0.075,0.1
13.04.2021 08:30:18.013 GMT-0500,157.843,157.107,0.1,0.1
13.04.2021 08:30:18.087 GMT-0500,157.792,157.108,0.075,0.1
13.04.2021 08:30:18.137 GMT-0500,157.793,157.077,0.1,0.1
13.04.2021 08:30:18.188 GMT-0500,157.843,157.157,0.1,0.1
13.04.2021 08:30:18.289 GMT-0500,157.842,157.248,0.1,0.1
13.04.2021 08:30:18.571 GMT-0500,157.833,157.247,0.1,0.1
13.04.2021 08:30:18.621 GMT-0500,157.843,157.247,0.1,0.1
13.04.2021 08:30:18.897 GMT-0500,157.843,157.247,0.1,0.1
13.04.2021 08:30:18.947 GMT-0500,157.843,157.247,0.1,0.1
13.04.2021 08:30:19.162 GMT-0500,157.833,157.247,0.0008,0.1
13.04.2021 08:30:19.438 GMT-0500,157.843,157.247,0.1,0.1
13.04.2021 08:30:19.538 GMT-0500,157.843,157.30700000000002,0.1,0.1
13.04.2021 08:30:19.802 GMT-0500,157.842,157.308,0.1,0.1
13.04.2021 08:30:19.852 GMT-0500,157.842,157.308,0.1,0.1
13.04.2021 08:30:19.902 GMT-0500,157.83200000000002,157.34799999999998,0.1,0.1
13.04.2021 08:30:19.953 GMT-0500,157.842,157.308,0.1,0.1
13.04.2021 08:30:20.318 GMT-0500,157.843,157.357,0.1,0.1
13.04.2021 08:30:20.502 GMT-0500,157.833,157.36700000000002,0.0008,0.1
13.04.2021 08:30:20.603 GMT-0500,157.83200000000002,157.388,0.1,0.1
13.04.2021 08:30:20.653 GMT-0500,157.842,157.368,0.1,0.1
13.04.2021 08:30:21.088 GMT-0500,157.842,157.378,0.1,0.1
13.04.2021 08:30:21.271 GMT-0500,157.643,157.447,0.1,0.1
13.04.2021 08:30:21.711 GMT-0500,157.633,157.447,0.0008,0.1
13.04.2021 08:30:21.862 GMT-0500,157.843,157.447,0.1,0.1
13.04.2021 08:30:22.040 GMT-0500,157.603,157.447,0.1,0.1
13.04.2021 08:30:22.090 GMT-0500,157.843,157.447,0.1,0.1
13.04.2021 08:30:22.317 GMT-0500,157.83200000000002,157.468,0.075,0.075
13.04.2021 08:30:22.368 GMT-0500,157.843,157.447,0.1,0.1
13.04.2021 08:30:22.418 GMT-0500,157.603,157.447,0.1,0.1
13.04.2021 08:30:22.718 GMT-0500,157.602,157.458,0.1,0.1
13.04.2021 08:30:23.114 GMT-0500,157.602,157.478,0.1,0.075
13.04.2021 08:30:23.165 GMT-0500,157.61200000000002,157.458,0.1,0.1
13.04.2021 08:30:23.314 GMT-0500,157.613,157.507,0.1,0.1
13.04.2021 08:30:23.364 GMT-0500,157.613,157.45700000000002,0.1,0.1
13.04.2021 08:30:23.420 GMT-0500,157.61200000000002,157.458,0.1,0.1
13.04.2021 08:30:23.564 GMT-0500,157.602,157.478,0.075,0.1
13.04.2021 08:30:23.664 GMT-0500,157.613,157.477,0.1,0.1
13.04.2021 08:30:23.789 GMT-0500,157.603,157.477,0.0008,0.1
13.04.2021 08:30:23.839 GMT-0500,157.61200000000002,157.458,0.1,0.1
13.04.2021 08:30:23.977 GMT-0500,157.753,157.45700000000002,0.075,0.1
13.04.2021 08:30:24.078 GMT-0500,157.843,157.51700000000002,0.1,0.1
13.04.2021 08:30:24.128 GMT-0500,157.593,157.45700000000002,0.1,0.1
13.04.2021 08:30:24.245 GMT-0500,157.593,157.507,0.1,0.1
13.04.2021 08:30:24.386 GMT-0500,157.65200000000002,157.508,0.1,0.1
13.04.2021 08:30:25.344 GMT-0500,157.65200000000002,157.548,0.1,0.075
13.04.2021 08:30:25.394 GMT-0500,157.65200000000002,157.508,0.1,0.1
13.04.2021 08:30:25.495 GMT-0500,157.65200000000002,157.578,0.1,0.1
13.04.2021 08:30:25.545 GMT-0500,157.653,157.547,0.1,0.1
13.04.2021 08:30:26.009 GMT-0500,157.603,157.51700000000002,0.1,0.1
13.04.2021 08:30:26.060 GMT-0500,157.653,157.51700000000002,0.1,0.1
13.04.2021 08:30:26.321 GMT-0500,157.65200000000002,157.518,0.1,0.1
13.04.2021 08:30:26.372 GMT-0500,157.65200000000002,157.508,0.1,0.1
13.04.2021 08:30:26.422 GMT-0500,157.653,157.51700000000002,0.1,0.075
13.04.2021 08:30:26.523 GMT-0500,157.65200000000002,157.56799999999998,0.1,0.1
13.04.2021 08:30:26.573 GMT-0500,157.65200000000002,157.518,0.1,0.1
13.04.2021 08:30:26.624 GMT-0500,157.732,157.59799999999998,0.1,0.1
13.04.2021 08:30:26.696 GMT-0500,157.702,157.478,0.1,0.1
13.04.2021 08:30:26.747 GMT-0500,157.702,157.56799999999998,0.1,0.1
13.04.2021 08:30:26.998 GMT-0500,157.842,157.558,0.1,0.1
13.04.2021 08:30:27.048 GMT-0500,157.753,157.55700000000002,0.1,0.1
13.04.2021 08:30:27.558 GMT-0500,157.752,157.618,0.1,0.1
13.04.2021 08:30:27.659 GMT-0500,157.83200000000002,157.698,0.1,0.1
13.04.2021 08:30:27.759 GMT-0500,157.803,157.567,0.1,0.1
13.04.2021 08:30:27.809 GMT-0500,157.843,157.747,0.1,0.1
13.04.2021 08:30:27.860 GMT-0500,157.843,157.70700000000002,0.1,0.1
13.04.2021 08:30:27.910 GMT-0500,157.80200000000002,157.708,0.1,0.1
13.04.2021 08:30:27.960 GMT-0500,157.843,157.70700000000002,0.1,0.1
13.04.2021 08:30:28.010 GMT-0500,157.80200000000002,157.708,0.1,0.1
13.04.2021 08:30:28.061 GMT-0500,157.842,157.708,0.1,0.1
13.04.2021 08:30:28.111 GMT-0500,157.80200000000002,157.708,0.1,0.1
13.04.2021 08:30:29.004 GMT-0500,157.80200000000002,157.768,0.0008,0.075
13.04.2021 08:30:29.055 GMT-0500,157.842,157.78799999999998,0.1,0.1
13.04.2021 08:30:29.106 GMT-0500,157.852,157.758,0.1,0.1
13.04.2021 08:30:29.206 GMT-0500,157.853,157.627,0.1,0.1
13.04.2021 08:30:30.053 GMT-0500,157.853,157.70700000000002,0.1,0.075
13.04.2021 08:30:30.154 GMT-0500,157.852,157.718,0.1,0.1
13.04.2021 08:30:30.204 GMT-0500,157.853,157.70700000000002,0.1,0.1
13.04.2021 08:30:30.704 GMT-0500,157.852,157.718,0.1,0.075
13.04.2021 08:30:30.755 GMT-0500,157.852,157.358,0.1,0.1
13.04.2021 08:30:30.805 GMT-0500,157.853,157.36700000000002,0.1,0.1
13.04.2021 08:30:31.102 GMT-0500,157.853,157.787,0.0008,0.1
13.04.2021 08:30:31.152 GMT-0500,157.91299999999998,157.787,0.1,0.1
13.04.2021 08:30:31.877 GMT-0500,157.91299999999998,157.83700000000002,0.1,0.075
13.04.2021 08:30:31.928 GMT-0500,157.91299999999998,157.787,0.1,0.1
13.04.2021 08:30:32.564 GMT-0500,157.91299999999998,157.83700000000002,0.1,0.075
13.04.2021 08:30:32.664 GMT-0500,158.353,157.83700000000002,0.1,0.1
13.04.2021 08:30:32.715 GMT-0500,158.363,157.83700000000002,0.1,0.1
13.04.2021 08:30:32.765 GMT-0500,157.99200000000002,157.838,0.1,0.1
13.04.2021 08:30:33.357 GMT-0500,157.99200000000002,157.868,0.1,0.1
13.04.2021 08:30:33.801 GMT-0500,158.042,157.878,0.1,0.1
13.04.2021 08:30:33.851 GMT-0500,158.043,157.887,0.1,0.1
13.04.2021 08:30:35.378 GMT-0500,158.043,157.887,0.1,0.1
13.04.2021 08:30:35.428 GMT-0500,158.042,157.888,0.1,0.1
13.04.2021 08:30:35.661 GMT-0500,158.042,157.888,0.1,0.1
13.04.2021 08:30:35.762 GMT-0500,157.972,157.908,0.1,0.1
13.04.2021 08:30:35.812 GMT-0500,158.042,157.908,0.1,0.1
13.04.2021 08:30:36.239 GMT-0500,158.003,157.907,0.1,0.1
13.04.2021 08:30:36.340 GMT-0500,158.002,157.878,0.1,0.1
13.04.2021 08:30:36.391 GMT-0500,157.982,157.878,0.1,0.1
13.04.2021 08:30:37.254 GMT-0500,157.982,157.918,0.1,0.1
13.04.2021 08:30:37.304 GMT-0500,158.352,157.958,0.1,0.1
13.04.2021 08:30:37.355 GMT-0500,158.05200000000002,157.958,0.1,0.1
13.04.2021 08:30:37.405 GMT-0500,158.363,157.977,0.1,0.1
13.04.2021 08:30:37.456 GMT-0500,158.042,158.008,0.1,0.1
13.04.2021 08:30:37.506 GMT-0500,158.103,157.977,0.1,0.1
13.04.2021 08:30:37.604 GMT-0500,158.103,158.007,0.1,0.1
13.04.2021 08:30:37.654 GMT-0500,158.21200000000002,157.978,0.1,0.1
13.04.2021 08:30:37.704 GMT-0500,158.11200000000002,157.978,0.0008,0.1
13.04.2021 08:30:37.974 GMT-0500,158.123,157.977,0.1,0.1
13.04.2021 08:30:38.834 GMT-0500,158.05200000000002,157.978,0.1,0.1
13.04.2021 08:30:38.884 GMT-0500,158.123,157.977,0.1,0.1
13.04.2021 08:30:39.088 GMT-0500,158.122,157.968,0.1,0.1
13.04.2021 08:30:39.145 GMT-0500,158.083,157.967,0.0008,0.1
13.04.2021 08:30:39.195 GMT-0500,158.123,157.877,0.1,0.1
13.04.2021 08:30:39.491 GMT-0500,158.123,157.967,0.1,0.075
13.04.2021 08:30:39.541 GMT-0500,158.122,157.868,0.1,0.1
13.04.2021 08:30:39.591 GMT-0500,158.113,157.86700000000002,0.1,0.1
13.04.2021 08:30:39.642 GMT-0500,158.123,157.86700000000002,0.1,0.1
13.04.2021 08:30:39.727 GMT-0500,158.122,157.878,0.1,0.075
13.04.2021 08:30:39.777 GMT-0500,158.363,157.877,0.1,0.1
13.04.2021 08:30:39.828 GMT-0500,158.05200000000002,157.868,0.1,0.1
13.04.2021 08:30:40.063 GMT-0500,158.05200000000002,157.908,0.1,0.075
13.04.2021 08:30:40.114 GMT-0500,158.053,157.357,0.1,0.1
13.04.2021 08:30:40.164 GMT-0500,158.053,157.817,0.1,0.1
13.04.2021 08:30:40.271 GMT-0500,158.05200000000002,157.838,0.1,0.1
13.04.2021 08:30:40.321 GMT-0500,158.05200000000002,157.868,0.1,0.1
13.04.2021 08:30:40.443 GMT-0500,158.053,157.847,0.1,0.075
13.04.2021 08:30:41.001 GMT-0500,158.053,157.917,0.1,0.075
13.04.2021 08:30:41.052 GMT-0500,158.053,157.86700000000002,0.1,0.1
13.04.2021 08:30:41.185 GMT-0500,158.053,157.827,0.1,0.1
13.04.2021 08:30:41.235 GMT-0500,158.05200000000002,157.858,0.1,0.1
13.04.2021 08:30:41.348 GMT-0500,158.05200000000002,157.828,0.1,0.1
13.04.2021 08:30:41.399 GMT-0500,158.042,157.858,0.1,0.1
13.04.2021 08:30:41.449 GMT-0500,158.05200000000002,157.858,0.1,0.1
13.04.2021 08:30:41.596 GMT-0500,157.93200000000002,157.858,0.0008,0.075
13.04.2021 08:30:41.647 GMT-0500,157.933,157.797,0.1,0.1
13.04.2021 08:30:41.747 GMT-0500,158.033,157.797,0.1,0.1
13.04.2021 08:30:41.797 GMT-0500,157.923,157.797,0.1,0.1
13.04.2021 08:30:42.118 GMT-0500,157.922,157.358,0.1,0.1
13.04.2021 08:30:42.168 GMT-0500,157.922,157.718,0.1,0.1
13.04.2021 08:30:42.270 GMT-0500,157.923,157.747,0.1,0.1
13.04.2021 08:30:42.440 GMT-0500,157.923,157.357,0.1,0.1
13.04.2021 08:30:42.491 GMT-0500,157.922,157.668,0.1,0.1
13.04.2021 08:30:42.541 GMT-0500,157.922,157.358,0.1,0.1
13.04.2021 08:30:42.603 GMT-0500,157.923,157.687,0.1,0.075
13.04.2021 08:30:42.653 GMT-0500,157.922,157.358,0.1,0.1
13.04.2021 08:30:42.811 GMT-0500,157.922,157.735,0.1,0.075
13.04.2021 08:30:42.978 GMT-0500,157.912,157.738,0.1,0.1
13.04.2021 08:30:43.178 GMT-0500,157.912,157.738,0.1,0.1
13.04.2021 08:30:43.229 GMT-0500,157.912,157.738,0.1,0.1
13.04.2021 08:30:43.329 GMT-0500,157.912,157.778,0.1,0.075
13.04.2021 08:30:44.826 GMT-0500,157.91299999999998,157.757,0.1,0.1
13.04.2021 08:30:45.316 GMT-0500,157.803,157.757,0.0008,0.075
13.04.2021 08:30:45.366 GMT-0500,157.90200000000002,157.578,0.1,0.1
13.04.2021 08:30:45.550 GMT-0500,157.74200000000002,157.56799999999998,0.1,0.1
13.04.2021 08:30:45.600 GMT-0500,157.91299999999998,157.567,0.1,0.1
13.04.2021 08:30:45.701 GMT-0500,157.91299999999998,157.70700000000002,0.1,0.1
13.04.2021 08:30:45.917 GMT-0500,157.872,157.578,0.1,0.1
13.04.2021 08:30:45.967 GMT-0500,157.873,157.577,0.1,0.1
13.04.2021 08:30:46.018 GMT-0500,157.873,157.717,0.1,0.1
13.04.2021 08:30:46.179 GMT-0500,157.912,157.718,0.1,0.1
13.04.2021 08:30:46.455 GMT-0500,157.883,157.717,0.075,0.1
13.04.2021 08:30:46.602 GMT-0500,157.912,157.718,0.1,0.1
13.04.2021 08:30:47.506 GMT-0500,157.91299999999998,157.70700000000002,0.1,0.1
13.04.2021 08:30:47.716 GMT-0500,157.91299999999998,157.85,0.0008,0.075
13.04.2021 08:30:47.817 GMT-0500,157.923,157.817,0.1,0.1
13.04.2021 08:30:47.948 GMT-0500,157.933,157.817,0.1,0.1
13.04.2021 08:30:49.187 GMT-0500,158.122,157.828,0.1,0.1
13.04.2021 08:30:49.238 GMT-0500,158.123,157.817,0.1,0.1
13.04.2021 08:30:49.288 GMT-0500,158.032,157.81799999999998,0.075,0.1
13.04.2021 08:30:49.779 GMT-0500,158.033,157.817,0.1,0.1
13.04.2021 08:30:49.952 GMT-0500,158.032,157.898,0.1,0.075
13.04.2021 08:30:50.002 GMT-0500,158.032,157.888,0.1,0.1
13.04.2021 08:30:50.159 GMT-0500,157.94299999999998,157.887,0.075,0.1
13.04.2021 08:30:50.209 GMT-0500,157.933,157.70700000000002,0.1,0.1
13.04.2021 08:30:50.275 GMT-0500,157.933,157.797,0.1,0.075
13.04.2021 08:30:50.326 GMT-0500,158.122,157.708,0.1,0.1
13.04.2021 08:30:50.376 GMT-0500,157.933,157.70700000000002,0.1,0.1
13.04.2021 08:30:50.745 GMT-0500,157.86200000000002,157.708,0.075,0.1
13.04.2021 08:30:50.795 GMT-0500,157.933,157.70700000000002,0.1,0.1
13.04.2021 08:30:51.148 GMT-0500,157.923,157.70700000000002,0.1,0.1
13.04.2021 08:30:51.198 GMT-0500,157.93200000000002,157.708,0.1,0.1
13.04.2021 08:30:51.295 GMT-0500,157.833,157.70700000000002,0.0008,0.1
13.04.2021 08:30:51.345 GMT-0500,157.933,157.697,0.1,0.1
13.04.2021 08:30:51.796 GMT-0500,157.922,157.708,0.1,0.1
13.04.2021 08:30:51.846 GMT-0500,157.93200000000002,157.638,0.1,0.1
13.04.2021 08:30:51.897 GMT-0500,157.823,157.627,0.1,0.1
13.04.2021 08:30:51.947 GMT-0500,157.883,157.627,0.1,0.1
13.04.2021 08:30:52.306 GMT-0500,157.883,157.687,0.1,0.1
13.04.2021 08:30:52.356 GMT-0500,157.933,157.687,0.1,0.1
13.04.2021 08:30:52.411 GMT-0500,157.93200000000002,157.688,0.1,0.1
13.04.2021 08:30:52.512 GMT-0500,157.93200000000002,157.728,0.1,0.1
13.04.2021 08:30:52.677 GMT-0500,157.933,157.73700000000002,0.1,0.1
13.04.2021 08:30:52.784 GMT-0500,157.923,157.637,0.1,0.1
13.04.2021 08:30:52.835 GMT-0500,157.93200000000002,157.648,0.1,0.1
13.04.2021 08:30:52.985 GMT-0500,157.852,157.658,0.1,0.1
13.04.2021 08:30:53.285 GMT-0500,157.72299999999998,157.567,0.075,0.1
13.04.2021 08:30:53.336 GMT-0500,157.722,157.608,0.1,0.1
13.04.2021 08:30:53.672 GMT-0500,157.72299999999998,157.567,0.1,0.1
13.04.2021 08:30:53.723 GMT-0500,157.662,157.56799999999998,0.1,0.1
13.04.2021 08:30:53.773 GMT-0500,157.722,157.56799999999998,0.1,0.1
13.04.2021 08:30:55.184 GMT-0500,157.615,157.567,0.0008,0.1
13.04.2021 08:30:55.234 GMT-0500,157.553,157.387,0.1,0.1
13.04.2021 08:30:55.285 GMT-0500,157.722,157.378,0.1,0.1
13.04.2021 08:30:55.335 GMT-0500,157.72299999999998,157.48700000000002,0.1,0.1
13.04.2021 08:30:55.441 GMT-0500,157.722,157.418,0.1,0.1
13.04.2021 08:30:55.515 GMT-0500,157.563,157.417,0.0008,0.1
13.04.2021 08:30:55.565 GMT-0500,157.722,157.418,0.1,0.1
13.04.2021 08:30:55.666 GMT-0500,157.72299999999998,157.467,0.1,0.1
13.04.2021 08:30:55.988 GMT-0500,157.722,157.418,0.1,0.1
13.04.2021 08:30:56.394 GMT-0500,157.72299999999998,157.417,0.1,0.1
13.04.2021 08:30:56.444 GMT-0500,157.722,157.418,0.1,0.1
13.04.2021 08:30:56.544 GMT-0500,157.683,157.377,0.1,0.1
13.04.2021 08:30:56.595 GMT-0500,157.683,157.36700000000002,0.1,0.1
13.04.2021 08:30:56.910 GMT-0500,157.673,157.497,0.075,0.075
13.04.2021 08:30:57.049 GMT-0500,157.66299999999998,157.497,0.1,0.1
13.04.2021 08:30:57.166 GMT-0500,157.72299999999998,157.497,0.1,0.1
13.04.2021 08:30:57.544 GMT-0500,157.722,157.468,0.1,0.1
13.04.2021 08:30:57.594 GMT-0500,157.722,157.518,0.1,0.1
13.04.2021 08:30:57.960 GMT-0500,157.722,157.53799999999998,0.1,0.075
13.04.2021 08:30:58.061 GMT-0500,157.72299999999998,157.52700000000002,0.1,0.1
13.04.2021 08:30:58.378 GMT-0500,157.72299999999998,157.51700000000002,0.1,0.1
13.04.2021 08:31:01.631 GMT-0500,157.722,157.578,0.1,0.075
13.04.2021 08:31:01.912 GMT-0500,157.72299999999998,157.637,0.1,0.075
13.04.2021 08:31:01.962 GMT-0500,157.722,157.518,0.1,0.1
13.04.2021 08:31:02.134 GMT-0500,157.702,157.518,0.1,0.1
13.04.2021 08:31:02.563 GMT-0500,157.703,157.51700000000002,0.1,0.1
13.04.2021 08:31:02.614 GMT-0500,157.703,157.51700000000002,0.1,0.1
13.04.2021 08:31:02.668 GMT-0500,157.702,157.578,0.1,0.075
13.04.2021 08:31:02.768 GMT-0500,157.703,157.51700000000002,0.1,0.1
13.04.2021 08:31:02.838 GMT-0500,157.702,157.578,0.1,0.075
13.04.2021 08:31:03.352 GMT-0500,157.702,157.518,0.1,0.1
13.04.2021 08:31:03.403 GMT-0500,157.692,157.398,0.1,0.1
13.04.2021 08:31:03.503 GMT-0500,157.722,157.398,0.1,0.1
13.04.2021 08:31:03.555 GMT-0500,157.68200000000002,157.368,0.075,0.1
13.04.2021 08:31:03.656 GMT-0500,157.722,157.478,0.1,0.1
13.04.2021 08:31:03.706 GMT-0500,157.72299999999998,157.42700000000002,0.1,0.1
13.04.2021 08:31:03.806 GMT-0500,157.722,157.438,0.1,0.1
13.04.2021 08:31:03.862 GMT-0500,157.722,157.418,0.1,0.1
13.04.2021 08:31:03.975 GMT-0500,157.72299999999998,157.467,0.1,0.075
13.04.2021 08:31:04.026 GMT-0500,157.722,157.418,0.1,0.1
13.04.2021 08:31:04.076 GMT-0500,157.713,157.417,0.075,0.1
13.04.2021 08:31:04.177 GMT-0500,157.72299999999998,157.437,0.1,0.1
13.04.2021 08:31:04.313 GMT-0500,157.722,157.448,0.1,0.075
13.04.2021 08:31:04.414 GMT-0500,157.493,157.357,0.1,0.1
13.04.2021 08:31:04.464 GMT-0500,157.523,157.26700000000002,0.1,0.1
13.04.2021 08:31:04.514 GMT-0500,157.52200000000002,157.358,0.1,0.1
13.04.2021 08:31:04.665 GMT-0500,157.523,157.36700000000002,0.1,0.1
13.04.2021 08:31:04.715 GMT-0500,157.52200000000002,157.358,0.1,0.1
13.04.2021 08:31:04.991 GMT-0500,157.52200000000002,157.328,0.1,0.1
13.04.2021 08:31:05.134 GMT-0500,157.52200000000002,157.358,0.1,0.1
13.04.2021 08:31:05.185 GMT-0500,157.523,157.327,0.1,0.1
13.04.2021 08:31:05.237 GMT-0500,157.523,157.357,0.1,0.075
13.04.2021 08:31:05.288 GMT-0500,157.523,157.327,0.1,0.1
13.04.2021 08:31:05.338 GMT-0500,157.523,157.357,0.1,0.1
13.04.2021 08:31:05.388 GMT-0500,157.523,157.327,0.1,0.1
13.04.2021 08:31:05.522 GMT-0500,157.523,157.357,0.1,0.075
13.04.2021 08:31:05.790 GMT-0500,157.52200000000002,157.328,0.1,0.1
13.04.2021 08:31:06.070 GMT-0500,157.47299999999998,157.327,0.1,0.1
13.04.2021 08:31:06.120 GMT-0500,157.52200000000002,157.328,0.1,0.1
13.04.2021 08:31:07.148 GMT-0500,157.502,157.328,0.0008,0.1
13.04.2021 08:31:07.369 GMT-0500,157.47299999999998,157.33700000000002,0.1,0.1
13.04.2021 08:31:07.420 GMT-0500,157.512,157.338,0.1,0.1
13.04.2021 08:31:07.687 GMT-0500,157.463,157.317,0.075,0.1
13.04.2021 08:31:07.825 GMT-0500,157.323,157.127,0.1,0.1
13.04.2021 08:31:07.875 GMT-0500,157.323,157.127,0.1,0.1
13.04.2021 08:31:07.928 GMT-0500,157.323,157.197,0.1,0.075
13.04.2021 08:31:08.174 GMT-0500,157.322,157.128,0.1,0.1
13.04.2021 08:31:08.224 GMT-0500,157.322,157.178,0.1,0.1
13.04.2021 08:31:08.571 GMT-0500,157.323,157.227,0.1,0.1
13.04.2021 08:31:08.672 GMT-0500,157.313,157.227,0.1,0.1
13.04.2021 08:31:08.722 GMT-0500,157.322,157.228,0.1,0.1
13.04.2021 08:31:08.837 GMT-0500,157.322,157.138,0.1,0.1
13.04.2021 08:31:08.887 GMT-0500,157.323,157.14700000000002,0.1,0.1
13.04.2021 08:31:08.938 GMT-0500,157.323,157.137,0.1,0.1
13.04.2021 08:31:08.988 GMT-0500,157.323,157.14700000000002,0.1,0.1
13.04.2021 08:31:09.127 GMT-0500,157.383,157.137,0.1,0.1
13.04.2021 08:31:09.177 GMT-0500,157.382,157.138,0.1,0.1
13.04.2021 08:31:09.227 GMT-0500,157.382,157.268,0.1,0.1
13.04.2021 08:31:09.278 GMT-0500,157.383,157.23700000000002,0.1,0.1
13.04.2021 08:31:10.459 GMT-0500,157.382,157.248,0.1,0.075
13.04.2021 08:31:11.008 GMT-0500,157.433,157.247,0.1,0.1
13.04.2021 08:31:11.059 GMT-0500,157.383,157.247,0.075,0.1
13.04.2021 08:31:11.109 GMT-0500,157.433,157.247,0.1,0.1
13.04.2021 08:31:11.194 GMT-0500,157.382,157.298,0.075,0.075
13.04.2021 08:31:11.559 GMT-0500,157.41299999999998,157.317,0.1,0.1
13.04.2021 08:31:11.659 GMT-0500,157.563,157.467,0.1,0.1
13.04.2021 08:31:11.760 GMT-0500,157.49200000000002,157.31799999999998,0.1,0.1
13.04.2021 08:31:11.999 GMT-0500,157.453,157.317,0.0008,0.1
13.04.2021 08:31:13.434 GMT-0500,157.382,157.338,0.075,0.075
13.04.2021 08:31:13.484 GMT-0500,157.453,157.33700000000002,0.1,0.1
13.04.2021 08:31:14.918 GMT-0500,157.383,157.33700000000002,0.1,0.1
13.04.2021 08:31:15.018 GMT-0500,157.453,157.317,0.1,0.1
13.04.2021 08:31:18.501 GMT-0500,157.39200000000002,157.31799999999998,0.0008,0.1
13.04.2021 08:31:18.552 GMT-0500,157.452,157.31799999999998,0.1,0.1
13.04.2021 08:31:18.714 GMT-0500,157.39200000000002,157.31799999999998,0.075,0.1
13.04.2021 08:31:18.765 GMT-0500,157.452,157.31799999999998,0.1,0.1
13.04.2021 08:31:18.833 GMT-0500,157.393,157.317,0.0008,0.1
13.04.2021 08:31:18.933 GMT-0500,157.453,157.317,0.1,0.1
13.04.2021 08:31:18.984 GMT-0500,157.393,157.317,0.1,0.1
13.04.2021 08:31:19.077 GMT-0500,157.453,157.317,0.1,0.1
13.04.2021 08:31:19.228 GMT-0500,157.393,157.317,0.1,0.1
13.04.2021 08:31:19.343 GMT-0500,157.393,157.327,0.075,0.1
13.04.2021 08:31:19.393 GMT-0500,157.453,157.327,0.1,0.1
13.04.2021 08:31:19.588 GMT-0500,157.39200000000002,157.328,0.0008,0.1
13.04.2021 08:31:19.739 GMT-0500,157.452,157.328,0.1,0.1
13.04.2021 08:31:20.224 GMT-0500,157.393,157.327,0.0008,0.1
13.04.2021 08:31:20.274 GMT-0500,157.452,157.328,0.1,0.1
13.04.2021 08:31:20.552 GMT-0500,157.393,157.327,0.075,0.1
13.04.2021 08:31:20.603 GMT-0500,157.452,157.328,0.1,0.1
13.04.2021 08:31:21.125 GMT-0500,157.403,157.327,0.1,0.1
13.04.2021 08:31:21.744 GMT-0500,157.342,157.198,0.075,0.1
13.04.2021 08:31:21.794 GMT-0500,157.342,157.198,0.1,0.1
13.04.2021 08:31:21.845 GMT-0500,157.342,157.218,0.1,0.1
13.04.2021 08:31:22.249 GMT-0500,157.292,157.218,0.1,0.1
13.04.2021 08:31:22.593 GMT-0500,157.293,157.197,0.1,0.1
13.04.2021 08:31:22.804 GMT-0500,157.262,157.198,0.075,0.1
13.04.2021 08:31:22.854 GMT-0500,157.253,157.137,0.1,0.1
13.04.2021 08:31:22.923 GMT-0500,157.252,157.148,0.1,0.1
13.04.2021 08:31:23.135 GMT-0500,157.22299999999998,157.14700000000002,0.1,0.1
13.04.2021 08:31:23.186 GMT-0500,157.252,157.148,0.1,0.1
13.04.2021 08:31:23.508 GMT-0500,157.203,157.127,0.075,0.1
13.04.2021 08:31:23.558 GMT-0500,157.203,157.077,0.1,0.1
13.04.2021 08:31:23.609 GMT-0500,157.14200000000002,157.048,0.1,0.1
13.04.2021 08:31:23.659 GMT-0500,157.202,157.048,0.1,0.1
13.04.2021 08:31:23.793 GMT-0500,157.133,157.047,0.075,0.1
13.04.2021 08:31:24.325 GMT-0500,157.202,157.048,0.1,0.1
13.04.2021 08:31:24.375 GMT-0500,157.14200000000002,157.048,0.1,0.1
13.04.2021 08:31:24.498 GMT-0500,157.133,157.047,0.1,0.1
13.04.2021 08:31:25.318 GMT-0500,157.133,157.01700000000002,0.1,0.1
13.04.2021 08:31:26.476 GMT-0500,157.132,157.028,0.1,0.075
13.04.2021 08:31:26.898 GMT-0500,157.133,156.997,0.1,0.1
13.04.2021 08:31:26.949 GMT-0500,157.132,157.03799999999998,0.1,0.075
13.04.2021 08:31:27.511 GMT-0500,157.053,157.037,0.0008,0.075
13.04.2021 08:31:27.561 GMT-0500,157.093,156.997,0.1,0.1
13.04.2021 08:31:27.733 GMT-0500,157.092,156.988,0.1,0.1
13.04.2021 08:31:27.850 GMT-0500,157.093,156.997,0.1,0.1
13.04.2021 08:31:28.226 GMT-0500,157.033,156.98700000000002,0.1,0.1
13.04.2021 08:31:28.345 GMT-0500,157.062,157.018,0.1,0.1
13.04.2021 08:31:28.509 GMT-0500,157.042,156.988,0.075,0.1
13.04.2021 08:31:28.559 GMT-0500,157.063,156.98700000000002,0.1,0.1
13.04.2021 08:31:28.996 GMT-0500,157.063,156.997,0.1,0.1
13.04.2021 08:31:29.129 GMT-0500,157.02200000000002,156.938,0.075,0.1
13.04.2021 08:31:29.179 GMT-0500,157.05200000000002,156.938,0.1,0.1
13.04.2021 08:31:29.230 GMT-0500,157.063,156.937,0.1,0.1
13.04.2021 08:31:29.330 GMT-0500,157.05200000000002,156.938,0.0008,0.1
13.04.2021 08:31:29.501 GMT-0500,157.062,156.938,0.1,0.1
13.04.2021 08:31:29.830 GMT-0500,157.053,156.937,0.075,0.1
13.04.2021 08:31:29.930 GMT-0500,157.063,156.937,0.1,0.1
13.04.2021 08:31:29.981 GMT-0500,157.053,156.937,0.1,0.1
13.04.2021 08:31:30.081 GMT-0500,157.053,156.89700000000002,0.1,0.1
13.04.2021 08:31:30.264 GMT-0500,157.012,156.898,0.075,0.1
13.04.2021 08:31:30.315 GMT-0500,157.05200000000002,156.898,0.1,0.1
13.04.2021 08:31:30.365 GMT-0500,157.05200000000002,156.938,0.1,0.1
13.04.2021 08:31:30.548 GMT-0500,157.05200000000002,156.898,0.1,0.1
13.04.2021 08:31:30.645 GMT-0500,157.053,156.89700000000002,0.1,0.1
13.04.2021 08:31:30.885 GMT-0500,157.05200000000002,156.898,0.1,0.1
13.04.2021 08:31:31.002 GMT-0500,157.053,156.937,0.1,0.075
13.04.2021 08:31:31.302 GMT-0500,157.05200000000002,156.898,0.1,0.1
13.04.2021 08:31:31.516 GMT-0500,157.053,156.947,0.1,0.075
13.04.2021 08:31:31.567 GMT-0500,157.053,156.89700000000002,0.1,0.1
13.04.2021 08:31:31.630 GMT-0500,157.05200000000002,156.938,0.1,0.075
13.04.2021 08:31:31.731 GMT-0500,157.053,156.89700000000002,0.1,0.1
13.04.2021 08:31:31.810 GMT-0500,157.053,156.977,0.1,0.075
13.04.2021 08:31:31.860 GMT-0500,157.053,156.937,0.1,0.1
13.04.2021 08:31:32.288 GMT-0500,157.053,156.977,0.1,0.1
13.04.2021 08:31:32.459 GMT-0500,157.05200000000002,156.988,0.0008,0.075
13.04.2021 08:31:32.509 GMT-0500,157.053,156.977,0.1,0.1
13.04.2021 08:31:32.619 GMT-0500,157.093,156.98700000000002,0.1,0.1
13.04.2021 08:31:32.670 GMT-0500,157.05200000000002,156.978,0.1,0.1
13.04.2021 08:31:34.509 GMT-0500,157.032,156.978,0.075,0.1
13.04.2021 08:31:34.559 GMT-0500,157.092,156.988,0.1,0.1
13.04.2021 08:31:34.610 GMT-0500,157.083,156.977,0.1,0.1
13.04.2021 08:31:34.660 GMT-0500,157.093,156.977,0.1,0.1
13.04.2021 08:31:35.381 GMT-0500,157.093,156.977,0.1,0.1
13.04.2021 08:31:35.572 GMT-0500,157.093,156.977,0.1,0.1
13.04.2021 08:31:35.733 GMT-0500,157.093,157.05700000000002,0.0008,0.075
13.04.2021 08:31:35.783 GMT-0500,157.11200000000002,157.058,0.1,0.1
13.04.2021 08:31:35.885 GMT-0500,157.143,157.05700000000002,0.1,0.1
13.04.2021 08:31:36.272 GMT-0500,157.14200000000002,157.048,0.1,0.1
13.04.2021 08:31:36.538 GMT-0500,157.143,157.01700000000002,0.1,0.1
13.04.2021 08:31:36.894 GMT-0500,157.113,157.01700000000002,0.0008,0.1
13.04.2021 08:31:36.995 GMT-0500,157.143,157.01700000000002,0.1,0.1
13.04.2021 08:31:37.190 GMT-0500,157.14200000000002,157.048,0.1,0.075
13.04.2021 08:31:37.399 GMT-0500,157.143,157.01700000000002,0.1,0.1
13.04.2021 08:31:37.450 GMT-0500,157.14200000000002,157.048,0.1,0.1
13.04.2021 08:31:37.500 GMT-0500,157.172,157.06799999999998,0.1,0.1
13.04.2021 08:31:37.577 GMT-0500,157.143,157.067,0.075,0.1
13.04.2021 08:31:37.761 GMT-0500,157.173,157.067,0.1,0.1
13.04.2021 08:31:38.254 GMT-0500,157.173,157.067,0.075,0.1
13.04.2021 08:31:38.305 GMT-0500,157.202,157.06799999999998,0.1,0.1
13.04.2021 08:31:38.398 GMT-0500,157.203,157.067,0.1,0.1
13.04.2021 08:31:38.559 GMT-0500,157.202,157.06799999999998,0.1,0.1
13.04.2021 08:31:38.658 GMT-0500,157.203,157.067,0.1,0.1
13.04.2021 08:31:40.074 GMT-0500,157.202,157.158,0.0008,0.075
13.04.2021 08:31:40.125 GMT-0500,157.222,157.118,0.1,0.1
13.04.2021 08:31:40.348 GMT-0500,157.22299999999998,157.157,0.1,0.075
13.04.2021 08:31:40.398 GMT-0500,157.252,157.158,0.1,0.1
13.04.2021 08:31:41.143 GMT-0500,157.292,157.158,0.1,0.1
13.04.2021 08:31:41.195 GMT-0500,157.253,157.157,0.1,0.1
13.04.2021 08:31:41.245 GMT-0500,157.293,157.157,0.1,0.1
13.04.2021 08:31:41.313 GMT-0500,157.253,157.157,0.075,0.1
13.04.2021 08:31:41.567 GMT-0500,157.252,157.198,0.0008,0.075
13.04.2021 08:31:41.617 GMT-0500,157.343,157.197,0.1,0.1
13.04.2021 08:31:41.668 GMT-0500,157.342,157.248,0.1,0.1
13.04.2021 08:31:42.366 GMT-0500,157.373,157.247,0.1,0.1
13.04.2021 08:31:43.043 GMT-0500,157.333,157.247,0.075,0.1
13.04.2021 08:31:43.458 GMT-0500,157.372,157.248,0.1,0.1
13.04.2021 08:31:43.563 GMT-0500,157.33200000000002,157.248,0.075,0.1
13.04.2021 08:31:43.663 GMT-0500,157.293,157.197,0.1,0.1
13.04.2021 08:31:43.763 GMT-0500,157.292,157.158,0.1,0.1
13.04.2021 08:31:43.814 GMT-0500,157.253,157.167,0.1,0.1
13.04.2021 08:31:44.178 GMT-0500,157.252,157.118,0.1,0.1
13.04.2021 08:31:44.230 GMT-0500,157.252,157.158,0.1,0.075
13.04.2021 08:31:44.774 GMT-0500,157.202,157.158,0.075,0.1
13.04.2021 08:31:44.824 GMT-0500,157.252,157.158,0.1,0.1
13.04.2021 08:31:44.874 GMT-0500,157.172,157.128,0.1,0.1
13.04.2021 08:31:44.924 GMT-0500,157.252,157.128,0.1,0.1
13.04.2021 08:31:45.978 GMT-0500,157.202,157.128,0.075,0.1
13.04.2021 08:31:46.029 GMT-0500,157.21200000000002,157.128,0.1,0.1
13.04.2021 08:31:46.291 GMT-0500,157.203,157.127,0.1,0.1
13.04.2021 08:31:46.342 GMT-0500,157.252,157.128,0.1,0.1
13.04.2021 08:31:46.452 GMT-0500,157.253,157.137,0.1,0.075
13.04.2021 08:31:46.502 GMT-0500,157.252,157.128,0.1,0.1
13.04.2021 08:31:46.597 GMT-0500,157.252,157.128,0.1,0.1
13.04.2021 08:31:46.853 GMT-0500,157.253,157.127,0.1,0.1
13.04.2021 08:31:46.917 GMT-0500,157.252,157.138,0.1,0.075
13.04.2021 08:31:47.018 GMT-0500,157.252,157.128,0.1,0.1
13.04.2021 08:31:47.090 GMT-0500,157.253,157.137,0.1,0.075
13.04.2021 08:31:47.141 GMT-0500,157.252,157.128,0.1,0.1
13.04.2021 08:31:47.215 GMT-0500,157.21200000000002,157.128,0.075,0.1
13.04.2021 08:31:47.315 GMT-0500,157.21200000000002,157.088,0.1,0.1
13.04.2021 08:31:47.365 GMT-0500,157.213,157.107,0.1,0.1
13.04.2021 08:31:48.325 GMT-0500,157.173,157.107,0.0008,0.1
13.04.2021 08:31:48.558 GMT-0500,157.162,157.108,0.075,0.1
13.04.2021 08:31:48.766 GMT-0500,157.21200000000002,157.108,0.1,0.1
13.04.2021 08:31:48.817 GMT-0500,157.162,157.048,0.1,0.1
13.04.2021 08:31:48.985 GMT-0500,157.14200000000002,157.048,0.1,0.1
13.04.2021 08:31:49.035 GMT-0500,157.16299999999998,157.047,0.1,0.1
13.04.2021 08:31:49.146 GMT-0500,157.16299999999998,157.037,0.1,0.1
13.04.2021 08:31:49.307 GMT-0500,157.162,157.06799999999998,0.1,0.1
13.04.2021 08:31:50.349 GMT-0500,157.162,157.06799999999998,0.075,0.1
13.04.2021 08:31:50.400 GMT-0500,157.18200000000002,157.06799999999998,0.1,0.1
13.04.2021 08:31:50.517 GMT-0500,157.203,157.11700000000002,0.0008,0.1
13.04.2021 08:31:50.682 GMT-0500,157.252,157.118,0.1,0.1
13.04.2021 08:31:50.789 GMT-0500,157.213,157.067,0.075,0.1
13.04.2021 08:31:50.840 GMT-0500,157.21200000000002,157.06799999999998,0.1,0.1
13.04.2021 08:31:50.903 GMT-0500,157.213,157.067,0.1,0.1
13.04.2021 08:31:51.145 GMT-0500,157.253,157.11700000000002,0.1,0.1
13.04.2021 08:31:51.195 GMT-0500,157.213,157.137,0.1,0.1
13.04.2021 08:31:51.835 GMT-0500,157.202,157.108,0.075,0.1
13.04.2021 08:31:51.886 GMT-0500,157.252,157.118,0.1,0.1
13.04.2021 08:31:51.945 GMT-0500,157.213,157.11700000000002,0.075,0.1
13.04.2021 08:31:52.284 GMT-0500,157.21200000000002,157.138,0.1,0.075
13.04.2021 08:31:52.434 GMT-0500,157.172,157.06799999999998,0.075,0.1
13.04.2021 08:31:52.484 GMT-0500,157.172,157.06799999999998,0.1,0.1
13.04.2021 08:31:53.491 GMT-0500,157.173,157.01700000000002,0.1,0.1
13.04.2021 08:31:53.542 GMT-0500,157.172,157.058,0.1,0.1
13.04.2021 08:31:53.755 GMT-0500,157.172,157.078,0.1,0.1
13.04.2021 08:31:53.806 GMT-0500,157.172,157.058,0.1,0.1
13.04.2021 08:31:53.860 GMT-0500,157.172,157.078,0.1,0.075
13.04.2021 08:31:54.555 GMT-0500,157.203,157.077,0.1,0.1
13.04.2021 08:31:54.605 GMT-0500,157.162,157.088,0.1,0.1
13.04.2021 08:31:54.655 GMT-0500,157.162,157.058,0.1,0.1
13.04.2021 08:31:54.768 GMT-0500,157.173,157.05700000000002,0.1,0.1
13.04.2021 08:31:55.231 GMT-0500,157.173,157.05700000000002,0.1,0.1
13.04.2021 08:31:55.281 GMT-0500,157.173,157.05700000000002,0.1,0.1
13.04.2021 08:31:55.514 GMT-0500,157.16299999999998,157.05700000000002,0.075,0.1
13.04.2021 08:31:55.615 GMT-0500,157.202,157.078,0.1,0.1
13.04.2021 08:31:55.665 GMT-0500,157.173,157.05700000000002,0.1,0.1
13.04.2021 08:31:56.586 GMT-0500,157.153,157.05700000000002,0.075,0.1
13.04.2021 08:31:56.736 GMT-0500,157.203,157.077,0.1,0.1
13.04.2021 08:31:56.848 GMT-0500,157.162,157.078,0.0008,0.1
13.04.2021 08:31:57.328 GMT-0500,157.102,157.018,0.075,0.1
13.04.2021 08:31:57.378 GMT-0500,157.102,156.998,0.1,0.1
13.04.2021 08:31:57.429 GMT-0500,157.122,156.998,0.1,0.1
13.04.2021 08:31:57.595 GMT-0500,157.122,157.028,0.1,0.075
13.04.2021 08:31:57.749 GMT-0500,157.162,157.028,0.1,0.1
13.04.2021 08:31:57.830 GMT-0500,157.123,157.037,0.075,0.075
13.04.2021 08:31:57.981 GMT-0500,157.122,157.028,0.1,0.1
13.04.2021 08:31:58.031 GMT-0500,157.123,157.037,0.1,0.1
13.04.2021 08:31:58.081 GMT-0500,157.123,157.02700000000002,0.1,0.1
13.04.2021 08:31:58.272 GMT-0500,157.143,157.02700000000002,0.1,0.1
13.04.2021 08:31:58.412 GMT-0500,157.132,157.028,0.075,0.1
13.04.2021 08:31:58.521 GMT-0500,157.093,157.01700000000002,0.075,0.1
13.04.2021 08:31:58.571 GMT-0500,157.16299999999998,157.037,0.1,0.1
13.04.2021 08:31:58.622 GMT-0500,157.16299999999998,157.05700000000002,0.1,0.1
13.04.2021 08:31:58.743 GMT-0500,157.132,157.058,0.1,0.1
13.04.2021 08:31:59.959 GMT-0500,157.113,157.05700000000002,0.0008,0.1
13.04.2021 08:32:00.009 GMT-0500,157.132,157.058,0.1,0.1
13.04.2021 08:32:00.063 GMT-0500,157.092,157.058,0.0008,0.1
13.04.2021 08:32:00.114 GMT-0500,157.133,157.05700000000002,0.1,0.1
13.04.2021 08:32:00.206 GMT-0500,157.092,157.058,0.1,0.1
13.04.2021 08:32:00.256 GMT-0500,157.133,157.05700000000002,0.1,0.1
13.04.2021 08:32:00.831 GMT-0500,157.122,157.058,0.0008,0.1
13.04.2021 08:32:00.882 GMT-0500,157.16299999999998,157.067,0.1,0.1
13.04.2021 08:32:00.972 GMT-0500,157.123,157.067,0.0008,0.1
13.04.2021 08:32:01.073 GMT-0500,157.113,157.02700000000002,0.1,0.1
13.04.2021 08:32:01.217 GMT-0500,157.162,157.028,0.1,0.1
13.04.2021 08:32:01.267 GMT-0500,157.122,157.028,0.1,0.1
13.04.2021 08:32:01.643 GMT-0500,157.113,157.02700000000002,0.0008,0.1
13.04.2021 08:32:02.382 GMT-0500,157.122,157.028,0.1,0.1
13.04.2021 08:32:02.504 GMT-0500,157.11200000000002,157.028,0.1,0.1
13.04.2021 08:32:02.734 GMT-0500,157.11200000000002,157.048,0.1,0.075
13.04.2021 08:32:02.967 GMT-0500,157.123,157.047,0.1,0.1
13.04.2021 08:32:03.083 GMT-0500,157.113,157.047,0.0008,0.1
13.04.2021 08:32:03.183 GMT-0500,157.122,157.048,0.1,0.1
13.04.2021 08:32:03.239 GMT-0500,157.122,157.06799999999998,0.1,0.075
13.04.2021 08:32:03.289 GMT-0500,157.122,157.048,0.1,0.1
13.04.2021 08:32:03.591 GMT-0500,157.123,157.077,0.0008,0.075
13.04.2021 08:32:03.642 GMT-0500,157.21200000000002,157.118,0.1,0.1
13.04.2021 08:32:03.748 GMT-0500,157.162,157.06799999999998,0.0008,0.1
13.04.2021 08:32:03.879 GMT-0500,157.123,157.037,0.1,0.1
13.04.2021 08:32:03.929 GMT-0500,157.16299999999998,157.037,0.1,0.1
13.04.2021 08:32:04.496 GMT-0500,157.162,157.058,0.1,0.1
13.04.2021 08:32:04.610 GMT-0500,157.162,157.078,0.1,0.1
13.04.2021 08:32:04.971 GMT-0500,157.16299999999998,157.05700000000002,0.1,0.1
13.04.2021 08:32:05.078 GMT-0500,157.162,157.078,0.1,0.075
13.04.2021 08:32:05.129 GMT-0500,157.162,157.058,0.1,0.1
13.04.2021 08:32:05.243 GMT-0500,157.16299999999998,157.05700000000002,0.1,0.1
13.04.2021 08:32:06.795 GMT-0500,157.15200000000002,157.078,0.0008,0.1
13.04.2021 08:32:06.946 GMT-0500,157.132,157.078,0.1,0.1
13.04.2021 08:32:06.996 GMT-0500,157.15200000000002,157.078,0.1,0.1
13.04.2021 08:32:07.613 GMT-0500,157.153,157.077,0.1,0.1
13.04.2021 08:32:07.663 GMT-0500,157.153,157.077,0.1,0.1
13.04.2021 08:32:07.813 GMT-0500,157.15200000000002,157.078,0.1,0.1
13.04.2021 08:32:07.981 GMT-0500,157.153,157.077,0.1,0.1
13.04.2021 08:32:08.687 GMT-0500,157.11200000000002,157.078,0.0008,0.075
13.04.2021 08:32:08.737 GMT-0500,157.143,157.02700000000002,0.1,0.1
13.04.2021 08:32:08.899 GMT-0500,157.143,157.067,0.1,0.1
13.04.2021 08:32:09.529 GMT-0500,157.14200000000002,157.028,0.1,0.1
13.04.2021 08:32:09.579 GMT-0500,157.14200000000002,157.058,0.1,0.1
13.04.2021 08:32:09.686 GMT-0500,157.14200000000002,157.058,0.1,0.1
13.04.2021 08:32:09.807 GMT-0500,157.113,157.067,0.0008,0.075
13.04.2021 08:32:09.857 GMT-0500,157.143,157.067,0.1,0.1
13.04.2021 08:32:09.908 GMT-0500,157.102,157.028,0.1,0.1
13.04.2021 08:32:10.008 GMT-0500,157.162,157.078,0.1,0.1
13.04.2021 08:32:10.058 GMT-0500,157.11200000000002,157.028,0.1,0.1
13.04.2021 08:32:10.159 GMT-0500,157.113,157.047,0.1,0.1
13.04.2021 08:32:10.209 GMT-0500,157.16299999999998,157.02700000000002,0.1,0.1
13.04.2021 08:32:10.259 GMT-0500,157.162,157.058,0.1,0.1
13.04.2021 08:32:10.689 GMT-0500,157.11200000000002,157.028,0.075,0.1
13.04.2021 08:32:10.740 GMT-0500,157.123,157.02700000000002,0.1,0.1
13.04.2021 08:32:10.793 GMT-0500,157.113,157.02700000000002,0.0008,0.1
13.04.2021 08:32:11.270 GMT-0500,157.113,157.05700000000002,0.1,0.075
13.04.2021 08:32:11.371 GMT-0500,157.123,157.067,0.1,0.1
13.04.2021 08:32:11.746 GMT-0500,157.113,157.05700000000002,0.075,0.1
13.04.2021 08:32:11.797 GMT-0500,157.162,157.108,0.1,0.1
13.04.2021 08:32:11.897 GMT-0500,157.16299999999998,157.05700000000002,0.1,0.1
13.04.2021 08:32:11.947 GMT-0500,157.133,157.05700000000002,0.1,0.1
13.04.2021 08:32:12.121 GMT-0500,157.132,157.09799999999998,0.1,0.075
13.04.2021 08:32:13.169 GMT-0500,157.123,157.097,0.0008,0.075
13.04.2021 08:32:13.220 GMT-0500,157.132,157.088,0.1,0.1
13.04.2021 08:32:13.557 GMT-0500,157.113,157.037,0.1,0.1
13.04.2021 08:32:13.608 GMT-0500,157.102,157.028,0.1,0.1
13.04.2021 08:32:13.658 GMT-0500,157.113,157.02700000000002,0.1,0.1
13.04.2021 08:32:13.720 GMT-0500,157.11200000000002,157.028,0.075,0.1
13.04.2021 08:32:13.770 GMT-0500,157.11200000000002,157.028,0.1,0.1
13.04.2021 08:32:13.919 GMT-0500,157.113,157.047,0.1,0.1
13.04.2021 08:32:13.969 GMT-0500,157.133,157.047,0.1,0.1
13.04.2021 08:32:14.135 GMT-0500,157.113,157.047,0.075,0.1
13.04.2021 08:32:14.242 GMT-0500,157.132,157.048,0.1,0.1
13.04.2021 08:32:14.477 GMT-0500,157.113,157.047,0.1,0.1
13.04.2021 08:32:14.527 GMT-0500,157.132,157.048,0.1,0.1
13.04.2021 08:32:14.577 GMT-0500,157.132,157.058,0.1,0.1
13.04.2021 08:32:14.680 GMT-0500,157.132,157.048,0.1,0.1
13.04.2021 08:32:14.730 GMT-0500,157.132,157.058,0.1,0.1
13.04.2021 08:32:14.781 GMT-0500,157.132,157.048,0.1,0.1
13.04.2021 08:32:14.929 GMT-0500,157.132,157.048,0.1,0.1
13.04.2021 08:32:14.980 GMT-0500,157.133,157.047,0.1,0.1
13.04.2021 08:32:15.490 GMT-0500,157.132,157.105,0.1,0.075
13.04.2021 08:32:15.540 GMT-0500,157.162,157.048,0.1,0.1
13.04.2021 08:32:15.616 GMT-0500,157.153,157.047,0.0008,0.1
13.04.2021 08:32:15.935 GMT-0500,157.153,157.08700000000002,0.1,0.075
13.04.2021 08:32:15.985 GMT-0500,157.21200000000002,157.088,0.1,0.1
13.04.2021 08:32:16.050 GMT-0500,157.18200000000002,157.118,0.1,0.1
13.04.2021 08:32:16.497 GMT-0500,157.16299999999998,157.11700000000002,0.0008,0.1
13.04.2021 08:32:16.547 GMT-0500,157.143,157.02700000000002,0.1,0.1
13.04.2021 08:32:16.648 GMT-0500,157.18200000000002,157.028,0.1,0.1
13.04.2021 08:32:17.067 GMT-0500,157.183,157.11700000000002,0.1,0.075
13.04.2021 08:32:17.626 GMT-0500,157.16299999999998,157.127,0.0008,0.1
13.04.2021 08:32:17.676 GMT-0500,157.183,157.127,0.1,0.1
13.04.2021 08:32:18.142 GMT-0500,157.16299999999998,157.127,0.0008,0.1
13.04.2021 08:32:18.242 GMT-0500,157.18200000000002,157.128,0.1,0.1
13.04.2021 08:32:19.128 GMT-0500,157.18200000000002,157.108,0.1,0.1
13.04.2021 08:32:19.990 GMT-0500,157.183,157.107,0.075,0.1
13.04.2021 08:32:20.040 GMT-0500,157.252,157.148,0.1,0.1
13.04.2021 08:32:20.095 GMT-0500,157.253,157.107,0.1,0.1
13.04.2021 08:32:20.146 GMT-0500,157.243,157.157,0.1,0.1
13.04.2021 08:32:20.196 GMT-0500,157.252,157.158,0.1,0.1
13.04.2021 08:32:20.306 GMT-0500,157.24200000000002,157.158,0.0008,0.1
13.04.2021 08:32:20.910 GMT-0500,157.24200000000002,157.108,0.1,0.1
13.04.2021 08:32:20.986 GMT-0500,157.243,157.107,0.1,0.1
13.04.2021 08:32:21.199 GMT-0500,157.292,157.218,0.1,0.1
13.04.2021 08:32:21.250 GMT-0500,157.293,157.157,0.1,0.1
13.04.2021 08:32:21.314 GMT-0500,157.252,157.158,0.075,0.1
13.04.2021 08:32:22.304 GMT-0500,157.213,157.107,0.1,0.1
13.04.2021 08:32:22.379 GMT-0500,157.183,157.107,0.0008,0.1
13.04.2021 08:32:22.537 GMT-0500,157.18200000000002,157.118,0.1,0.075
13.04.2021 08:32:22.588 GMT-0500,157.252,157.158,0.1,0.1
13.04.2021 08:32:22.706 GMT-0500,157.21200000000002,157.108,0.1,0.1
13.04.2021 08:32:23.872 GMT-0500,157.203,157.107,0.1,0.1
13.04.2021 08:32:24.280 GMT-0500,157.203,157.127,0.1,0.075
13.04.2021 08:32:24.330 GMT-0500,157.203,157.107,0.1,0.1
13.04.2021 08:32:24.520 GMT-0500,157.203,157.11700000000002,0.1,0.1
13.04.2021 08:32:24.571 GMT-0500,157.252,157.158,0.1,0.1
13.04.2021 08:32:25.510 GMT-0500,157.252,157.238,0.0008,0.075
13.04.2021 08:32:25.561 GMT-0500,157.313,157.20700000000002,0.1,0.1
13.04.2021 08:32:25.613 GMT-0500,157.283,157.20700000000002,0.075,0.1
13.04.2021 08:32:25.882 GMT-0500,157.282,157.158,0.1,0.1
13.04.2021 08:32:26.877 GMT-0500,157.283,157.227,0.1,0.075
13.04.2021 08:32:27.271 GMT-0500,157.283,157.20700000000002,0.1,0.1
13.04.2021 08:32:27.976 GMT-0500,157.262,157.208,0.0008,0.075
13.04.2021 08:32:28.027 GMT-0500,157.262,157.158,0.1,0.1
13.04.2021 08:32:28.185 GMT-0500,157.263,157.17700000000002,0.1,0.075
13.04.2021 08:32:28.236 GMT-0500,157.263,157.157,0.1,0.1
13.04.2021 08:32:28.781 GMT-0500,157.262,157.208,0.1,0.1
13.04.2021 08:32:28.900 GMT-0500,157.292,157.208,0.1,0.1
13.04.2021 08:32:29.136 GMT-0500,157.313,157.20700000000002,0.1,0.1
13.04.2021 08:32:29.226 GMT-0500,157.292,157.208,0.0008,0.1
13.04.2021 08:32:30.801 GMT-0500,157.303,157.20700000000002,0.1,0.1
13.04.2021 08:32:30.852 GMT-0500,157.292,157.208,0.1,0.1
13.04.2021 08:32:31.474 GMT-0500,157.252,157.208,0.075,0.1
13.04.2021 08:32:31.524 GMT-0500,157.293,157.20700000000002,0.1,0.1
13.04.2021 08:32:31.577 GMT-0500,157.27200000000002,157.208,0.1,0.1
13.04.2021 08:32:33.203 GMT-0500,157.30200000000002,157.238,0.1,0.1
13.04.2021 08:32:33.253 GMT-0500,157.293,157.20700000000002,0.1,0.1
13.04.2021 08:32:33.349 GMT-0500,157.282,157.208,0.075,0.1
13.04.2021 08:32:34.144 GMT-0500,157.292,157.208,0.1,0.1
13.04.2021 08:32:34.759 GMT-0500,157.282,157.208,0.075,0.1
13.04.2021 08:32:34.860 GMT-0500,157.292,157.208,0.1,0.1
13.04.2021 08:32:34.963 GMT-0500,157.283,157.20700000000002,0.075,0.1
13.04.2021 08:32:35.366 GMT-0500,157.293,157.20700000000002,0.1,0.1
13.04.2021 08:32:35.467 GMT-0500,157.283,157.20700000000002,0.1,0.1
13.04.2021 08:32:35.596 GMT-0500,157.293,157.20700000000002,0.1,0.1
13.04.2021 08:32:36.016 GMT-0500,157.283,157.20700000000002,0.075,0.1
13.04.2021 08:32:36.375 GMT-0500,157.292,157.208,0.1,0.1
13.04.2021 08:32:36.909 GMT-0500,157.292,157.218,0.1,0.075
13.04.2021 08:32:37.146 GMT-0500,157.273,157.217,0.075,0.1
13.04.2021 08:32:37.196 GMT-0500,157.293,157.217,0.1,0.1
13.04.2021 08:32:37.296 GMT-0500,157.283,157.20700000000002,0.1,0.1
13.04.2021 08:32:37.406 GMT-0500,157.292,157.248,0.1,0.1
13.04.2021 08:32:37.456 GMT-0500,157.292,157.208,0.1,0.1
13.04.2021 08:32:38.631 GMT-0500,157.293,157.23700000000002,0.1,0.075
13.04.2021 08:32:38.953 GMT-0500,157.303,157.26700000000002,0.1,0.1
13.04.2021 08:32:39.003 GMT-0500,157.363,157.27700000000002,0.1,0.1
13.04.2021 08:32:39.070 GMT-0500,157.363,157.317,0.0008,0.075
13.04.2021 08:32:39.120 GMT-0500,157.403,157.317,0.1,0.1
13.04.2021 08:32:40.235 GMT-0500,157.41299999999998,157.327,0.1,0.1
13.04.2021 08:32:40.285 GMT-0500,157.41299999999998,157.317,0.1,0.1
13.04.2021 08:32:40.744 GMT-0500,157.41299999999998,157.357,0.0008,0.075
13.04.2021 08:32:40.795 GMT-0500,157.452,157.358,0.1,0.1
13.04.2021 08:32:40.943 GMT-0500,157.44299999999998,157.377,0.075,0.075
13.04.2021 08:32:40.994 GMT-0500,157.453,157.357,0.1,0.1
13.04.2021 08:32:41.449 GMT-0500,157.463,157.357,0.1,0.1
13.04.2021 08:32:41.537 GMT-0500,157.44299999999998,157.357,0.075,0.1
13.04.2021 08:32:41.913 GMT-0500,157.46200000000002,157.358,0.1,0.1
13.04.2021 08:32:42.859 GMT-0500,157.46200000000002,157.398,0.1,0.1
13.04.2021 08:32:42.910 GMT-0500,157.46200000000002,157.358,0.1,0.1
13.04.2021 08:32:42.970 GMT-0500,157.46200000000002,157.378,0.1,0.075
13.04.2021 08:32:44.190 GMT-0500,157.463,157.357,0.1,0.1
13.04.2021 08:32:44.250 GMT-0500,157.44299999999998,157.377,0.1,0.1
13.04.2021 08:32:44.394 GMT-0500,157.44299999999998,157.357,0.1,0.1
13.04.2021 08:32:44.691 GMT-0500,157.46200000000002,157.358,0.1,0.1
13.04.2021 08:32:44.792 GMT-0500,157.46200000000002,157.378,0.1,0.1
13.04.2021 08:32:45.048 GMT-0500,157.44299999999998,157.357,0.075,0.1
13.04.2021 08:32:45.098 GMT-0500,157.463,157.357,0.1,0.1
13.04.2021 08:32:45.165 GMT-0500,157.44299999999998,157.357,0.1,0.1
13.04.2021 08:32:45.630 GMT-0500,157.46200000000002,157.358,0.1,0.1
13.04.2021 08:32:46.302 GMT-0500,157.442,157.358,0.1,0.1
13.04.2021 08:32:46.461 GMT-0500,157.463,157.357,0.1,0.1
13.04.2021 08:32:46.722 GMT-0500,157.44299999999998,157.357,0.075,0.1
13.04.2021 08:32:46.823 GMT-0500,157.44299999999998,157.377,0.1,0.1
13.04.2021 08:32:46.944 GMT-0500,157.46200000000002,157.378,0.1,0.1
13.04.2021 08:32:47.015 GMT-0500,157.44299999999998,157.377,0.0008,0.1
13.04.2021 08:32:47.065 GMT-0500,157.463,157.357,0.1,0.1
13.04.2021 08:32:47.115 GMT-0500,157.44299999999998,157.357,0.1,0.1
13.04.2021 08:32:47.371 GMT-0500,157.463,157.357,0.1,0.1
13.04.2021 08:32:47.447 GMT-0500,157.442,157.358,0.0008,0.1
13.04.2021 08:32:47.658 GMT-0500,157.44299999999998,157.377,0.0008,0.075
13.04.2021 08:32:47.708 GMT-0500,157.463,157.357,0.1,0.1
13.04.2021 08:32:47.911 GMT-0500,157.442,157.358,0.075,0.1
13.04.2021 08:32:48.269 GMT-0500,157.442,157.358,0.1,0.1
13.04.2021 08:32:48.484 GMT-0500,157.412,157.34799999999998,0.075,0.1
13.04.2021 08:32:48.535 GMT-0500,157.41299999999998,157.27700000000002,0.1,0.1
13.04.2021 08:32:48.585 GMT-0500,157.41299999999998,157.317,0.1,0.1
13.04.2021 08:32:48.698 GMT-0500,157.352,157.278,0.075,0.1
13.04.2021 08:32:48.752 GMT-0500,157.41299999999998,157.27700000000002,0.1,0.1
13.04.2021 08:32:48.802 GMT-0500,157.412,157.31799999999998,0.1,0.1
13.04.2021 08:32:48.958 GMT-0500,157.373,157.27700000000002,0.075,0.1
13.04.2021 08:32:49.009 GMT-0500,157.373,157.27700000000002,0.1,0.1
13.04.2021 08:32:49.293 GMT-0500,157.372,157.308,0.1,0.1
13.04.2021 08:32:49.431 GMT-0500,157.343,157.27700000000002,0.075,0.1
13.04.2021 08:32:49.481 GMT-0500,157.372,157.278,0.1,0.1
13.04.2021 08:32:49.608 GMT-0500,157.372,157.298,0.1,0.1
13.04.2021 08:32:49.659 GMT-0500,157.373,157.27700000000002,0.1,0.1
13.04.2021 08:32:49.711 GMT-0500,157.372,157.278,0.1,0.1
13.04.2021 08:32:49.761 GMT-0500,157.373,157.27700000000002,0.1,0.1
13.04.2021 08:32:50.130 GMT-0500,157.373,157.30700000000002,0.1,0.075
13.04.2021 08:32:50.180 GMT-0500,157.372,157.278,0.1,0.1
13.04.2021 08:32:50.239 GMT-0500,157.372,157.278,0.1,0.1
13.04.2021 08:32:50.289 GMT-0500,157.372,157.278,0.1,0.1
13.04.2021 08:32:50.653 GMT-0500,157.373,157.297,0.1,0.075
13.04.2021 08:32:50.790 GMT-0500,157.372,157.308,0.1,0.075
13.04.2021 08:32:50.840 GMT-0500,157.373,157.27700000000002,0.1,0.1
13.04.2021 08:32:50.893 GMT-0500,157.372,157.278,0.1,0.1
13.04.2021 08:32:50.994 GMT-0500,157.373,157.27700000000002,0.1,0.1
13.04.2021 08:32:51.514 GMT-0500,157.353,157.27700000000002,0.1,0.1
13.04.2021 08:32:52.345 GMT-0500,157.353,157.287,0.1,0.075
13.04.2021 08:32:52.445 GMT-0500,157.383,157.27700000000002,0.1,0.1
13.04.2021 08:32:52.510 GMT-0500,157.353,157.27700000000002,0.0008,0.1
13.04.2021 08:32:52.560 GMT-0500,157.352,157.278,0.1,0.1
13.04.2021 08:32:53.925 GMT-0500,157.352,157.28799999999998,0.1,0.075
13.04.2021 08:32:54.075 GMT-0500,157.353,157.317,0.1,0.075
13.04.2021 08:32:54.450 GMT-0500,157.343,157.287,0.075,0.1
13.04.2021 08:32:54.501 GMT-0500,157.343,157.26700000000002,0.1,0.1
13.04.2021 08:32:54.601 GMT-0500,157.293,157.227,0.1,0.1
13.04.2021 08:32:55.340 GMT-0500,157.292,157.218,0.1,0.1
13.04.2021 08:32:55.954 GMT-0500,157.273,157.217,0.075,0.1
13.04.2021 08:32:56.055 GMT-0500,157.292,157.218,0.1,0.1
13.04.2021 08:32:56.811 GMT-0500,157.292,157.218,0.075,0.1
13.04.2021 08:32:56.861 GMT-0500,157.312,157.218,0.1,0.1
13.04.2021 08:32:56.911 GMT-0500,157.313,157.23700000000002,0.1,0.1
13.04.2021 08:32:56.962 GMT-0500,157.312,157.218,0.1,0.1
13.04.2021 08:32:57.025 GMT-0500,157.312,157.228,0.1,0.075
13.04.2021 08:32:58.084 GMT-0500,157.313,157.227,0.1,0.1
13.04.2021 08:32:58.871 GMT-0500,157.312,157.248,0.075,0.1
13.04.2021 08:32:58.921 GMT-0500,157.342,157.248,0.1,0.1
13.04.2021 08:32:58.988 GMT-0500,157.342,157.248,0.1,0.1
13.04.2021 08:32:59.498 GMT-0500,157.383,157.317,0.1,0.1
13.04.2021 08:32:59.549 GMT-0500,157.383,157.26700000000002,0.1,0.1
13.04.2021 08:33:00.156 GMT-0500,157.382,157.308,0.1,0.075
13.04.2021 08:33:00.207 GMT-0500,157.383,157.297,0.1,0.1
13.04.2021 08:33:00.347 GMT-0500,157.383,157.30700000000002,0.1,0.075
13.04.2021 08:33:00.576 GMT-0500,157.412,157.308,0.1,0.1
13.04.2021 08:33:00.627 GMT-0500,157.382,157.308,0.1,0.1
13.04.2021 08:33:00.678 GMT-0500,157.383,157.297,0.1,0.1
13.04.2021 08:33:00.756 GMT-0500,157.383,157.297,0.1,0.1
13.04.2021 08:33:01.089 GMT-0500,157.383,157.297,0.1,0.1
13.04.2021 08:33:01.383 GMT-0500,157.342,157.298,0.0008,0.075
13.04.2021 08:33:01.434 GMT-0500,157.342,157.228,0.1,0.1
13.04.2021 08:33:01.646 GMT-0500,157.343,157.227,0.1,0.1
13.04.2021 08:33:01.696 GMT-0500,157.343,157.227,0.1,0.1
13.04.2021 08:33:01.782 GMT-0500,157.343,157.26700000000002,0.1,0.075
13.04.2021 08:33:01.948 GMT-0500,157.313,157.227,0.1,0.1
13.04.2021 08:33:02.099 GMT-0500,157.27200000000002,157.198,0.1,0.1
13.04.2021 08:33:02.337 GMT-0500,157.27200000000002,157.198,0.075,0.1
13.04.2021 08:33:02.387 GMT-0500,157.312,157.198,0.1,0.1
13.04.2021 08:33:02.445 GMT-0500,157.27200000000002,157.198,0.0008,0.1
13.04.2021 08:33:02.495 GMT-0500,157.313,157.197,0.1,0.1
13.04.2021 08:33:03.001 GMT-0500,157.313,157.227,0.1,0.1
13.04.2021 08:33:03.114 GMT-0500,157.343,157.227,0.1,0.1
13.04.2021 08:33:03.330 GMT-0500,157.343,157.26700000000002,0.1,0.075
13.04.2021 08:33:03.458 GMT-0500,157.343,157.26700000000002,0.075,0.1
13.04.2021 08:33:03.511 GMT-0500,157.383,157.26700000000002,0.1,0.1
13.04.2021 08:33:03.619 GMT-0500,157.342,157.268,0.0008,0.075
13.04.2021 08:33:03.669 GMT-0500,157.383,157.26700000000002,0.1,0.1
13.04.2021 08:33:03.989 GMT-0500,157.382,157.268,0.1,0.1
13.04.2021 08:33:04.039 GMT-0500,157.383,157.26700000000002,0.1,0.1
13.04.2021 08:33:05.569 GMT-0500,157.382,157.268,0.1,0.1
13.04.2021 08:33:05.619 GMT-0500,157.382,157.268,0.1,0.1
13.04.2021 08:33:05.695 GMT-0500,157.383,157.26700000000002,0.1,0.1
13.04.2021 08:33:05.746 GMT-0500,157.383,157.26700000000002,0.1,0.1
13.04.2021 08:33:05.799 GMT-0500,157.382,157.308,0.1,0.075
13.04.2021 08:33:05.899 GMT-0500,157.382,157.268,0.1,0.1
13.04.2021 08:33:06.353 GMT-0500,157.382,157.268,0.1,0.1
13.04.2021 08:33:06.404 GMT-0500,157.383,157.26700000000002,0.1,0.1
13.04.2021 08:33:06.735 GMT-0500,157.352,157.268,0.0008,0.1
13.04.2021 08:33:06.892 GMT-0500,157.412,157.338,0.1,0.1
13.04.2021 08:33:06.943 GMT-0500,157.442,157.34799999999998,0.1,0.1
13.04.2021 08:33:07.006 GMT-0500,157.422,157.34799999999998,0.075,0.1
13.04.2021 08:33:07.056 GMT-0500,157.36200000000002,157.268,0.1,0.1
13.04.2021 08:33:07.952 GMT-0500,157.372,157.308,0.1,0.1
13.04.2021 08:33:08.003 GMT-0500,157.372,157.268,0.1,0.1
13.04.2021 08:33:08.107 GMT-0500,157.353,157.26700000000002,0.075,0.1
13.04.2021 08:33:08.157 GMT-0500,157.36200000000002,157.268,0.1,0.1
13.04.2021 08:33:09.047 GMT-0500,157.393,157.26700000000002,0.1,0.1
13.04.2021 08:33:09.097 GMT-0500,157.352,157.268,0.1,0.1
13.04.2021 08:33:09.602 GMT-0500,157.393,157.26700000000002,0.1,0.1
13.04.2021 08:33:09.661 GMT-0500,157.36200000000002,157.268,0.0008,0.1
13.04.2021 08:33:09.712 GMT-0500,157.39200000000002,157.268,0.1,0.1
13.04.2021 08:33:09.789 GMT-0500,157.363,157.26700000000002,0.075,0.1
13.04.2021 08:33:10.210 GMT-0500,157.352,157.268,0.075,0.1
13.04.2021 08:33:11.546 GMT-0500,157.323,157.26700000000002,0.075,0.1
13.04.2021 08:33:11.597 GMT-0500,157.353,157.227,0.1,0.1
13.04.2021 08:33:11.697 GMT-0500,157.353,157.26700000000002,0.1,0.1
13.04.2021 08:33:12.098 GMT-0500,157.333,157.287,0.0008,0.1
13.04.2021 08:33:12.148 GMT-0500,157.363,157.287,0.1,0.1
13.04.2021 08:33:12.349 GMT-0500,157.363,157.287,0.075,0.1
13.04.2021 08:33:12.400 GMT-0500,157.39200000000002,157.28799999999998,0.1,0.1
13.04.2021 08:33:12.483 GMT-0500,157.36200000000002,157.28799999999998,0.075,0.1
13.04.2021 08:33:12.584 GMT-0500,157.393,157.287,0.1,0.1
13.04.2021 08:33:13.007 GMT-0500,157.36200000000002,157.28799999999998,0.1,0.1
13.04.2021 08:33:13.058 GMT-0500,157.39200000000002,157.28799999999998,0.1,0.1
13.04.2021 08:33:13.177 GMT-0500,157.36200000000002,157.28799999999998,0.0008,0.1
13.04.2021 08:33:13.228 GMT-0500,157.393,157.287,0.1,0.1
13.04.2021 08:33:13.313 GMT-0500,157.36200000000002,157.28799999999998,0.075,0.1
13.04.2021 08:33:13.364 GMT-0500,157.39200000000002,157.28799999999998,0.1,0.1
13.04.2021 08:33:13.695 GMT-0500,157.393,157.317,0.1,0.075
13.04.2021 08:33:13.745 GMT-0500,157.39200000000002,157.28799999999998,0.1,0.1
13.04.2021 08:33:13.796 GMT-0500,157.342,157.28799999999998,0.1,0.1
13.04.2021 08:33:13.846 GMT-0500,157.36200000000002,157.28799999999998,0.1,0.1
13.04.2021 08:33:14.593 GMT-0500,157.323,157.287,0.075,0.1
13.04.2021 08:33:14.644 GMT-0500,157.33200000000002,157.28799999999998,0.1,0.1
13.04.2021 08:33:14.943 GMT-0500,157.293,157.247,0.075,0.1
13.04.2021 08:33:14.994 GMT-0500,157.30200000000002,157.248,0.1,0.1
13.04.2021 08:33:15.094 GMT-0500,157.333,157.26700000000002,0.1,0.1
13.04.2021 08:33:15.370 GMT-0500,157.282,157.228,0.1,0.1
13.04.2021 08:33:15.420 GMT-0500,157.33200000000002,157.228,0.1,0.1
13.04.2021 08:33:15.513 GMT-0500,157.333,157.26700000000002,0.1,0.1
13.04.2021 08:33:15.812 GMT-0500,157.283,157.227,0.075,0.1
13.04.2021 08:33:15.862 GMT-0500,157.282,157.228,0.1,0.1
13.04.2021 08:33:16.141 GMT-0500,157.27200000000002,157.228,0.1,0.1
13.04.2021 08:33:16.191 GMT-0500,157.333,157.227,0.1,0.1
13.04.2021 08:33:16.271 GMT-0500,157.282,157.248,0.1,0.1
13.04.2021 08:33:17.182 GMT-0500,157.283,157.26700000000002,0.0008,0.075
13.04.2021 08:33:17.232 GMT-0500,157.33200000000002,157.248,0.1,0.1
13.04.2021 08:33:17.532 GMT-0500,157.33200000000002,157.268,0.1,0.1
13.04.2021 08:33:18.371 GMT-0500,157.333,157.227,0.1,0.1
13.04.2021 08:33:18.422 GMT-0500,157.36200000000002,157.268,0.1,0.1
13.04.2021 08:33:18.635 GMT-0500,157.36200000000002,157.298,0.1,0.1
13.04.2021 08:33:18.785 GMT-0500,157.39200000000002,157.308,0.1,0.1
13.04.2021 08:33:18.836 GMT-0500,157.393,157.297,0.1,0.1
13.04.2021 08:33:18.899 GMT-0500,157.393,157.297,0.1,0.1
13.04.2021 08:33:19.280 GMT-0500,157.393,157.33700000000002,0.0008,0.075
13.04.2021 08:33:19.330 GMT-0500,157.442,157.31799999999998,0.1,0.1
13.04.2021 08:33:19.406 GMT-0500,157.41299999999998,157.317,0.1,0.1
13.04.2021 08:33:20.270 GMT-0500,157.442,157.378,0.1,0.1
13.04.2021 08:33:20.320 GMT-0500,157.44299999999998,157.317,0.1,0.1
13.04.2021 08:33:20.372 GMT-0500,157.44299999999998,157.377,0.1,0.075
13.04.2021 08:33:20.482 GMT-0500,157.43200000000002,157.378,0.0008,0.1
13.04.2021 08:33:21.245 GMT-0500,157.43200000000002,157.388,0.1,0.1
13.04.2021 08:33:21.295 GMT-0500,157.43200000000002,157.368,0.1,0.1
13.04.2021 08:33:21.489 GMT-0500,157.43200000000002,157.398,0.0008,0.075
13.04.2021 08:33:21.539 GMT-0500,157.512,157.398,0.1,0.1
13.04.2021 08:33:21.598 GMT-0500,157.49200000000002,157.408,0.075,0.075
13.04.2021 08:33:21.767 GMT-0500,157.483,157.407,0.1,0.1
13.04.2021 08:33:22.132 GMT-0500,157.482,157.438,0.1,0.075
13.04.2021 08:33:22.182 GMT-0500,157.502,157.398,0.1,0.1
13.04.2021 08:33:22.236 GMT-0500,157.493,157.39700000000002,0.075,0.1
13.04.2021 08:33:22.337 GMT-0500,157.572,157.488,0.1,0.1
13.04.2021 08:33:23.190 GMT-0500,157.603,157.58700000000002,0.0008,0.075
13.04.2021 08:33:23.241 GMT-0500,157.622,157.588,0.1,0.1
13.04.2021 08:33:23.648 GMT-0500,157.64200000000002,157.588,0.075,0.1
13.04.2021 08:33:23.698 GMT-0500,157.66299999999998,157.627,0.1,0.1
13.04.2021 08:33:24.327 GMT-0500,157.702,157.628,0.1,0.1
13.04.2021 08:33:24.378 GMT-0500,157.703,157.64700000000002,0.1,0.1
13.04.2021 08:33:24.767 GMT-0500,157.68200000000002,157.648,0.0008,0.1
13.04.2021 08:33:24.818 GMT-0500,157.703,157.64700000000002,0.1,0.1
13.04.2021 08:33:25.052 GMT-0500,157.703,157.67700000000002,0.0008,0.075
13.04.2021 08:33:25.103 GMT-0500,157.752,157.678,0.1,0.1
13.04.2021 08:33:25.325 GMT-0500,157.71200000000002,157.678,0.075,0.1
13.04.2021 08:33:26.358 GMT-0500,157.702,157.628,0.075,0.1
13.04.2021 08:33:26.416 GMT-0500,157.713,157.627,0.1,0.1
13.04.2021 08:33:26.467 GMT-0500,157.713,157.627,0.1,0.1
13.04.2021 08:33:27.878 GMT-0500,157.71200000000002,157.668,0.1,0.075
13.04.2021 08:33:27.928 GMT-0500,157.71200000000002,157.648,0.1,0.1
13.04.2021 08:33:28.587 GMT-0500,157.71200000000002,157.628,0.1,0.1
13.04.2021 08:33:28.641 GMT-0500,157.713,157.64700000000002,0.1,0.075
13.04.2021 08:33:28.742 GMT-0500,157.703,157.627,0.1,0.1
13.04.2021 08:33:29.100 GMT-0500,157.713,157.627,0.1,0.1
13.04.2021 08:33:29.162 GMT-0500,157.713,157.64700000000002,0.1,0.075
13.04.2021 08:33:30.148 GMT-0500,157.71200000000002,157.628,0.1,0.1
13.04.2021 08:33:31.175 GMT-0500,157.71200000000002,157.678,0.1,0.075
13.04.2021 08:33:31.225 GMT-0500,157.753,157.657,0.1,0.1
13.04.2021 08:33:31.334 GMT-0500,157.713,157.657,0.0008,0.1
13.04.2021 08:33:31.927 GMT-0500,157.703,157.67700000000002,0.075,0.075
13.04.2021 08:33:32.067 GMT-0500,157.702,157.678,0.075,0.1
13.04.2021 08:33:32.117 GMT-0500,157.713,157.687,0.1,0.1
13.04.2021 08:33:32.187 GMT-0500,157.722,157.698,0.1,0.1
13.04.2021 08:33:32.515 GMT-0500,157.71200000000002,157.698,0.075,0.1
13.04.2021 08:33:32.658 GMT-0500,157.72299999999998,157.697,0.1,0.1
13.04.2021 08:33:32.709 GMT-0500,157.753,157.697,0.1,0.1
13.04.2021 08:33:32.831 GMT-0500,157.722,157.708,0.075,0.1
13.04.2021 08:33:32.947 GMT-0500,157.71200000000002,157.708,0.0008,0.075
13.04.2021 08:33:32.997 GMT-0500,157.753,157.64700000000002,0.1,0.1
13.04.2021 08:33:33.047 GMT-0500,157.713,157.697,0.1,0.1
13.04.2021 08:33:33.098 GMT-0500,157.753,157.697,0.1,0.1
13.04.2021 08:33:33.347 GMT-0500,157.753,157.70700000000002,0.0008,0.075
13.04.2021 08:33:33.398 GMT-0500,157.752,157.698,0.1,0.1
13.04.2021 08:33:33.634 GMT-0500,157.793,157.697,0.1,0.1
13.04.2021 08:33:34.497 GMT-0500,157.792,157.738,0.0008,0.075
13.04.2021 08:33:34.548 GMT-0500,157.83200000000002,157.698,0.1,0.1
13.04.2021 08:33:35.050 GMT-0500,157.783,157.697,0.1,0.1
13.04.2021 08:33:35.101 GMT-0500,157.83200000000002,157.738,0.1,0.1
13.04.2021 08:33:35.347 GMT-0500,157.86200000000002,157.778,0.1,0.1
13.04.2021 08:33:35.397 GMT-0500,157.90200000000002,157.778,0.1,0.1
13.04.2021 08:33:35.449 GMT-0500,157.90200000000002,157.798,0.1,0.075
13.04.2021 08:33:35.549 GMT-0500,157.933,157.797,0.1,0.1
13.04.2021 08:33:36.189 GMT-0500,157.93200000000002,157.798,0.1,0.1
13.04.2021 08:33:36.847 GMT-0500,157.883,157.827,0.1,0.1
13.04.2021 08:33:36.897 GMT-0500,157.882,157.798,0.1,0.1
13.04.2021 08:33:38.139 GMT-0500,157.813,157.73700000000002,0.1,0.1
13.04.2021 08:33:38.267 GMT-0500,157.813,157.757,0.1,0.1
13.04.2021 08:33:38.485 GMT-0500,157.773,157.687,0.075,0.1
13.04.2021 08:33:38.535 GMT-0500,157.813,157.687,0.1,0.1
13.04.2021 08:33:38.585 GMT-0500,157.773,157.687,0.1,0.1
13.04.2021 08:33:38.636 GMT-0500,157.813,157.70700000000002,0.1,0.1
13.04.2021 08:33:38.764 GMT-0500,157.77200000000002,157.708,0.0008,0.1
13.04.2021 08:33:38.905 GMT-0500,157.722,157.648,0.1,0.1
13.04.2021 08:33:39.038 GMT-0500,157.733,157.667,0.075,0.075
13.04.2021 08:33:39.239 GMT-0500,157.77200000000002,157.668,0.1,0.1
13.04.2021 08:33:39.399 GMT-0500,157.732,157.668,0.1,0.1
13.04.2021 08:33:39.561 GMT-0500,157.77200000000002,157.668,0.1,0.1
13.04.2021 08:33:39.658 GMT-0500,157.77200000000002,157.668,0.1,0.1
13.04.2021 08:33:39.709 GMT-0500,157.77200000000002,157.668,0.1,0.1
13.04.2021 08:33:39.932 GMT-0500,157.773,157.687,0.1,0.1
13.04.2021 08:33:39.982 GMT-0500,157.77200000000002,157.668,0.1,0.1
13.04.2021 08:33:40.261 GMT-0500,157.77200000000002,157.708,0.1,0.075
13.04.2021 08:33:40.311 GMT-0500,157.773,157.687,0.1,0.1
13.04.2021 08:33:40.362 GMT-0500,157.812,157.688,0.1,0.1
13.04.2021 08:33:40.412 GMT-0500,157.813,157.727,0.1,0.1
13.04.2021 08:33:40.462 GMT-0500,157.813,157.717,0.1,0.1
13.04.2021 08:33:40.513 GMT-0500,157.812,157.738,0.1,0.1
13.04.2021 08:33:40.860 GMT-0500,157.843,157.73700000000002,0.1,0.1
13.04.2021 08:33:40.911 GMT-0500,157.843,157.757,0.1,0.1
13.04.2021 08:33:40.961 GMT-0500,157.843,157.73700000000002,0.1,0.1
13.04.2021 08:33:41.039 GMT-0500,157.842,157.758,0.1,0.1
13.04.2021 08:33:41.089 GMT-0500,157.842,157.738,0.1,0.1
13.04.2021 08:33:42.574 GMT-0500,157.782,157.738,0.075,0.1
13.04.2021 08:33:42.624 GMT-0500,157.843,157.73700000000002,0.1,0.1
13.04.2021 08:33:42.731 GMT-0500,157.793,157.73700000000002,0.075,0.1
13.04.2021 08:33:42.782 GMT-0500,157.842,157.738,0.1,0.1
13.04.2021 08:33:43.439 GMT-0500,157.883,157.787,0.1,0.1
13.04.2021 08:33:43.490 GMT-0500,157.882,157.758,0.1,0.1
13.04.2021 08:33:43.590 GMT-0500,157.882,157.778,0.1,0.1
13.04.2021 08:33:43.696 GMT-0500,157.883,157.817,0.1,0.1
13.04.2021 08:33:43.746 GMT-0500,157.882,157.808,0.1,0.1
13.04.2021 08:33:43.846 GMT-0500,157.933,157.80700000000002,0.1,0.1
13.04.2021 08:33:43.897 GMT-0500,157.89200000000002,157.808,0.1,0.1
13.04.2021 08:33:44.934 GMT-0500,157.893,157.77700000000002,0.1,0.1
13.04.2021 08:33:45.097 GMT-0500,157.89200000000002,157.84799999999998,0.0008,0.075
13.04.2021 08:33:45.148 GMT-0500,157.93200000000002,157.84799999999998,0.1,0.1
13.04.2021 08:33:45.921 GMT-0500,157.972,157.84799999999998,0.1,0.1
13.04.2021 08:33:46.133 GMT-0500,157.923,157.847,0.075,0.1
13.04.2021 08:33:46.438 GMT-0500,157.923,157.857,0.1,0.1
13.04.2021 08:33:47.216 GMT-0500,157.873,157.852,0.0008,0.075
13.04.2021 08:33:47.266 GMT-0500,157.872,157.758,0.1,0.1
13.04.2021 08:33:47.472 GMT-0500,157.78,157.717,0.075,0.1
13.04.2021 08:33:47.523 GMT-0500,157.813,157.687,0.1,0.1
13.04.2021 08:33:47.927 GMT-0500,157.812,157.728,0.1,0.1
13.04.2021 08:33:48.286 GMT-0500,157.813,157.727,0.1,0.1
13.04.2021 08:33:48.337 GMT-0500,157.812,157.728,0.1,0.1
13.04.2021 08:33:48.476 GMT-0500,157.813,157.757,0.0008,0.075
13.04.2021 08:33:48.527 GMT-0500,157.872,157.748,0.1,0.1
13.04.2021 08:33:48.981 GMT-0500,157.813,157.747,0.0008,0.075
13.04.2021 08:33:49.032 GMT-0500,157.812,157.738,0.1,0.1
13.04.2021 08:33:49.132 GMT-0500,157.822,157.738,0.1,0.1
13.04.2021 08:33:49.871 GMT-0500,157.823,157.727,0.1,0.1
13.04.2021 08:33:49.922 GMT-0500,157.822,157.738,0.1,0.1
13.04.2021 08:33:50.061 GMT-0500,157.822,157.688,0.1,0.1
13.04.2021 08:33:50.118 GMT-0500,157.822,157.688,0.1,0.1
13.04.2021 08:33:50.730 GMT-0500,157.823,157.687,0.1,0.1
13.04.2021 08:33:50.830 GMT-0500,157.823,157.687,0.1,0.1
13.04.2021 08:33:50.978 GMT-0500,157.80200000000002,157.718,0.075,0.1
13.04.2021 08:33:51.242 GMT-0500,157.782,157.718,0.0008,0.075
13.04.2021 08:33:51.292 GMT-0500,157.80200000000002,157.718,0.1,0.1
13.04.2021 08:33:52.121 GMT-0500,157.80200000000002,157.758,0.0008,0.075
13.04.2021 08:33:52.171 GMT-0500,157.823,157.717,0.1,0.1
13.04.2021 08:33:54.291 GMT-0500,157.872,157.718,0.1,0.1
13.04.2021 08:33:54.351 GMT-0500,157.833,157.717,0.075,0.1
13.04.2021 08:33:54.714 GMT-0500,157.83200000000002,157.718,0.1,0.1
13.04.2021 08:33:54.896 GMT-0500,157.872,157.758,0.1,0.1
13.04.2021 08:33:55.653 GMT-0500,157.872,157.78799999999998,0.1,0.075
13.04.2021 08:33:55.754 GMT-0500,157.863,157.787,0.1,0.1
13.04.2021 08:33:55.876 GMT-0500,157.86200000000002,157.758,0.1,0.1
13.04.2021 08:33:56.334 GMT-0500,157.863,157.757,0.1,0.1
13.04.2021 08:33:56.996 GMT-0500,157.822,157.718,0.075,0.1
13.04.2021 08:33:57.046 GMT-0500,157.833,157.717,0.1,0.1
13.04.2021 08:33:57.567 GMT-0500,157.813,157.717,0.075,0.1
13.04.2021 08:33:58.343 GMT-0500,157.812,157.778,0.1,0.075
13.04.2021 08:33:58.393 GMT-0500,157.823,157.757,0.1,0.1
13.04.2021 08:33:58.444 GMT-0500,157.823,157.717,0.1,0.1
13.04.2021 08:33:58.648 GMT-0500,157.823,157.757,0.1,0.075
13.04.2021 08:33:58.949 GMT-0500,157.803,157.717,0.075,0.1
13.04.2021 08:33:58.999 GMT-0500,157.812,157.718,0.1,0.1
13.04.2021 08:33:59.665 GMT-0500,157.812,157.728,0.0008,0.075
13.04.2021 08:33:59.715 GMT-0500,157.813,157.717,0.1,0.1
13.04.2021 08:33:59.900 GMT-0500,157.803,157.717,0.0008,0.1
13.04.2021 08:33:59.950 GMT-0500,157.812,157.718,0.1,0.1
13.04.2021 08:34:00.461 GMT-0500,157.83200000000002,157.758,0.1,0.1
13.04.2021 08:34:00.563 GMT-0500,157.853,157.757,0.1,0.1
13.04.2021 08:34:00.934 GMT-0500,157.853,157.757,0.1,0.1
13.04.2021 08:34:00.985 GMT-0500,157.853,157.757,0.1,0.1
13.04.2021 08:34:02.021 GMT-0500,157.872,157.758,0.1,0.1
13.04.2021 08:34:02.677 GMT-0500,157.86200000000002,157.758,0.075,0.1
13.04.2021 08:34:03.428 GMT-0500,157.863,157.817,0.1,0.075
13.04.2021 08:34:03.478 GMT-0500,157.86200000000002,157.758,0.1,0.1
13.04.2021 08:34:03.961 GMT-0500,157.863,157.76700000000002,0.1,0.075
13.04.2021 08:34:04.656 GMT-0500,157.863,157.80700000000002,0.1,0.075
13.04.2021 08:34:04.816 GMT-0500,157.863,157.827,0.1,0.075
13.04.2021 08:34:04.867 GMT-0500,157.863,157.80700000000002,0.1,0.1
13.04.2021 08:34:06.262 GMT-0500,157.863,157.797,0.1,0.1
13.04.2021 08:34:06.422 GMT-0500,157.863,157.797,0.1,0.1
13.04.2021 08:34:06.472 GMT-0500,157.86200000000002,157.798,0.1,0.1
13.04.2021 08:34:07.875 GMT-0500,157.863,157.83700000000002,0.1,0.075
13.04.2021 08:34:07.925 GMT-0500,157.863,157.797,0.1,0.1
13.04.2021 08:34:08.441 GMT-0500,157.86200000000002,157.768,0.1,0.1
13.04.2021 08:34:08.571 GMT-0500,157.863,157.797,0.1,0.1
13.04.2021 08:34:09.311 GMT-0500,157.86200000000002,157.838,0.0008,0.075
13.04.2021 08:34:09.361 GMT-0500,157.883,157.817,0.1,0.1
13.04.2021 08:34:09.726 GMT-0500,157.882,157.838,0.1,0.075
13.04.2021 08:34:09.827 GMT-0500,157.883,157.817,0.1,0.1
13.04.2021 08:34:10.251 GMT-0500,157.882,157.81799999999998,0.1,0.1
13.04.2021 08:34:10.351 GMT-0500,157.842,157.758,0.1,0.1
13.04.2021 08:34:10.500 GMT-0500,157.843,157.717,0.1,0.1
13.04.2021 08:34:10.551 GMT-0500,157.843,157.757,0.1,0.1
13.04.2021 08:34:10.812 GMT-0500,157.843,157.76700000000002,0.1,0.075
13.04.2021 08:34:11.111 GMT-0500,157.812,157.768,0.075,0.1
13.04.2021 08:34:11.162 GMT-0500,157.842,157.768,0.1,0.1
13.04.2021 08:34:11.516 GMT-0500,157.843,157.76700000000002,0.075,0.1
13.04.2021 08:34:11.566 GMT-0500,157.853,157.76700000000002,0.1,0.1
13.04.2021 08:34:11.618 GMT-0500,157.882,157.798,0.1,0.1
13.04.2021 08:34:11.669 GMT-0500,157.883,157.77700000000002,0.1,0.1
13.04.2021 08:34:11.719 GMT-0500,157.852,157.778,0.1,0.1
13.04.2021 08:34:11.769 GMT-0500,157.882,157.778,0.1,0.1
13.04.2021 08:34:11.870 GMT-0500,157.923,157.80700000000002,0.1,0.1
13.04.2021 08:34:11.952 GMT-0500,157.882,157.808,0.075,0.1
13.04.2021 08:34:12.071 GMT-0500,157.923,157.80700000000002,0.1,0.1
13.04.2021 08:34:12.121 GMT-0500,157.872,157.778,0.1,0.1
13.04.2021 08:34:13.117 GMT-0500,157.863,157.77700000000002,0.075,0.1
13.04.2021 08:34:14.755 GMT-0500,157.863,157.827,0.1,0.1
13.04.2021 08:34:14.805 GMT-0500,157.86200000000002,157.808,0.1,0.1
13.04.2021 08:34:15.103 GMT-0500,157.86200000000002,157.778,0.1,0.1
13.04.2021 08:34:15.251 GMT-0500,157.863,157.80700000000002,0.1,0.1
13.04.2021 08:34:15.889 GMT-0500,157.86200000000002,157.808,0.075,0.1
13.04.2021 08:34:15.940 GMT-0500,157.912,157.808,0.1,0.1
13.04.2021 08:34:16.371 GMT-0500,157.893,157.80700000000002,0.075,0.1
13.04.2021 08:34:17.611 GMT-0500,158.012,157.928,0.1,0.1
13.04.2021 08:34:17.661 GMT-0500,158.012,157.898,0.1,0.1
13.04.2021 08:34:17.761 GMT-0500,158.012,157.928,0.1,0.1
13.04.2021 08:34:18.050 GMT-0500,157.97299999999998,157.907,0.075,0.1
13.04.2021 08:34:18.101 GMT-0500,157.982,157.898,0.1,0.1
13.04.2021 08:34:18.352 GMT-0500,157.952,157.868,0.1,0.1
13.04.2021 08:34:18.402 GMT-0500,157.983,157.86700000000002,0.1,0.1
13.04.2021 08:34:18.453 GMT-0500,157.983,157.89700000000002,0.1,0.1
13.04.2021 08:34:18.551 GMT-0500,157.983,157.86700000000002,0.1,0.1
13.04.2021 08:34:18.629 GMT-0500,157.983,157.89700000000002,0.1,0.075
13.04.2021 08:34:19.409 GMT-0500,157.983,157.86700000000002,0.1,0.1
13.04.2021 08:34:19.510 GMT-0500,157.983,157.89700000000002,0.1,0.075
13.04.2021 08:34:19.561 GMT-0500,157.982,157.868,0.1,0.1
13.04.2021 08:34:19.650 GMT-0500,157.953,157.86700000000002,0.075,0.1
13.04.2021 08:34:19.878 GMT-0500,157.953,157.877,0.1,0.075
13.04.2021 08:34:19.979 GMT-0500,157.953,157.86700000000002,0.1,0.1
13.04.2021 08:34:21.031 GMT-0500,157.953,157.83700000000002,0.1,0.1
13.04.2021 08:34:21.111 GMT-0500,157.953,157.86700000000002,0.1,0.075
13.04.2021 08:34:21.162 GMT-0500,157.952,157.838,0.1,0.1
13.04.2021 08:34:22.265 GMT-0500,157.953,157.86700000000002,0.1,0.075
13.04.2021 08:34:22.315 GMT-0500,157.953,157.83700000000002,0.1,0.1
13.04.2021 08:34:22.791 GMT-0500,157.952,157.838,0.075,0.1
13.04.2021 08:34:22.841 GMT-0500,157.982,157.878,0.1,0.1
13.04.2021 08:34:22.996 GMT-0500,157.983,157.877,0.075,0.1
13.04.2021 08:34:23.047 GMT-0500,158.013,157.877,0.1,0.1
13.04.2021 08:34:23.175 GMT-0500,157.972,157.878,0.075,0.1
13.04.2021 08:34:23.225 GMT-0500,158.013,157.877,0.1,0.1
13.04.2021 08:34:23.705 GMT-0500,158.013,157.917,0.1,0.075
13.04.2021 08:34:24.170 GMT-0500,158.02200000000002,157.918,0.1,0.1
13.04.2021 08:34:24.297 GMT-0500,158.012,157.918,0.075,0.1
13.04.2021 08:34:24.348 GMT-0500,158.083,157.95700000000002,0.1,0.1
13.04.2021 08:34:24.419 GMT-0500,158.042,157.958,0.0008,0.1
13.04.2021 08:34:24.527 GMT-0500,158.042,157.958,0.075,0.1
13.04.2021 08:34:24.578 GMT-0500,158.083,158.01700000000002,0.1,0.1
13.04.2021 08:34:24.629 GMT-0500,158.123,158.05700000000002,0.1,0.1
13.04.2021 08:34:24.679 GMT-0500,158.14200000000002,158.028,0.1,0.1
13.04.2021 08:34:24.729 GMT-0500,158.113,158.02700000000002,0.1,0.1
13.04.2021 08:34:25.177 GMT-0500,158.073,157.997,0.1,0.1
13.04.2021 08:34:25.279 GMT-0500,158.11200000000002,157.998,0.1,0.1
13.04.2021 08:34:25.357 GMT-0500,158.11200000000002,158.028,0.1,0.075
13.04.2021 08:34:25.407 GMT-0500,158.11200000000002,157.998,0.1,0.1
13.04.2021 08:34:25.490 GMT-0500,158.113,158.02700000000002,0.1,0.1
13.04.2021 08:34:25.541 GMT-0500,158.113,157.997,0.1,0.1
13.04.2021 08:34:25.627 GMT-0500,158.11200000000002,158.028,0.1,0.075
13.04.2021 08:34:25.727 GMT-0500,158.15200000000002,158.058,0.1,0.1
13.04.2021 08:34:25.778 GMT-0500,158.133,158.02700000000002,0.1,0.1
13.04.2021 08:34:26.912 GMT-0500,158.132,158.03799999999998,0.1,0.075
13.04.2021 08:34:26.963 GMT-0500,158.132,158.028,0.1,0.1
13.04.2021 08:34:28.487 GMT-0500,158.102,158.028,0.0008,0.1
13.04.2021 08:34:28.940 GMT-0500,158.08200000000002,157.998,0.075,0.1
13.04.2021 08:34:28.990 GMT-0500,158.102,157.998,0.1,0.1
13.04.2021 08:34:29.040 GMT-0500,158.092,158.048,0.1,0.1
13.04.2021 08:34:29.091 GMT-0500,158.092,158.028,0.1,0.1
13.04.2021 08:34:29.257 GMT-0500,158.132,158.058,0.1,0.1
13.04.2021 08:34:29.476 GMT-0500,158.133,158.02700000000002,0.075,0.1
13.04.2021 08:34:29.527 GMT-0500,158.16299999999998,158.02700000000002,0.1,0.1
13.04.2021 08:34:29.577 GMT-0500,158.133,158.02700000000002,0.1,0.1
13.04.2021 08:34:29.708 GMT-0500,158.162,158.09799999999998,0.1,0.1
13.04.2021 08:34:29.758 GMT-0500,158.16299999999998,158.077,0.1,0.1
13.04.2021 08:34:29.995 GMT-0500,158.172,158.078,0.1,0.1
13.04.2021 08:34:30.045 GMT-0500,158.162,158.078,0.1,0.1
13.04.2021 08:34:30.620 GMT-0500,158.16299999999998,158.02700000000002,0.1,0.1
13.04.2021 08:34:30.670 GMT-0500,158.16299999999998,158.067,0.1,0.1
13.04.2021 08:34:31.085 GMT-0500,158.122,158.028,0.075,0.1
13.04.2021 08:34:31.136 GMT-0500,158.132,158.028,0.1,0.1
13.04.2021 08:34:31.380 GMT-0500,158.103,158.02700000000002,0.075,0.1
13.04.2021 08:34:31.430 GMT-0500,158.103,157.997,0.1,0.1
13.04.2021 08:34:31.527 GMT-0500,158.102,157.998,0.1,0.1
13.04.2021 08:34:31.628 GMT-0500,158.102,157.998,0.1,0.1
13.04.2021 08:34:31.678 GMT-0500,158.103,158.02700000000002,0.1,0.1
13.04.2021 08:34:32.020 GMT-0500,158.102,157.998,0.1,0.1
13.04.2021 08:34:32.155 GMT-0500,158.093,157.997,0.1,0.1
13.04.2021 08:34:32.284 GMT-0500,158.093,157.997,0.1,0.1
13.04.2021 08:34:32.605 GMT-0500,158.093,157.997,0.1,0.1
13.04.2021 08:34:32.721 GMT-0500,158.063,157.95700000000002,0.1,0.1
13.04.2021 08:34:32.771 GMT-0500,158.073,157.997,0.1,0.1
13.04.2021 08:34:33.021 GMT-0500,158.072,157.958,0.1,0.1
13.04.2021 08:34:33.072 GMT-0500,158.093,157.997,0.1,0.1
13.04.2021 08:34:33.185 GMT-0500,158.072,157.998,0.075,0.1
13.04.2021 08:34:33.285 GMT-0500,158.073,157.95700000000002,0.1,0.1
13.04.2021 08:34:33.336 GMT-0500,158.073,157.967,0.1,0.1
13.04.2021 08:34:33.931 GMT-0500,158.072,157.998,0.1,0.1
13.04.2021 08:34:34.590 GMT-0500,158.042,157.968,0.1,0.1
13.04.2021 08:34:34.661 GMT-0500,158.073,157.967,0.1,0.1
13.04.2021 08:34:35.158 GMT-0500,158.043,157.967,0.0008,0.1
13.04.2021 08:34:35.308 GMT-0500,158.042,157.978,0.1,0.075
13.04.2021 08:34:35.422 GMT-0500,158.042,157.968,0.1,0.1
13.04.2021 08:34:35.473 GMT-0500,158.042,157.968,0.1,0.1
13.04.2021 08:34:35.771 GMT-0500,158.042,157.978,0.1,0.075
13.04.2021 08:34:36.174 GMT-0500,158.043,157.967,0.1,0.1
13.04.2021 08:34:36.473 GMT-0500,158.043,158.007,0.1,0.075
13.04.2021 08:34:36.523 GMT-0500,158.093,157.997,0.1,0.1
13.04.2021 08:34:36.590 GMT-0500,158.083,157.997,0.0008,0.1
13.04.2021 08:34:36.733 GMT-0500,158.08200000000002,158.028,0.1,0.075
13.04.2021 08:34:36.784 GMT-0500,158.08200000000002,157.998,0.1,0.1
13.04.2021 08:34:38.309 GMT-0500,158.072,157.998,0.1,0.1
13.04.2021 08:34:38.493 GMT-0500,158.083,157.997,0.1,0.1
13.04.2021 08:34:39.114 GMT-0500,158.072,157.998,0.075,0.1
13.04.2021 08:34:40.086 GMT-0500,158.043,157.967,0.1,0.1
13.04.2021 08:34:40.136 GMT-0500,158.072,157.968,0.1,0.1
13.04.2021 08:34:40.187 GMT-0500,158.05200000000002,157.998,0.1,0.1
13.04.2021 08:34:40.237 GMT-0500,158.05200000000002,157.968,0.1,0.1
13.04.2021 08:34:40.329 GMT-0500,158.043,157.967,0.075,0.1
13.04.2021 08:34:40.380 GMT-0500,158.053,157.967,0.1,0.1
13.04.2021 08:34:40.430 GMT-0500,158.05200000000002,157.998,0.1,0.1
13.04.2021 08:34:40.548 GMT-0500,158.102,157.998,0.1,0.1
13.04.2021 08:34:40.637 GMT-0500,158.062,157.998,0.075,0.1
13.04.2021 08:34:40.738 GMT-0500,158.102,158.028,0.1,0.1
13.04.2021 08:34:40.959 GMT-0500,158.083,157.997,0.1,0.1
13.04.2021 08:34:41.009 GMT-0500,158.08200000000002,157.998,0.1,0.1
13.04.2021 08:34:41.073 GMT-0500,158.08200000000002,158.028,0.1,0.1
13.04.2021 08:34:41.202 GMT-0500,158.083,157.997,0.1,0.1
13.04.2021 08:34:41.716 GMT-0500,158.063,157.997,0.0008,0.1
13.04.2021 08:34:41.766 GMT-0500,158.113,158.02700000000002,0.1,0.1
13.04.2021 08:34:41.816 GMT-0500,158.183,158.097,0.1,0.1
13.04.2021 08:34:41.867 GMT-0500,158.183,158.02700000000002,0.1,0.1
13.04.2021 08:34:41.917 GMT-0500,158.15200000000002,158.028,0.1,0.1
13.04.2021 08:34:42.172 GMT-0500,158.15200000000002,158.078,0.1,0.1
13.04.2021 08:34:42.273 GMT-0500,158.192,158.108,0.1,0.1
13.04.2021 08:34:42.324 GMT-0500,158.192,158.128,0.1,0.1
13.04.2021 08:34:42.374 GMT-0500,158.192,158.108,0.1,0.1
13.04.2021 08:34:42.648 GMT-0500,158.202,158.108,0.1,0.1
13.04.2021 08:34:43.138 GMT-0500,158.162,158.078,0.075,0.1
13.04.2021 08:34:43.188 GMT-0500,158.173,158.077,0.1,0.1
13.04.2021 08:34:43.419 GMT-0500,158.162,158.078,0.075,0.1
13.04.2021 08:34:43.469 GMT-0500,158.16299999999998,158.067,0.1,0.1
13.04.2021 08:34:43.782 GMT-0500,158.16299999999998,158.037,0.1,0.1
13.04.2021 08:34:43.832 GMT-0500,158.103,158.067,0.1,0.1
13.04.2021 08:34:43.883 GMT-0500,158.103,158.047,0.1,0.1
13.04.2021 08:34:43.933 GMT-0500,158.083,158.047,0.1,0.1
13.04.2021 08:34:43.983 GMT-0500,158.103,158.047,0.1,0.1
13.04.2021 08:34:44.335 GMT-0500,158.102,158.03799999999998,0.1,0.1
13.04.2021 08:34:44.871 GMT-0500,158.08200000000002,158.03799999999998,0.075,0.1
13.04.2021 08:34:44.922 GMT-0500,158.102,158.03799999999998,0.1,0.1
13.04.2021 08:34:45.022 GMT-0500,158.103,158.02700000000002,0.1,0.1
13.04.2021 08:34:45.073 GMT-0500,158.102,158.018,0.1,0.1
13.04.2021 08:34:45.258 GMT-0500,158.063,158.01700000000002,0.0008,0.075
13.04.2021 08:34:45.308 GMT-0500,158.102,158.008,0.1,0.1
13.04.2021 08:34:48.000 GMT-0500,158.102,158.048,0.1,0.1
13.04.2021 08:34:48.199 GMT-0500,158.102,158.008,0.1,0.1
13.04.2021 08:34:48.249 GMT-0500,158.162,158.06799999999998,0.1,0.1
13.04.2021 08:34:48.354 GMT-0500,158.14200000000002,158.06799999999998,0.0008,0.1
13.04.2021 08:34:49.176 GMT-0500,158.143,158.097,0.1,0.1
13.04.2021 08:34:49.227 GMT-0500,158.202,158.128,0.1,0.1
13.04.2021 08:34:49.327 GMT-0500,158.173,158.127,0.1,0.1
13.04.2021 08:34:49.416 GMT-0500,158.172,158.06799999999998,0.1,0.1
13.04.2021 08:34:49.484 GMT-0500,158.162,158.06799999999998,0.0008,0.1
13.04.2021 08:34:49.585 GMT-0500,158.172,158.078,0.1,0.1
13.04.2021 08:34:50.506 GMT-0500,158.162,158.078,0.0008,0.1
13.04.2021 08:34:50.558 GMT-0500,158.172,158.078,0.1,0.1
13.04.2021 08:34:50.618 GMT-0500,158.162,158.078,0.0008,0.1
13.04.2021 08:34:50.870 GMT-0500,158.153,158.02700000000002,0.1,0.1
13.04.2021 08:34:50.937 GMT-0500,158.11200000000002,158.028,0.075,0.1
13.04.2021 08:34:51.150 GMT-0500,158.11200000000002,158.058,0.1,0.075
13.04.2021 08:34:51.747 GMT-0500,158.113,158.02700000000002,0.1,0.1
13.04.2021 08:34:51.859 GMT-0500,158.113,158.047,0.1,0.1
13.04.2021 08:34:55.069 GMT-0500,158.11200000000002,158.028,0.1,0.1
13.04.2021 08:34:55.707 GMT-0500,158.113,158.02700000000002,0.1,0.1
13.04.2021 08:34:55.758 GMT-0500,158.11200000000002,158.028,0.1,0.1
13.04.2021 08:34:55.821 GMT-0500,158.113,158.047,0.1,0.075
13.04.2021 08:34:56.015 GMT-0500,158.11200000000002,158.028,0.1,0.1
13.04.2021 08:34:56.960 GMT-0500,158.113,158.047,0.1,0.075
13.04.2021 08:34:57.594 GMT-0500,158.118,158.108,0.0008,0.075
13.04.2021 08:34:57.645 GMT-0500,158.203,158.08700000000002,0.1,0.1
13.04.2021 08:34:57.719 GMT-0500,158.15200000000002,158.088,0.1,0.1
13.04.2021 08:34:58.745 GMT-0500,158.15200000000002,158.048,0.1,0.1
13.04.2021 08:34:58.809 GMT-0500,158.153,158.08700000000002,0.1,0.075
13.04.2021 08:34:59.296 GMT-0500,158.113,158.047,0.1,0.1
13.04.2021 08:34:59.346 GMT-0500,158.153,158.047,0.1,0.1
13.04.2021 08:34:59.677 GMT-0500,158.153,158.08700000000002,0.1,0.075
13.04.2021 08:34:59.778 GMT-0500,158.153,158.047,0.1,0.1
13.04.2021 08:34:59.874 GMT-0500,158.153,158.047,0.1,0.1
13.04.2021 08:34:59.924 GMT-0500,158.15200000000002,158.048,0.1,0.1
13.04.2021 08:35:00.262 GMT-0500,158.16299999999998,158.047,0.1,0.1
13.04.2021 08:35:00.355 GMT-0500,158.16299999999998,158.08700000000002,0.1,0.1
13.04.2021 08:35:00.465 GMT-0500,158.16299999999998,158.08700000000002,0.1,0.1
13.04.2021 08:35:00.515 GMT-0500,158.162,158.088,0.1,0.1
13.04.2021 08:35:01.021 GMT-0500,158.133,158.047,0.075,0.1
13.04.2021 08:35:01.072 GMT-0500,158.16299999999998,158.047,0.1,0.1
13.04.2021 08:35:01.151 GMT-0500,158.16299999999998,158.047,0.1,0.1
13.04.2021 08:35:01.346 GMT-0500,158.16299999999998,158.047,0.1,0.1
13.04.2021 08:35:01.578 GMT-0500,158.16299999999998,158.08700000000002,0.1,0.075
13.04.2021 08:35:01.628 GMT-0500,158.162,158.048,0.1,0.1
13.04.2021 08:35:01.728 GMT-0500,158.122,158.048,0.0008,0.1
13.04.2021 08:35:02.102 GMT-0500,158.162,158.048,0.1,0.1
13.04.2021 08:35:02.370 GMT-0500,158.16299999999998,158.097,0.1,0.1
13.04.2021 08:35:02.498 GMT-0500,158.16299999999998,158.127,0.1,0.1
13.04.2021 08:35:02.548 GMT-0500,158.202,158.09799999999998,0.1,0.1
13.04.2021 08:35:03.847 GMT-0500,158.202,158.09799999999998,0.1,0.1
13.04.2021 08:35:03.897 GMT-0500,158.202,158.09799999999998,0.1,0.1
13.04.2021 08:35:04.062 GMT-0500,158.203,158.137,0.0008,0.075
13.04.2021 08:35:04.113 GMT-0500,158.21200000000002,158.138,0.1,0.1
13.04.2021 08:35:04.316 GMT-0500,158.213,158.167,0.0008,0.075
13.04.2021 08:35:04.367 GMT-0500,158.24200000000002,158.138,0.1,0.1
13.04.2021 08:35:04.673 GMT-0500,158.232,158.138,0.075,0.1
13.04.2021 08:35:04.839 GMT-0500,158.24200000000002,158.138,0.1,0.1
13.04.2021 08:35:05.208 GMT-0500,158.213,158.137,0.0008,0.1
13.04.2021 08:35:05.259 GMT-0500,158.232,158.138,0.1,0.1
13.04.2021 08:35:05.565 GMT-0500,158.232,158.138,0.1,0.1
13.04.2021 08:35:06.124 GMT-0500,158.183,158.157,0.1,0.1
13.04.2021 08:35:06.175 GMT-0500,158.232,158.138,0.1,0.1
13.04.2021 08:35:06.242 GMT-0500,158.233,158.157,0.1,0.1
13.04.2021 08:35:06.469 GMT-0500,158.233,158.17700000000002,0.0008,0.075
13.04.2021 08:35:06.519 GMT-0500,158.273,158.157,0.1,0.1
13.04.2021 08:35:06.989 GMT-0500,158.233,158.157,0.1,0.1
13.04.2021 08:35:07.121 GMT-0500,158.273,158.157,0.1,0.1
13.04.2021 08:35:07.220 GMT-0500,158.232,158.158,0.075,0.1
13.04.2021 08:35:07.636 GMT-0500,158.213,158.157,0.0008,0.1
13.04.2021 08:35:07.687 GMT-0500,158.232,158.158,0.1,0.1
13.04.2021 08:35:07.977 GMT-0500,158.183,158.157,0.0008,0.075
13.04.2021 08:35:08.028 GMT-0500,158.233,158.157,0.1,0.1
13.04.2021 08:35:08.501 GMT-0500,158.27200000000002,158.158,0.1,0.1
13.04.2021 08:35:08.551 GMT-0500,158.24200000000002,158.178,0.1,0.1
13.04.2021 08:35:09.584 GMT-0500,158.24200000000002,158.198,0.0008,0.075
13.04.2021 08:35:09.635 GMT-0500,158.273,158.17700000000002,0.1,0.1
13.04.2021 08:35:09.691 GMT-0500,158.27200000000002,158.198,0.1,0.075
13.04.2021 08:35:09.892 GMT-0500,158.233,158.197,0.1,0.1
13.04.2021 08:35:10.073 GMT-0500,158.222,158.198,0.0008,0.1
13.04.2021 08:35:10.124 GMT-0500,158.232,158.198,0.1,0.1
13.04.2021 08:35:10.389 GMT-0500,158.273,158.197,0.1,0.1
13.04.2021 08:35:10.703 GMT-0500,158.243,158.197,0.0008,0.1
13.04.2021 08:35:10.754 GMT-0500,158.27200000000002,158.198,0.1,0.1
13.04.2021 08:35:11.096 GMT-0500,158.233,158.197,0.0008,0.075
13.04.2021 08:35:11.148 GMT-0500,158.27200000000002,158.168,0.1,0.1
13.04.2021 08:35:11.332 GMT-0500,158.233,158.167,0.1,0.1
13.04.2021 08:35:11.383 GMT-0500,158.273,158.167,0.1,0.1
13.04.2021 08:35:11.442 GMT-0500,158.233,158.167,0.075,0.1
13.04.2021 08:35:11.492 GMT-0500,158.27200000000002,158.168,0.1,0.1
13.04.2021 08:35:11.544 GMT-0500,158.27200000000002,158.178,0.1,0.075
13.04.2021 08:35:12.115 GMT-0500,158.273,158.17700000000002,0.1,0.1
13.04.2021 08:35:12.165 GMT-0500,158.273,158.17700000000002,0.1,0.1
13.04.2021 08:35:12.215 GMT-0500,158.27200000000002,158.208,0.1,0.1
13.04.2021 08:35:12.266 GMT-0500,158.283,158.20700000000002,0.1,0.1
13.04.2021 08:35:12.420 GMT-0500,158.282,158.178,0.1,0.1
13.04.2021 08:35:12.470 GMT-0500,158.283,158.20700000000002,0.1,0.1
13.04.2021 08:35:12.922 GMT-0500,158.30200000000002,158.208,0.1,0.1
13.04.2021 08:35:13.030 GMT-0500,158.303,158.20700000000002,0.1,0.1
13.04.2021 08:35:13.953 GMT-0500,158.30200000000002,158.248,0.0008,0.075
13.04.2021 08:35:14.003 GMT-0500,158.312,158.218,0.1,0.1
13.04.2021 08:35:14.054 GMT-0500,158.303,158.217,0.0008,0.1
13.04.2021 08:35:14.160 GMT-0500,158.303,158.23700000000002,0.0008,0.1
13.04.2021 08:35:14.210 GMT-0500,158.312,158.238,0.1,0.1
13.04.2021 08:35:14.385 GMT-0500,158.373,158.26700000000002,0.1,0.1
13.04.2021 08:35:14.478 GMT-0500,158.343,158.26700000000002,0.0008,0.1
13.04.2021 08:35:14.580 GMT-0500,158.343,158.27700000000002,0.075,0.1
13.04.2021 08:35:14.631 GMT-0500,158.383,158.30700000000002,0.1,0.1
13.04.2021 08:35:14.693 GMT-0500,158.383,158.30700000000002,0.1,0.1
13.04.2021 08:35:15.073 GMT-0500,158.403,158.317,0.1,0.1
13.04.2021 08:35:15.123 GMT-0500,158.36200000000002,158.31799999999998,0.1,0.1
13.04.2021 08:35:15.754 GMT-0500,158.363,158.317,0.1,0.1
13.04.2021 08:35:15.805 GMT-0500,158.363,158.317,0.1,0.1
13.04.2021 08:35:16.001 GMT-0500,158.363,158.317,0.1,0.1
13.04.2021 08:35:16.051 GMT-0500,158.363,158.317,0.1,0.1
13.04.2021 08:35:16.358 GMT-0500,158.363,158.33700000000002,0.0008,0.075
13.04.2021 08:35:16.408 GMT-0500,158.412,158.338,0.1,0.1
13.04.2021 08:35:17.906 GMT-0500,158.412,158.31799999999998,0.1,0.1
13.04.2021 08:35:17.956 GMT-0500,158.382,158.31799999999998,0.1,0.1
13.04.2021 08:35:18.406 GMT-0500,158.41299999999998,158.317,0.1,0.1
13.04.2021 08:35:18.708 GMT-0500,158.41299999999998,158.33700000000002,0.1,0.075
13.04.2021 08:35:18.758 GMT-0500,158.41299999999998,158.317,0.1,0.1
13.04.2021 08:35:19.953 GMT-0500,158.343,158.317,0.0008,0.075
13.04.2021 08:35:20.004 GMT-0500,158.372,158.298,0.1,0.1
13.04.2021 08:35:20.246 GMT-0500,158.342,158.248,0.1,0.1
13.04.2021 08:35:20.296 GMT-0500,158.312,158.248,0.1,0.1
13.04.2021 08:35:20.346 GMT-0500,158.313,158.23700000000002,0.1,0.1
13.04.2021 08:35:20.581 GMT-0500,158.312,158.208,0.1,0.1
13.04.2021 08:35:20.631 GMT-0500,158.313,158.227,0.1,0.1
13.04.2021 08:35:20.681 GMT-0500,158.312,158.208,0.1,0.1
13.04.2021 08:35:20.731 GMT-0500,158.343,158.23700000000002,0.1,0.1
13.04.2021 08:35:20.832 GMT-0500,158.313,158.20700000000002,0.1,0.1
13.04.2021 08:35:20.980 GMT-0500,158.312,158.228,0.1,0.1
13.04.2021 08:35:21.458 GMT-0500,158.30200000000002,158.208,0.075,0.1
13.04.2021 08:35:21.508 GMT-0500,158.312,158.208,0.1,0.1
13.04.2021 08:35:21.614 GMT-0500,158.282,158.208,0.0008,0.1
13.04.2021 08:35:21.863 GMT-0500,158.253,158.17700000000002,0.1,0.1
13.04.2021 08:35:21.913 GMT-0500,158.283,158.17700000000002,0.1,0.1
13.04.2021 08:35:22.223 GMT-0500,158.282,158.208,0.1,0.075
13.04.2021 08:35:22.273 GMT-0500,158.283,158.17700000000002,0.1,0.1
13.04.2021 08:35:22.352 GMT-0500,158.282,158.178,0.1,0.1
13.04.2021 08:35:22.402 GMT-0500,158.312,158.218,0.1,0.1
13.04.2021 08:35:22.499 GMT-0500,158.283,158.217,0.0008,0.1
13.04.2021 08:35:22.600 GMT-0500,158.313,158.217,0.1,0.1
13.04.2021 08:35:22.748 GMT-0500,158.312,158.218,0.1,0.1
13.04.2021 08:35:22.967 GMT-0500,158.312,158.218,0.1,0.1
13.04.2021 08:35:23.017 GMT-0500,158.312,158.218,0.1,0.1
13.04.2021 08:35:23.216 GMT-0500,158.263,158.227,0.0008,0.075
13.04.2021 08:35:23.266 GMT-0500,158.273,158.197,0.1,0.1
13.04.2021 08:35:23.504 GMT-0500,158.252,158.178,0.1,0.1
13.04.2021 08:35:24.132 GMT-0500,158.243,158.167,0.1,0.1
13.04.2021 08:35:24.183 GMT-0500,158.253,158.167,0.1,0.1
13.04.2021 08:35:25.646 GMT-0500,158.24200000000002,158.198,0.075,0.075
13.04.2021 08:35:25.696 GMT-0500,158.253,158.197,0.1,0.1
13.04.2021 08:35:26.472 GMT-0500,158.213,158.197,0.0008,0.075
13.04.2021 08:35:26.523 GMT-0500,158.203,158.137,0.1,0.1
13.04.2021 08:35:27.046 GMT-0500,158.18200000000002,158.118,0.1,0.1
13.04.2021 08:35:27.096 GMT-0500,158.183,158.097,0.1,0.1
13.04.2021 08:35:27.146 GMT-0500,158.202,158.118,0.1,0.1
13.04.2021 08:35:27.374 GMT-0500,158.18200000000002,158.118,0.075,0.1
13.04.2021 08:35:27.424 GMT-0500,158.183,158.097,0.1,0.1
13.04.2021 08:35:27.475 GMT-0500,158.203,158.097,0.1,0.1
13.04.2021 08:35:27.525 GMT-0500,158.202,158.118,0.1,0.1
13.04.2021 08:35:27.667 GMT-0500,158.143,158.08700000000002,0.075,0.1
13.04.2021 08:35:27.717 GMT-0500,158.14200000000002,158.078,0.1,0.1
13.04.2021 08:35:27.768 GMT-0500,158.162,158.078,0.1,0.1
13.04.2021 08:35:27.826 GMT-0500,158.143,158.077,0.075,0.1
13.04.2021 08:35:27.877 GMT-0500,158.162,158.078,0.1,0.1
13.04.2021 08:35:28.684 GMT-0500,158.14200000000002,158.078,0.0008,0.1
13.04.2021 08:35:28.734 GMT-0500,158.162,158.078,0.1,0.1
13.04.2021 08:35:28.848 GMT-0500,158.162,158.118,0.0008,0.075
13.04.2021 08:35:28.898 GMT-0500,158.202,158.138,0.1,0.1
13.04.2021 08:35:28.949 GMT-0500,158.183,158.097,0.1,0.1
13.04.2021 08:35:29.218 GMT-0500,158.18200000000002,158.118,0.1,0.1
13.04.2021 08:35:29.269 GMT-0500,158.202,158.118,0.1,0.1
13.04.2021 08:35:29.334 GMT-0500,158.173,158.11700000000002,0.0008,0.1
13.04.2021 08:35:29.490 GMT-0500,158.153,158.08700000000002,0.075,0.1
13.04.2021 08:35:29.540 GMT-0500,158.16299999999998,158.047,0.1,0.1
13.04.2021 08:35:29.591 GMT-0500,158.16299999999998,158.08700000000002,0.1,0.1
13.04.2021 08:35:29.775 GMT-0500,158.162,158.088,0.075,0.1
13.04.2021 08:35:29.826 GMT-0500,158.173,158.097,0.1,0.1
13.04.2021 08:35:30.557 GMT-0500,158.172,158.09799999999998,0.1,0.1
13.04.2021 08:35:30.658 GMT-0500,158.172,158.088,0.1,0.1
13.04.2021 08:35:30.808 GMT-0500,158.172,158.108,0.1,0.075
13.04.2021 08:35:31.112 GMT-0500,158.16299999999998,158.107,0.0008,0.1
13.04.2021 08:35:31.494 GMT-0500,158.14200000000002,158.108,0.0008,0.075
13.04.2021 08:35:31.545 GMT-0500,158.16299999999998,158.047,0.1,0.1
13.04.2021 08:35:31.603 GMT-0500,158.162,158.078,0.1,0.1
13.04.2021 08:35:32.329 GMT-0500,158.14200000000002,158.09799999999998,0.075,0.1
13.04.2021 08:35:33.647 GMT-0500,158.14200000000002,158.118,0.1,0.1
13.04.2021 08:35:33.697 GMT-0500,158.143,158.097,0.1,0.1
13.04.2021 08:35:33.848 GMT-0500,158.143,158.107,0.1,0.075
13.04.2021 08:35:34.632 GMT-0500,158.183,158.107,0.1,0.1
13.04.2021 08:35:34.738 GMT-0500,158.16299999999998,158.097,0.075,0.1
13.04.2021 08:35:34.997 GMT-0500,158.172,158.09799999999998,0.1,0.1
13.04.2021 08:35:35.047 GMT-0500,158.173,158.097,0.1,0.1
13.04.2021 08:35:35.206 GMT-0500,158.15200000000002,158.09799999999998,0.0008,0.1
13.04.2021 08:35:35.406 GMT-0500,158.173,158.097,0.1,0.1
13.04.2021 08:35:36.121 GMT-0500,158.153,158.097,0.0008,0.1
13.04.2021 08:35:36.277 GMT-0500,158.173,158.097,0.1,0.1
13.04.2021 08:35:36.999 GMT-0500,158.11200000000002,158.06799999999998,0.1,0.1
13.04.2021 08:35:37.049 GMT-0500,158.153,158.067,0.1,0.1
13.04.2021 08:35:37.876 GMT-0500,158.132,158.058,0.075,0.1
13.04.2021 08:35:37.926 GMT-0500,158.133,158.05700000000002,0.1,0.1
13.04.2021 08:35:37.977 GMT-0500,158.133,158.067,0.1,0.1
13.04.2021 08:35:38.027 GMT-0500,158.132,158.058,0.1,0.1
13.04.2021 08:35:38.613 GMT-0500,158.113,158.02700000000002,0.1,0.1
13.04.2021 08:35:38.663 GMT-0500,158.132,158.048,0.1,0.1
13.04.2021 08:35:38.799 GMT-0500,158.133,158.037,0.1,0.1
13.04.2021 08:35:38.854 GMT-0500,158.132,158.048,0.1,0.075
13.04.2021 08:35:39.019 GMT-0500,158.113,158.047,0.1,0.075
13.04.2021 08:35:39.069 GMT-0500,158.132,158.048,0.1,0.1
13.04.2021 08:35:39.912 GMT-0500,158.113,158.047,0.075,0.1
13.04.2021 08:35:39.962 GMT-0500,158.132,158.048,0.1,0.1
13.04.2021 08:35:40.025 GMT-0500,158.103,158.047,0.0008,0.1
13.04.2021 08:35:40.076 GMT-0500,158.113,158.047,0.1,0.1
13.04.2021 08:35:40.464 GMT-0500,158.092,158.048,0.0008,0.1
13.04.2021 08:35:40.599 GMT-0500,158.083,158.047,0.0008,0.1
13.04.2021 08:35:40.649 GMT-0500,158.092,158.048,0.1,0.1
13.04.2021 08:35:41.417 GMT-0500,158.062,158.048,0.0008,0.075
13.04.2021 08:35:41.468 GMT-0500,158.073,158.01700000000002,0.1,0.1
13.04.2021 08:35:41.927 GMT-0500,158.072,158.008,0.1,0.1
13.04.2021 08:35:42.764 GMT-0500,158.063,158.01700000000002,0.075,0.075
13.04.2021 08:35:42.815 GMT-0500,158.062,157.998,0.1,0.1
13.04.2021 08:35:43.218 GMT-0500,158.042,157.998,0.1,0.1
13.04.2021 08:35:43.330 GMT-0500,158.042,157.988,0.1,0.1
13.04.2021 08:35:43.578 GMT-0500,158.02200000000002,157.988,0.075,0.1
13.04.2021 08:35:43.915 GMT-0500,158.013,157.98700000000002,0.0008,0.075
13.04.2021 08:35:43.966 GMT-0500,158.013,157.967,0.1,0.1
13.04.2021 08:35:44.016 GMT-0500,158.003,157.917,0.075,0.1
13.04.2021 08:35:44.067 GMT-0500,158.003,157.917,0.1,0.1
13.04.2021 08:35:44.801 GMT-0500,158.002,157.908,0.1,0.1
13.04.2021 08:35:44.851 GMT-0500,157.96200000000002,157.908,0.1,0.1
13.04.2021 08:35:46.807 GMT-0500,157.94299999999998,157.89700000000002,0.1,0.1
13.04.2021 08:35:46.918 GMT-0500,157.922,157.898,0.1,0.1
13.04.2021 08:35:47.055 GMT-0500,157.922,157.858,0.1,0.1
13.04.2021 08:35:47.252 GMT-0500,157.912,157.858,0.075,0.1
13.04.2021 08:35:47.454 GMT-0500,157.91299999999998,157.83700000000002,0.1,0.1
13.04.2021 08:35:47.600 GMT-0500,157.91299999999998,157.847,0.1,0.075
13.04.2021 08:35:48.007 GMT-0500,157.912,157.84799999999998,0.075,0.1
13.04.2021 08:35:48.058 GMT-0500,157.96200000000002,157.888,0.1,0.1
13.04.2021 08:35:48.160 GMT-0500,157.963,157.857,0.1,0.1
13.04.2021 08:35:48.347 GMT-0500,157.94299999999998,157.857,0.075,0.1
13.04.2021 08:35:48.778 GMT-0500,157.96200000000002,157.858,0.1,0.1
13.04.2021 08:35:48.833 GMT-0500,157.94299999999998,157.857,0.075,0.1
13.04.2021 08:35:49.106 GMT-0500,157.94299999999998,157.86700000000002,0.1,0.075
13.04.2021 08:35:49.214 GMT-0500,157.94299999999998,157.877,0.075,0.1
13.04.2021 08:35:49.265 GMT-0500,157.963,157.877,0.1,0.1
13.04.2021 08:35:49.320 GMT-0500,157.94299999999998,157.86700000000002,0.075,0.1
13.04.2021 08:35:49.370 GMT-0500,157.94299999999998,157.86700000000002,0.1,0.1
13.04.2021 08:35:49.485 GMT-0500,157.923,157.86700000000002,0.0008,0.1
13.04.2021 08:35:49.590 GMT-0500,157.903,157.83700000000002,0.075,0.1
13.04.2021 08:35:49.641 GMT-0500,157.903,157.83700000000002,0.1,0.1
13.04.2021 08:35:49.944 GMT-0500,157.872,157.808,0.1,0.1
13.04.2021 08:35:50.044 GMT-0500,157.873,157.797,0.1,0.1
13.04.2021 08:35:50.309 GMT-0500,157.872,157.828,0.1,0.1
13.04.2021 08:35:50.359 GMT-0500,157.903,157.827,0.1,0.1
13.04.2021 08:35:51.021 GMT-0500,157.86200000000002,157.828,0.1,0.1
13.04.2021 08:35:51.432 GMT-0500,157.843,157.817,0.075,0.1
13.04.2021 08:35:51.482 GMT-0500,157.86200000000002,157.81799999999998,0.1,0.1
13.04.2021 08:35:52.660 GMT-0500,157.842,157.81799999999998,0.0008,0.075
13.04.2021 08:35:52.710 GMT-0500,157.863,157.797,0.1,0.1
13.04.2021 08:35:52.789 GMT-0500,157.83200000000002,157.798,0.0008,0.1
13.04.2021 08:35:52.839 GMT-0500,157.863,157.797,0.1,0.1
13.04.2021 08:35:52.912 GMT-0500,157.842,157.798,0.075,0.1
13.04.2021 08:35:53.099 GMT-0500,157.823,157.797,0.0008,0.075
13.04.2021 08:35:53.149 GMT-0500,157.842,157.798,0.1,0.1
13.04.2021 08:35:53.204 GMT-0500,157.86200000000002,157.798,0.1,0.1
13.04.2021 08:35:53.298 GMT-0500,157.842,157.798,0.0008,0.1
13.04.2021 08:35:53.674 GMT-0500,157.842,157.758,0.1,0.1
13.04.2021 08:35:53.959 GMT-0500,157.842,157.768,0.1,0.1
13.04.2021 08:35:54.231 GMT-0500,157.843,157.757,0.1,0.1
13.04.2021 08:35:54.471 GMT-0500,157.843,157.76700000000002,0.1,0.1
13.04.2021 08:35:54.617 GMT-0500,157.843,157.76700000000002,0.075,0.1
13.04.2021 08:35:54.667 GMT-0500,157.863,157.80700000000002,0.1,0.1
13.04.2021 08:35:54.948 GMT-0500,157.872,157.778,0.1,0.1
13.04.2021 08:35:54.998 GMT-0500,157.843,157.76700000000002,0.1,0.1
13.04.2021 08:35:55.214 GMT-0500,157.872,157.768,0.1,0.1
13.04.2021 08:35:55.264 GMT-0500,157.83200000000002,157.768,0.1,0.1
13.04.2021 08:35:55.314 GMT-0500,157.83200000000002,157.758,0.1,0.1
13.04.2021 08:35:55.486 GMT-0500,157.83200000000002,157.768,0.0008,0.075
13.04.2021 08:35:55.536 GMT-0500,157.872,157.768,0.1,0.1
13.04.2021 08:35:55.586 GMT-0500,157.903,157.827,0.1,0.1
13.04.2021 08:35:55.700 GMT-0500,157.923,157.83700000000002,0.1,0.1
13.04.2021 08:35:55.914 GMT-0500,157.903,157.83700000000002,0.1,0.1
13.04.2021 08:35:56.107 GMT-0500,157.893,157.83700000000002,0.1,0.1
13.04.2021 08:35:56.731 GMT-0500,157.893,157.86700000000002,0.0008,0.075
13.04.2021 08:35:56.781 GMT-0500,157.942,157.868,0.1,0.1
13.04.2021 08:35:56.870 GMT-0500,157.94299999999998,157.86700000000002,0.1,0.1
13.04.2021 08:35:56.975 GMT-0500,157.942,157.928,0.0008,0.075
13.04.2021 08:35:57.026 GMT-0500,157.96200000000002,157.888,0.1,0.1
13.04.2021 08:35:57.246 GMT-0500,157.96200000000002,157.908,0.1,0.075
13.04.2021 08:35:57.860 GMT-0500,158.033,157.95700000000002,0.1,0.1
13.04.2021 08:35:57.915 GMT-0500,158.013,157.95700000000002,0.0008,0.1
13.04.2021 08:35:58.074 GMT-0500,158.032,157.958,0.1,0.1
13.04.2021 08:35:58.385 GMT-0500,158.05200000000002,157.958,0.1,0.1
13.04.2021 08:35:58.600 GMT-0500,158.053,157.95700000000002,0.1,0.1
13.04.2021 08:35:58.651 GMT-0500,158.05200000000002,157.958,0.1,0.1
13.04.2021 08:35:59.009 GMT-0500,158.053,157.98700000000002,0.1,0.1
13.04.2021 08:35:59.891 GMT-0500,158.05200000000002,157.998,0.1,0.1
13.04.2021 08:36:00.789 GMT-0500,158.032,157.998,0.075,0.1
13.04.2021 08:36:00.890 GMT-0500,158.023,157.98700000000002,0.1,0.1
13.04.2021 08:36:00.940 GMT-0500,158.032,157.988,0.1,0.1
13.04.2021 08:36:01.676 GMT-0500,158.093,157.98700000000002,0.1,0.1
13.04.2021 08:36:01.731 GMT-0500,158.072,157.988,0.075,0.1
13.04.2021 08:36:01.981 GMT-0500,158.093,158.02700000000002,0.1,0.1
13.04.2021 08:36:02.031 GMT-0500,158.093,158.007,0.1,0.1
13.04.2021 08:36:02.109 GMT-0500,158.093,158.02700000000002,0.1,0.075
13.04.2021 08:36:02.209 GMT-0500,158.093,158.007,0.1,0.1
13.04.2021 08:36:02.793 GMT-0500,158.092,158.008,0.1,0.1
13.04.2021 08:36:02.844 GMT-0500,158.092,158.028,0.1,0.1
13.04.2021 08:36:02.975 GMT-0500,158.08200000000002,158.028,0.075,0.1
13.04.2021 08:36:03.026 GMT-0500,158.093,158.01700000000002,0.1,0.1
13.04.2021 08:36:03.263 GMT-0500,158.092,158.008,0.1,0.1
13.04.2021 08:36:03.313 GMT-0500,158.093,158.02700000000002,0.1,0.1
13.04.2021 08:36:03.442 GMT-0500,158.093,158.007,0.1,0.1
13.04.2021 08:36:04.210 GMT-0500,158.05200000000002,158.008,0.0008,0.1
13.04.2021 08:36:04.261 GMT-0500,158.072,157.998,0.1,0.1
13.04.2021 08:36:04.315 GMT-0500,158.073,158.02700000000002,0.1,0.1
13.04.2021 08:36:04.365 GMT-0500,158.073,157.997,0.1,0.1
13.04.2021 08:36:04.690 GMT-0500,158.072,157.998,0.075,0.1
13.04.2021 08:36:04.741 GMT-0500,158.092,158.008,0.1,0.1
13.04.2021 08:36:05.030 GMT-0500,158.093,158.02700000000002,0.1,0.075
13.04.2021 08:36:05.221 GMT-0500,158.093,158.02700000000002,0.1,0.1
13.04.2021 08:36:05.379 GMT-0500,158.093,158.02700000000002,0.1,0.1
13.04.2021 08:36:05.479 GMT-0500,158.123,158.02700000000002,0.1,0.1
13.04.2021 08:36:05.618 GMT-0500,158.103,158.02700000000002,0.075,0.1
13.04.2021 08:36:05.668 GMT-0500,158.103,158.007,0.1,0.1
13.04.2021 08:36:05.765 GMT-0500,158.103,158.02700000000002,0.1,0.1
13.04.2021 08:36:06.082 GMT-0500,158.123,158.02700000000002,0.1,0.1
13.04.2021 08:36:06.149 GMT-0500,158.102,158.028,0.0008,0.1
13.04.2021 08:36:06.199 GMT-0500,158.123,158.037,0.1,0.1
13.04.2021 08:36:06.250 GMT-0500,158.14200000000002,158.06799999999998,0.1,0.1
13.04.2021 08:36:06.475 GMT-0500,158.14200000000002,158.088,0.0008,0.1
13.04.2021 08:36:06.526 GMT-0500,158.16299999999998,158.08700000000002,0.1,0.1
13.04.2021 08:36:06.576 GMT-0500,158.143,158.08700000000002,0.1,0.1
13.04.2021 08:36:06.626 GMT-0500,158.16299999999998,158.08700000000002,0.1,0.1
13.04.2021 08:36:06.977 GMT-0500,158.14200000000002,158.088,0.075,0.1
13.04.2021 08:36:07.028 GMT-0500,158.16299999999998,158.08700000000002,0.1,0.1
13.04.2021 08:36:07.080 GMT-0500,158.14200000000002,158.088,0.0008,0.1
13.04.2021 08:36:07.467 GMT-0500,158.16299999999998,158.08700000000002,0.1,0.1
13.04.2021 08:36:07.743 GMT-0500,158.143,158.08700000000002,0.0008,0.1
13.04.2021 08:36:07.844 GMT-0500,158.122,158.028,0.1,0.1
13.04.2021 08:36:08.141 GMT-0500,158.122,158.048,0.1,0.075
13.04.2021 08:36:08.242 GMT-0500,158.162,158.09799999999998,0.1,0.1
13.04.2021 08:36:08.414 GMT-0500,158.143,158.097,0.0008,0.1
13.04.2021 08:36:08.628 GMT-0500,158.16299999999998,158.097,0.1,0.1
13.04.2021 08:36:09.159 GMT-0500,158.143,158.097,0.0008,0.1
13.04.2021 08:36:09.209 GMT-0500,158.162,158.09799999999998,0.1,0.1
13.04.2021 08:36:09.615 GMT-0500,158.14200000000002,158.09799999999998,0.0008,0.1
13.04.2021 08:36:10.566 GMT-0500,158.143,158.047,0.1,0.1
13.04.2021 08:36:10.616 GMT-0500,158.14200000000002,158.06799999999998,0.1,0.1
13.04.2021 08:36:10.723 GMT-0500,158.123,158.037,0.1,0.1
13.04.2021 08:36:10.777 GMT-0500,158.123,158.037,0.1,0.1
13.04.2021 08:36:10.877 GMT-0500,158.14200000000002,158.058,0.1,0.1
13.04.2021 08:36:11.061 GMT-0500,158.123,158.05700000000002,0.1,0.1
13.04.2021 08:36:11.111 GMT-0500,158.123,158.037,0.1,0.1
13.04.2021 08:36:11.205 GMT-0500,158.122,158.048,0.1,0.075
13.04.2021 08:36:11.309 GMT-0500,158.123,158.047,0.075,0.1
