Local time,Ask,Bid,AskVolume,BidVolume
12.04.2021 08:30:00.625 GMT-0500,71.003,70.497,0.0075,0.011
12.04.2021 08:30:00.775 GMT-0500,70.952,70.498,0.011,0.011
12.04.2021 08:30:00.876 GMT-0500,70.85300000000001,70.497,0.011,0.011
12.04.2021 08:30:01.189 GMT-0500,70.85300000000001,70.497,0.0075,0.011
12.04.2021 08:30:01.240 GMT-0500,70.902,70.498,0.011,0.011
12.04.2021 08:30:01.517 GMT-0500,70.903,70.757,0.011,0.0075
12.04.2021 08:30:10.232 GMT-0500,70.903,70.747,0.011,0.011
12.04.2021 08:30:13.420 GMT-0500,70.903,70.567,0.011,0.011
12.04.2021 08:30:13.640 GMT-0500,70.902,70.668,0.011,0.011
12.04.2021 08:30:19.253 GMT-0500,70.782,70.668,0.0075,0.011
12.04.2021 08:30:19.303 GMT-0500,70.902,70.50800000000001,0.011,0.011
12.04.2021 08:30:19.431 GMT-0500,70.903,70.507,0.011,0.011
12.04.2021 08:30:24.895 GMT-0500,70.783,70.667,0.0075,0.011
12.04.2021 08:30:26.478 GMT-0500,70.783,70.677,0.011,0.011
12.04.2021 08:30:26.765 GMT-0500,70.782,70.668,0.011,0.011
12.04.2021 08:30:33.546 GMT-0500,70.782,70.678,0.011,0.011
12.04.2021 08:30:33.596 GMT-0500,70.783,70.667,0.011,0.011
12.04.2021 08:30:34.602 GMT-0500,70.732,70.668,0.0008,0.0075
12.04.2021 08:30:34.653 GMT-0500,70.782,70.61800000000001,0.011,0.011
12.04.2021 08:30:34.850 GMT-0500,70.782,70.61800000000001,0.011,0.011
12.04.2021 08:30:41.387 GMT-0500,70.783,70.667,0.0075,0.011
12.04.2021 08:30:41.437 GMT-0500,70.793,70.667,0.011,0.011
12.04.2021 08:30:41.891 GMT-0500,70.792,70.708,0.011,0.0075
12.04.2021 08:30:42.034 GMT-0500,70.742,70.708,0.0008,0.011
12.04.2021 08:30:42.084 GMT-0500,70.792,70.708,0.011,0.011
12.04.2021 08:30:48.751 GMT-0500,70.793,70.627,0.011,0.011
12.04.2021 08:30:48.852 GMT-0500,70.793,70.587,0.011,0.011
12.04.2021 08:30:48.939 GMT-0500,70.792,70.658,0.011,0.0075
12.04.2021 08:30:56.103 GMT-0500,70.792,70.668,0.011,0.011
12.04.2021 08:30:56.206 GMT-0500,70.793,70.657,0.011,0.011
12.04.2021 08:30:56.264 GMT-0500,70.793,70.667,0.011,0.0075
12.04.2021 08:30:56.419 GMT-0500,70.792,70.658,0.011,0.011
12.04.2021 08:31:00.106 GMT-0500,71.043,70.727,0.011,0.011
12.04.2021 08:31:00.206 GMT-0500,70.96300000000001,70.767,0.011,0.011
12.04.2021 08:31:00.257 GMT-0500,70.96300000000001,70.757,0.011,0.011
12.04.2021 08:31:02.139 GMT-0500,70.962,70.75800000000001,0.011,0.011
12.04.2021 08:31:02.240 GMT-0500,70.96300000000001,70.757,0.011,0.011
12.04.2021 08:31:05.212 GMT-0500,70.933,70.757,0.011,0.011
12.04.2021 08:31:06.515 GMT-0500,70.923,70.757,0.011,0.011
12.04.2021 08:31:15.133 GMT-0500,70.922,70.768,0.011,0.0075
12.04.2021 08:31:15.672 GMT-0500,70.933,70.767,0.011,0.011
12.04.2021 08:31:16.202 GMT-0500,70.932,70.778,0.011,0.0075
12.04.2021 08:31:16.310 GMT-0500,70.923,70.777,0.0075,0.011
12.04.2021 08:31:18.050 GMT-0500,70.912,70.778,0.0075,0.011
12.04.2021 08:31:18.102 GMT-0500,70.922,70.778,0.011,0.011
12.04.2021 08:31:20.111 GMT-0500,70.932,70.718,0.011,0.011
12.04.2021 08:31:22.231 GMT-0500,70.932,70.72800000000001,0.011,0.011
12.04.2021 08:31:22.516 GMT-0500,70.923,70.717,0.0008,0.011
12.04.2021 08:31:22.566 GMT-0500,70.933,70.717,0.011,0.011
12.04.2021 08:31:26.416 GMT-0500,70.923,70.727,0.011,0.011
12.04.2021 08:31:26.609 GMT-0500,70.933,70.717,0.011,0.011
12.04.2021 08:31:27.185 GMT-0500,70.922,70.718,0.0008,0.011
12.04.2021 08:31:27.500 GMT-0500,70.933,70.717,0.011,0.011
12.04.2021 08:31:34.838 GMT-0500,70.923,70.727,0.0075,0.0075
12.04.2021 08:31:34.939 GMT-0500,70.932,70.718,0.011,0.011
12.04.2021 08:31:38.285 GMT-0500,70.932,70.718,0.011,0.011
12.04.2021 08:31:38.463 GMT-0500,70.932,70.718,0.011,0.011
12.04.2021 08:31:41.686 GMT-0500,70.882,70.72800000000001,0.011,0.011
12.04.2021 08:31:41.736 GMT-0500,70.953,70.717,0.011,0.011
12.04.2021 08:31:44.358 GMT-0500,70.942,70.72800000000001,0.011,0.011
12.04.2021 08:31:44.561 GMT-0500,70.953,70.717,0.011,0.011
12.04.2021 08:31:49.735 GMT-0500,70.942,70.718,0.0075,0.011
12.04.2021 08:31:49.835 GMT-0500,70.952,70.498,0.011,0.011
12.04.2021 08:31:49.885 GMT-0500,70.952,70.748,0.011,0.011
12.04.2021 08:31:50.503 GMT-0500,70.942,70.75800000000001,0.0075,0.0075
12.04.2021 08:31:50.604 GMT-0500,70.952,70.748,0.011,0.011
12.04.2021 08:31:56.295 GMT-0500,70.943,70.757,0.0075,0.0075
12.04.2021 08:31:56.345 GMT-0500,70.953,70.747,0.011,0.011
12.04.2021 08:31:59.040 GMT-0500,70.942,70.75800000000001,0.0075,0.0075
12.04.2021 08:31:59.141 GMT-0500,70.953,70.747,0.011,0.011
12.04.2021 08:32:01.767 GMT-0500,70.943,70.757,0.0075,0.0075
12.04.2021 08:32:02.076 GMT-0500,70.953,70.747,0.011,0.011
12.04.2021 08:32:02.906 GMT-0500,70.942,70.75800000000001,0.011,0.011
12.04.2021 08:32:03.150 GMT-0500,70.953,70.747,0.011,0.011
12.04.2021 08:32:03.374 GMT-0500,71.043,70.747,0.011,0.011
12.04.2021 08:32:05.754 GMT-0500,71.032,70.748,0.0075,0.011
12.04.2021 08:32:05.855 GMT-0500,71.052,70.748,0.011,0.011
12.04.2021 08:32:11.961 GMT-0500,71.053,70.757,0.011,0.011
12.04.2021 08:32:19.326 GMT-0500,70.953,70.747,0.0008,0.011
12.04.2021 08:32:19.512 GMT-0500,70.96300000000001,70.747,0.011,0.011
12.04.2021 08:32:20.051 GMT-0500,70.952,70.748,0.0075,0.011
12.04.2021 08:32:20.102 GMT-0500,70.962,70.748,0.011,0.011
12.04.2021 08:32:20.507 GMT-0500,71.043,70.747,0.011,0.011
12.04.2021 08:32:20.557 GMT-0500,70.952,70.748,0.011,0.011
12.04.2021 08:32:20.840 GMT-0500,70.82300000000001,70.747,0.011,0.011
12.04.2021 08:32:21.215 GMT-0500,70.83,70.747,0.0075,0.011
12.04.2021 08:32:21.266 GMT-0500,70.943,70.567,0.011,0.011
12.04.2021 08:32:21.317 GMT-0500,70.933,70.567,0.0075,0.011
12.04.2021 08:32:21.733 GMT-0500,70.932,70.688,0.011,0.011
12.04.2021 08:32:22.027 GMT-0500,70.923,70.687,0.0008,0.011
12.04.2021 08:32:22.127 GMT-0500,70.932,70.688,0.011,0.011
12.04.2021 08:32:22.219 GMT-0500,70.852,70.688,0.0075,0.011
12.04.2021 08:32:22.654 GMT-0500,70.852,70.69800000000001,0.011,0.0075
12.04.2021 08:32:23.641 GMT-0500,70.85300000000001,70.707,0.011,0.0075
12.04.2021 08:32:23.691 GMT-0500,70.85300000000001,70.697,0.011,0.011
12.04.2021 08:32:24.381 GMT-0500,70.862,70.69800000000001,0.011,0.011
12.04.2021 08:32:26.810 GMT-0500,70.862,70.708,0.011,0.011
12.04.2021 08:32:26.860 GMT-0500,70.863,70.687,0.011,0.011
12.04.2021 08:32:27.281 GMT-0500,70.862,70.688,0.0075,0.011
12.04.2021 08:32:27.332 GMT-0500,71.033,70.697,0.011,0.011
12.04.2021 08:32:27.382 GMT-0500,70.922,70.748,0.011,0.011
12.04.2021 08:32:27.940 GMT-0500,70.82300000000001,70.747,0.0075,0.011
12.04.2021 08:32:28.141 GMT-0500,71.002,70.788,0.011,0.011
12.04.2021 08:32:28.192 GMT-0500,70.912,70.778,0.011,0.011
12.04.2021 08:32:28.242 GMT-0500,70.912,70.748,0.011,0.011
12.04.2021 08:32:28.346 GMT-0500,70.912,70.75800000000001,0.011,0.011
12.04.2021 08:32:28.458 GMT-0500,70.892,70.748,0.011,0.011
12.04.2021 08:32:28.581 GMT-0500,71.02300000000001,70.747,0.011,0.011
12.04.2021 08:32:28.632 GMT-0500,70.953,70.747,0.011,0.011
12.04.2021 08:32:28.761 GMT-0500,70.953,70.867,0.011,0.011
12.04.2021 08:32:28.812 GMT-0500,70.952,70.788,0.011,0.011
12.04.2021 08:32:28.865 GMT-0500,70.943,70.827,0.011,0.011
12.04.2021 08:32:28.966 GMT-0500,70.893,70.827,0.011,0.011
12.04.2021 08:32:29.072 GMT-0500,70.943,70.747,0.011,0.011
12.04.2021 08:32:29.144 GMT-0500,70.893,70.747,0.0075,0.011
12.04.2021 08:32:29.245 GMT-0500,70.892,70.768,0.011,0.011
12.04.2021 08:32:29.534 GMT-0500,70.942,70.798,0.011,0.011
12.04.2021 08:32:29.888 GMT-0500,70.942,70.86800000000001,0.011,0.011
12.04.2021 08:32:29.938 GMT-0500,70.96300000000001,70.847,0.011,0.011
12.04.2021 08:32:30.038 GMT-0500,71.052,70.83800000000001,0.011,0.011
12.04.2021 08:32:30.089 GMT-0500,71.002,70.83800000000001,0.011,0.011
12.04.2021 08:32:30.202 GMT-0500,70.972,70.888,0.0008,0.011
12.04.2021 08:32:30.303 GMT-0500,71.002,70.888,0.011,0.011
12.04.2021 08:32:30.562 GMT-0500,70.952,70.888,0.0075,0.011
12.04.2021 08:32:30.613 GMT-0500,70.992,70.888,0.011,0.011
12.04.2021 08:32:30.713 GMT-0500,70.99300000000001,70.837,0.011,0.011
12.04.2021 08:32:31.368 GMT-0500,70.99300000000001,70.847,0.011,0.0075
12.04.2021 08:32:31.469 GMT-0500,71.042,70.848,0.011,0.011
12.04.2021 08:32:31.523 GMT-0500,71.052,70.83800000000001,0.011,0.011
12.04.2021 08:32:31.573 GMT-0500,71.02300000000001,70.907,0.011,0.011
12.04.2021 08:32:31.624 GMT-0500,71.02300000000001,70.897,0.011,0.011
12.04.2021 08:32:31.862 GMT-0500,70.96300000000001,70.897,0.0008,0.0075
12.04.2021 08:32:31.913 GMT-0500,71.052,70.83800000000001,0.011,0.011
12.04.2021 08:32:31.963 GMT-0500,71.012,70.83800000000001,0.011,0.011
12.04.2021 08:32:32.085 GMT-0500,71.002,70.848,0.011,0.011
12.04.2021 08:32:32.212 GMT-0500,71.013,70.837,0.011,0.011
12.04.2021 08:32:32.292 GMT-0500,71.013,70.897,0.011,0.011
12.04.2021 08:32:32.520 GMT-0500,70.992,70.89800000000001,0.0008,0.011
12.04.2021 08:32:32.570 GMT-0500,70.992,70.908,0.011,0.011
12.04.2021 08:32:33.154 GMT-0500,70.99300000000001,70.947,0.0008,0.0075
12.04.2021 08:32:33.205 GMT-0500,71.043,70.957,0.011,0.011
12.04.2021 08:32:33.305 GMT-0500,71.052,70.908,0.011,0.011
12.04.2021 08:32:33.406 GMT-0500,71.053,71.017,0.011,0.011
12.04.2021 08:32:33.456 GMT-0500,71.053,70.917,0.011,0.011
12.04.2021 08:32:33.718 GMT-0500,71.052,70.908,0.011,0.011
12.04.2021 08:32:33.769 GMT-0500,71.053,70.937,0.011,0.011
12.04.2021 08:32:33.893 GMT-0500,71.052,70.928,0.011,0.011
12.04.2021 08:32:34.672 GMT-0500,71.102,71.028,0.011,0.011
12.04.2021 08:32:34.723 GMT-0500,71.113,71.007,0.011,0.011
12.04.2021 08:32:35.090 GMT-0500,71.112,71.00800000000001,0.011,0.011
12.04.2021 08:32:35.140 GMT-0500,71.113,71.007,0.011,0.011
12.04.2021 08:32:35.195 GMT-0500,71.10300000000001,71.007,0.0008,0.011
12.04.2021 08:32:35.246 GMT-0500,71.112,71.00800000000001,0.011,0.011
12.04.2021 08:32:35.296 GMT-0500,71.043,71.007,0.011,0.011
12.04.2021 08:32:35.346 GMT-0500,71.113,71.007,0.011,0.011
12.04.2021 08:32:35.396 GMT-0500,71.113,71.017,0.011,0.011
12.04.2021 08:32:35.447 GMT-0500,71.113,71.007,0.011,0.011
12.04.2021 08:32:36.233 GMT-0500,71.102,71.00800000000001,0.011,0.011
12.04.2021 08:32:36.335 GMT-0500,71.112,70.94800000000001,0.011,0.011
12.04.2021 08:32:36.440 GMT-0500,71.053,70.947,0.0008,0.011
12.04.2021 08:32:36.490 GMT-0500,71.113,70.947,0.011,0.011
12.04.2021 08:32:36.730 GMT-0500,71.112,71.028,0.011,0.0075
12.04.2021 08:32:36.780 GMT-0500,71.113,70.957,0.011,0.011
12.04.2021 08:32:37.259 GMT-0500,71.102,70.958,0.0008,0.011
12.04.2021 08:32:37.360 GMT-0500,71.113,70.957,0.011,0.011
12.04.2021 08:32:37.432 GMT-0500,71.053,70.957,0.0075,0.011
12.04.2021 08:32:37.553 GMT-0500,71.113,70.957,0.011,0.011
12.04.2021 08:32:37.603 GMT-0500,71.042,70.958,0.011,0.011
12.04.2021 08:32:37.704 GMT-0500,71.052,70.968,0.011,0.011
12.04.2021 08:32:38.695 GMT-0500,71.02300000000001,70.967,0.0008,0.011
12.04.2021 08:32:38.796 GMT-0500,71.102,70.968,0.011,0.011
12.04.2021 08:32:38.846 GMT-0500,71.093,70.977,0.011,0.011
12.04.2021 08:32:38.896 GMT-0500,71.102,70.968,0.011,0.011
12.04.2021 08:32:38.946 GMT-0500,71.042,70.968,0.011,0.011
12.04.2021 08:32:39.144 GMT-0500,71.042,70.97800000000001,0.011,0.0075
12.04.2021 08:32:39.245 GMT-0500,71.123,70.997,0.011,0.011
12.04.2021 08:32:39.749 GMT-0500,71.113,70.977,0.011,0.011
12.04.2021 08:32:39.800 GMT-0500,71.123,70.977,0.011,0.011
12.04.2021 08:32:40.082 GMT-0500,71.052,71.00800000000001,0.0075,0.0075
12.04.2021 08:32:40.132 GMT-0500,71.122,71.018,0.011,0.011
12.04.2021 08:32:40.259 GMT-0500,71.052,71.018,0.011,0.011
12.04.2021 08:32:40.733 GMT-0500,71.053,71.017,0.011,0.011
12.04.2021 08:32:40.838 GMT-0500,71.042,71.018,0.011,0.011
12.04.2021 08:32:40.888 GMT-0500,71.052,71.018,0.011,0.011
12.04.2021 08:32:41.654 GMT-0500,71.053,71.007,0.011,0.011
12.04.2021 08:32:41.705 GMT-0500,71.052,71.018,0.011,0.011
12.04.2021 08:32:41.854 GMT-0500,71.032,71.018,0.0008,0.0075
12.04.2021 08:32:41.905 GMT-0500,71.053,70.977,0.011,0.011
12.04.2021 08:32:42.035 GMT-0500,71.042,70.97800000000001,0.0075,0.011
12.04.2021 08:32:42.136 GMT-0500,71.02300000000001,70.977,0.011,0.011
12.04.2021 08:32:42.294 GMT-0500,71.02300000000001,70.927,0.011,0.011
12.04.2021 08:32:42.612 GMT-0500,71.022,71.002,0.0008,0.0075
12.04.2021 08:32:42.663 GMT-0500,71.053,70.897,0.011,0.011
12.04.2021 08:32:42.714 GMT-0500,71.052,70.94800000000001,0.011,0.011
12.04.2021 08:32:45.089 GMT-0500,71.053,70.997,0.011,0.0075
12.04.2021 08:32:45.189 GMT-0500,71.052,70.958,0.011,0.011
12.04.2021 08:32:45.518 GMT-0500,71.052,70.968,0.011,0.0075
12.04.2021 08:32:45.702 GMT-0500,71.053,70.957,0.011,0.011
12.04.2021 08:32:46.057 GMT-0500,71.032,70.958,0.0008,0.011
12.04.2021 08:32:46.107 GMT-0500,71.043,70.957,0.011,0.011
12.04.2021 08:32:46.330 GMT-0500,71.052,70.958,0.011,0.011
12.04.2021 08:32:46.604 GMT-0500,71.042,70.958,0.0075,0.011
12.04.2021 08:32:46.655 GMT-0500,71.052,70.958,0.011,0.011
12.04.2021 08:32:47.369 GMT-0500,71.052,70.988,0.011,0.0075
12.04.2021 08:32:47.978 GMT-0500,71.053,70.957,0.011,0.011
12.04.2021 08:32:48.029 GMT-0500,71.042,70.958,0.011,0.011
12.04.2021 08:32:48.079 GMT-0500,71.053,70.957,0.011,0.011
12.04.2021 08:32:49.501 GMT-0500,71.053,70.987,0.011,0.0075
12.04.2021 08:32:50.140 GMT-0500,71.053,71.027,0.011,0.011
12.04.2021 08:32:50.258 GMT-0500,71.032,71.00800000000001,0.011,0.011
12.04.2021 08:32:50.893 GMT-0500,71.032,70.998,0.011,0.011
12.04.2021 08:32:51.242 GMT-0500,71.07300000000001,71.017,0.011,0.011
12.04.2021 08:32:51.292 GMT-0500,71.042,71.018,0.011,0.011
12.04.2021 08:32:51.527 GMT-0500,71.022,71.00800000000001,0.011,0.011
12.04.2021 08:32:51.666 GMT-0500,71.022,70.998,0.011,0.011
12.04.2021 08:32:52.676 GMT-0500,71.02300000000001,70.957,0.011,0.011
12.04.2021 08:32:55.269 GMT-0500,71.043,70.987,0.011,0.011
12.04.2021 08:32:55.405 GMT-0500,71.042,71.00800000000001,0.011,0.011
12.04.2021 08:32:56.262 GMT-0500,71.043,71.017,0.011,0.011
12.04.2021 08:32:56.376 GMT-0500,71.042,71.028,0.011,0.011
12.04.2021 08:32:56.427 GMT-0500,71.07300000000001,71.027,0.011,0.011
12.04.2021 08:32:56.507 GMT-0500,71.043,71.017,0.0075,0.011
12.04.2021 08:32:56.557 GMT-0500,71.043,71.017,0.011,0.011
12.04.2021 08:32:56.766 GMT-0500,71.043,71.037,0.0008,0.0075
12.04.2021 08:32:56.816 GMT-0500,71.072,71.038,0.011,0.011
12.04.2021 08:32:57.110 GMT-0500,71.07300000000001,71.027,0.011,0.011
12.04.2021 08:32:58.702 GMT-0500,71.083,71.068,0.0008,0.0075
12.04.2021 08:32:58.752 GMT-0500,71.172,71.068,0.011,0.011
12.04.2021 08:32:58.803 GMT-0500,71.173,71.077,0.011,0.011
12.04.2021 08:32:58.905 GMT-0500,71.112,71.078,0.011,0.011
12.04.2021 08:32:58.956 GMT-0500,71.183,71.077,0.011,0.011
12.04.2021 08:32:59.028 GMT-0500,71.183,71.027,0.011,0.011
12.04.2021 08:32:59.165 GMT-0500,71.182,71.038,0.011,0.011
12.04.2021 08:32:59.299 GMT-0500,71.182,71.028,0.011,0.011
12.04.2021 08:32:59.349 GMT-0500,71.173,71.027,0.011,0.011
12.04.2021 08:32:59.400 GMT-0500,71.183,71.027,0.011,0.011
12.04.2021 08:33:00.095 GMT-0500,71.182,71.108,0.011,0.0075
12.04.2021 08:33:00.145 GMT-0500,71.183,71.087,0.011,0.011
12.04.2021 08:33:00.402 GMT-0500,71.153,71.087,0.0075,0.011
12.04.2021 08:33:00.452 GMT-0500,71.202,71.08800000000001,0.011,0.011
12.04.2021 08:33:00.508 GMT-0500,71.193,71.087,0.0075,0.011
12.04.2021 08:33:00.746 GMT-0500,71.152,71.08800000000001,0.0008,0.0075
12.04.2021 08:33:00.796 GMT-0500,71.192,71.08800000000001,0.011,0.011
12.04.2021 08:33:00.847 GMT-0500,71.203,71.087,0.011,0.011
12.04.2021 08:33:00.940 GMT-0500,71.193,71.087,0.0008,0.011
12.04.2021 08:33:01.194 GMT-0500,71.202,71.128,0.011,0.011
12.04.2021 08:33:01.245 GMT-0500,71.202,71.11800000000001,0.011,0.011
12.04.2021 08:33:01.295 GMT-0500,71.203,71.127,0.011,0.011
12.04.2021 08:33:01.345 GMT-0500,71.202,71.11800000000001,0.011,0.011
12.04.2021 08:33:01.425 GMT-0500,71.203,71.117,0.011,0.011
12.04.2021 08:33:01.475 GMT-0500,71.233,71.207,0.011,0.011
12.04.2021 08:33:01.526 GMT-0500,71.253,71.117,0.011,0.011
12.04.2021 08:33:01.626 GMT-0500,71.303,71.117,0.011,0.011
12.04.2021 08:33:01.713 GMT-0500,71.303,71.117,0.011,0.011
12.04.2021 08:33:01.764 GMT-0500,71.263,71.157,0.011,0.011
12.04.2021 08:33:01.814 GMT-0500,71.302,71.22800000000001,0.011,0.011
12.04.2021 08:33:01.864 GMT-0500,71.263,71.147,0.011,0.011
12.04.2021 08:33:02.225 GMT-0500,71.302,71.14800000000001,0.011,0.011
12.04.2021 08:33:02.895 GMT-0500,71.292,71.158,0.0075,0.0075
12.04.2021 08:33:02.945 GMT-0500,71.292,71.14800000000001,0.011,0.011
12.04.2021 08:33:03.060 GMT-0500,71.303,71.147,0.011,0.011
12.04.2021 08:33:03.110 GMT-0500,71.293,71.147,0.011,0.011
12.04.2021 08:33:03.211 GMT-0500,71.302,71.188,0.011,0.011
12.04.2021 08:33:03.261 GMT-0500,71.303,71.157,0.011,0.011
12.04.2021 08:33:03.312 GMT-0500,71.262,71.168,0.011,0.011
12.04.2021 08:33:03.362 GMT-0500,71.303,71.177,0.011,0.011
12.04.2021 08:33:03.412 GMT-0500,71.233,71.187,0.011,0.011
12.04.2021 08:33:03.463 GMT-0500,71.283,71.157,0.011,0.011
12.04.2021 08:33:03.825 GMT-0500,71.283,71.167,0.011,0.011
12.04.2021 08:33:03.960 GMT-0500,71.282,71.158,0.011,0.011
12.04.2021 08:33:04.018 GMT-0500,71.272,71.158,0.0008,0.011
12.04.2021 08:33:04.119 GMT-0500,71.283,71.157,0.011,0.011
12.04.2021 08:33:04.742 GMT-0500,71.202,71.158,0.0075,0.011
12.04.2021 08:33:05.120 GMT-0500,71.202,71.168,0.011,0.0075
12.04.2021 08:33:05.263 GMT-0500,71.203,71.177,0.011,0.011
12.04.2021 08:33:05.313 GMT-0500,71.203,71.147,0.011,0.011
12.04.2021 08:33:05.414 GMT-0500,71.21300000000001,71.167,0.011,0.011
12.04.2021 08:33:05.464 GMT-0500,71.263,71.147,0.011,0.011
12.04.2021 08:33:06.514 GMT-0500,71.263,71.197,0.011,0.011
12.04.2021 08:33:06.564 GMT-0500,71.262,71.14800000000001,0.011,0.011
12.04.2021 08:33:07.201 GMT-0500,71.263,71.157,0.011,0.011
12.04.2021 08:33:07.269 GMT-0500,71.302,71.168,0.011,0.011
12.04.2021 08:33:07.320 GMT-0500,71.292,71.168,0.011,0.011
12.04.2021 08:33:07.431 GMT-0500,71.292,71.188,0.011,0.011
12.04.2021 08:33:07.692 GMT-0500,71.293,71.167,0.011,0.011
12.04.2021 08:33:08.236 GMT-0500,71.303,71.167,0.011,0.011
12.04.2021 08:33:08.750 GMT-0500,71.303,71.167,0.011,0.011
12.04.2021 08:33:09.185 GMT-0500,71.292,71.178,0.011,0.011
12.04.2021 08:33:09.239 GMT-0500,71.302,71.178,0.011,0.011
12.04.2021 08:33:09.410 GMT-0500,71.282,71.178,0.0008,0.011
12.04.2021 08:33:09.572 GMT-0500,71.242,71.188,0.0075,0.011
12.04.2021 08:33:09.673 GMT-0500,71.222,71.178,0.011,0.011
12.04.2021 08:33:09.773 GMT-0500,71.292,71.14800000000001,0.011,0.011
12.04.2021 08:33:09.824 GMT-0500,71.303,71.147,0.011,0.011
12.04.2021 08:33:10.095 GMT-0500,71.303,71.147,0.011,0.011
12.04.2021 08:33:10.145 GMT-0500,71.303,71.157,0.011,0.011
12.04.2021 08:33:10.195 GMT-0500,71.303,71.207,0.011,0.011
12.04.2021 08:33:10.246 GMT-0500,71.303,71.147,0.011,0.011
12.04.2021 08:33:10.373 GMT-0500,71.292,71.14800000000001,0.0008,0.011
12.04.2021 08:33:10.474 GMT-0500,71.302,71.14800000000001,0.011,0.011
12.04.2021 08:33:10.979 GMT-0500,71.232,71.14800000000001,0.0075,0.011
12.04.2021 08:33:11.079 GMT-0500,71.303,71.147,0.011,0.011
12.04.2021 08:33:11.681 GMT-0500,71.242,71.14800000000001,0.0008,0.011
12.04.2021 08:33:11.731 GMT-0500,71.302,71.14800000000001,0.011,0.011
12.04.2021 08:33:11.782 GMT-0500,71.293,71.147,0.011,0.011
12.04.2021 08:33:11.992 GMT-0500,71.303,71.147,0.011,0.011
12.04.2021 08:33:12.292 GMT-0500,71.303,71.217,0.011,0.011
12.04.2021 08:33:12.342 GMT-0500,71.303,71.157,0.011,0.011
12.04.2021 08:33:13.029 GMT-0500,71.292,71.158,0.0008,0.011
12.04.2021 08:33:13.079 GMT-0500,71.303,71.157,0.011,0.011
12.04.2021 08:33:13.605 GMT-0500,71.292,71.178,0.0075,0.0075
12.04.2021 08:33:13.655 GMT-0500,71.303,71.157,0.011,0.011
12.04.2021 08:33:13.878 GMT-0500,71.302,71.158,0.011,0.011
12.04.2021 08:33:14.167 GMT-0500,71.292,71.178,0.0008,0.0075
12.04.2021 08:33:14.218 GMT-0500,71.292,71.158,0.011,0.011
12.04.2021 08:33:14.740 GMT-0500,71.302,71.178,0.011,0.0075
12.04.2021 08:33:14.791 GMT-0500,71.303,71.157,0.011,0.011
12.04.2021 08:33:15.051 GMT-0500,71.302,71.158,0.011,0.011
12.04.2021 08:33:15.102 GMT-0500,71.313,71.167,0.011,0.011
12.04.2021 08:33:15.152 GMT-0500,71.24300000000001,71.167,0.011,0.011
12.04.2021 08:33:15.716 GMT-0500,71.24300000000001,71.177,0.011,0.011
12.04.2021 08:33:15.817 GMT-0500,71.24300000000001,71.167,0.011,0.011
12.04.2021 08:33:17.184 GMT-0500,71.242,71.168,0.011,0.011
12.04.2021 08:33:17.285 GMT-0500,71.242,71.168,0.011,0.011
12.04.2021 08:33:17.527 GMT-0500,71.242,71.168,0.011,0.011
12.04.2021 08:33:17.577 GMT-0500,71.242,71.188,0.011,0.011
12.04.2021 08:33:17.627 GMT-0500,71.24300000000001,71.197,0.011,0.011
12.04.2021 08:33:17.678 GMT-0500,71.242,71.178,0.011,0.011
12.04.2021 08:33:17.884 GMT-0500,71.27300000000001,71.177,0.011,0.011
12.04.2021 08:33:18.308 GMT-0500,71.272,71.14800000000001,0.011,0.011
12.04.2021 08:33:18.399 GMT-0500,71.24300000000001,71.147,0.011,0.011
12.04.2021 08:33:18.449 GMT-0500,71.27300000000001,71.147,0.011,0.011
12.04.2021 08:33:18.499 GMT-0500,71.272,71.158,0.011,0.011
12.04.2021 08:33:18.550 GMT-0500,71.272,71.14800000000001,0.011,0.011
12.04.2021 08:33:18.600 GMT-0500,71.24300000000001,71.147,0.011,0.011
12.04.2021 08:33:18.727 GMT-0500,71.272,71.14800000000001,0.011,0.011
12.04.2021 08:33:18.782 GMT-0500,71.24300000000001,71.147,0.0008,0.011
12.04.2021 08:33:19.260 GMT-0500,71.27300000000001,71.147,0.011,0.011
12.04.2021 08:33:19.310 GMT-0500,71.262,71.158,0.011,0.011
12.04.2021 08:33:19.411 GMT-0500,71.272,71.19800000000001,0.011,0.011
12.04.2021 08:33:19.629 GMT-0500,71.262,71.158,0.0075,0.011
12.04.2021 08:33:19.679 GMT-0500,71.262,71.14800000000001,0.011,0.011
12.04.2021 08:33:20.505 GMT-0500,71.262,71.158,0.011,0.0075
12.04.2021 08:33:20.556 GMT-0500,71.262,71.14800000000001,0.011,0.011
12.04.2021 08:33:20.697 GMT-0500,71.263,71.157,0.011,0.011
12.04.2021 08:33:20.902 GMT-0500,71.263,71.157,0.011,0.011
12.04.2021 08:33:21.003 GMT-0500,71.263,71.157,0.011,0.011
12.04.2021 08:33:21.224 GMT-0500,71.272,71.158,0.011,0.011
12.04.2021 08:33:22.677 GMT-0500,71.223,71.157,0.0075,0.011
12.04.2021 08:33:22.777 GMT-0500,71.252,71.168,0.011,0.011
12.04.2021 08:33:22.828 GMT-0500,71.262,71.19800000000001,0.011,0.011
12.04.2021 08:33:22.878 GMT-0500,71.24300000000001,71.167,0.011,0.011
12.04.2021 08:33:23.129 GMT-0500,71.263,71.167,0.011,0.011
12.04.2021 08:33:23.230 GMT-0500,71.263,71.177,0.011,0.011
12.04.2021 08:33:23.281 GMT-0500,71.263,71.167,0.011,0.011
12.04.2021 08:33:25.297 GMT-0500,71.263,71.207,0.011,0.0075
12.04.2021 08:33:25.398 GMT-0500,71.27300000000001,71.207,0.011,0.011
12.04.2021 08:33:26.302 GMT-0500,71.252,71.208,0.011,0.011
12.04.2021 08:33:26.581 GMT-0500,71.233,71.207,0.0008,0.011
12.04.2021 08:33:26.631 GMT-0500,71.223,71.147,0.011,0.011
12.04.2021 08:33:26.682 GMT-0500,71.272,71.208,0.011,0.011
12.04.2021 08:33:26.969 GMT-0500,71.24300000000001,71.207,0.0008,0.0075
12.04.2021 08:33:27.020 GMT-0500,71.272,71.14800000000001,0.011,0.011
12.04.2021 08:33:27.450 GMT-0500,71.272,71.14800000000001,0.011,0.011
12.04.2021 08:33:27.643 GMT-0500,71.253,71.157,0.0008,0.011
12.04.2021 08:33:27.694 GMT-0500,71.262,71.158,0.011,0.011
12.04.2021 08:33:27.791 GMT-0500,71.253,71.157,0.0008,0.011
12.04.2021 08:33:27.978 GMT-0500,71.262,71.158,0.011,0.011
12.04.2021 08:33:28.100 GMT-0500,71.253,71.157,0.0008,0.011
12.04.2021 08:33:28.309 GMT-0500,71.262,71.158,0.011,0.011
12.04.2021 08:33:28.766 GMT-0500,71.223,71.157,0.0008,0.011
12.04.2021 08:33:28.816 GMT-0500,71.263,71.177,0.011,0.011
12.04.2021 08:33:29.138 GMT-0500,71.262,71.158,0.011,0.011
12.04.2021 08:33:30.446 GMT-0500,71.222,71.158,0.0075,0.011
12.04.2021 08:33:30.496 GMT-0500,71.222,71.14800000000001,0.011,0.011
12.04.2021 08:33:31.075 GMT-0500,71.202,71.168,0.011,0.011
12.04.2021 08:33:31.125 GMT-0500,71.253,71.157,0.011,0.011
12.04.2021 08:33:31.176 GMT-0500,71.263,71.157,0.011,0.011
12.04.2021 08:33:31.268 GMT-0500,71.203,71.157,0.011,0.011
12.04.2021 08:33:31.950 GMT-0500,71.202,71.14800000000001,0.011,0.011
12.04.2021 08:33:32.176 GMT-0500,71.202,71.168,0.011,0.011
12.04.2021 08:33:32.226 GMT-0500,71.202,71.14800000000001,0.011,0.011
12.04.2021 08:33:33.591 GMT-0500,71.202,71.168,0.011,0.011
12.04.2021 08:33:33.641 GMT-0500,71.203,71.147,0.011,0.011
12.04.2021 08:33:34.102 GMT-0500,71.203,71.147,0.011,0.011
12.04.2021 08:33:35.482 GMT-0500,71.193,71.157,0.0008,0.011
12.04.2021 08:33:35.648 GMT-0500,71.182,71.078,0.011,0.011
12.04.2021 08:33:35.699 GMT-0500,71.24300000000001,71.077,0.011,0.011
12.04.2021 08:33:35.749 GMT-0500,71.242,71.14800000000001,0.011,0.011
12.04.2021 08:33:35.800 GMT-0500,71.24300000000001,71.077,0.011,0.011
12.04.2021 08:33:36.370 GMT-0500,71.242,71.078,0.011,0.011
12.04.2021 08:33:36.421 GMT-0500,71.242,71.128,0.011,0.011
12.04.2021 08:33:36.741 GMT-0500,71.232,71.11800000000001,0.011,0.011
12.04.2021 08:33:36.841 GMT-0500,71.24300000000001,71.117,0.011,0.011
12.04.2021 08:33:36.942 GMT-0500,71.242,71.068,0.011,0.011
12.04.2021 08:33:36.994 GMT-0500,71.24300000000001,71.127,0.011,0.0075
12.04.2021 08:33:37.235 GMT-0500,71.242,71.11800000000001,0.011,0.011
12.04.2021 08:33:37.290 GMT-0500,71.242,71.128,0.011,0.011
12.04.2021 08:33:37.422 GMT-0500,71.233,71.127,0.011,0.011
12.04.2021 08:33:37.708 GMT-0500,71.173,71.117,0.0075,0.011
12.04.2021 08:33:37.758 GMT-0500,71.173,71.107,0.011,0.011
12.04.2021 08:33:38.005 GMT-0500,71.223,71.107,0.011,0.011
12.04.2021 08:33:38.279 GMT-0500,71.223,71.137,0.011,0.0075
12.04.2021 08:33:38.330 GMT-0500,71.222,71.128,0.011,0.011
12.04.2021 08:33:38.380 GMT-0500,71.172,71.11800000000001,0.011,0.011
12.04.2021 08:33:38.481 GMT-0500,71.232,71.11800000000001,0.011,0.011
12.04.2021 08:33:38.557 GMT-0500,71.173,71.117,0.011,0.011
12.04.2021 08:33:38.607 GMT-0500,71.223,71.117,0.011,0.011
12.04.2021 08:33:38.657 GMT-0500,71.223,71.127,0.011,0.011
12.04.2021 08:33:38.708 GMT-0500,71.222,71.11800000000001,0.011,0.011
12.04.2021 08:33:38.911 GMT-0500,71.193,71.127,0.0075,0.0075
12.04.2021 08:33:38.961 GMT-0500,71.193,71.117,0.011,0.011
12.04.2021 08:33:39.148 GMT-0500,71.192,71.108,0.011,0.011
12.04.2021 08:33:39.198 GMT-0500,71.193,71.117,0.011,0.011
12.04.2021 08:33:39.312 GMT-0500,71.173,71.117,0.0075,0.011
12.04.2021 08:33:39.514 GMT-0500,71.172,71.128,0.0075,0.0075
12.04.2021 08:33:39.564 GMT-0500,71.193,71.087,0.011,0.011
12.04.2021 08:33:39.615 GMT-0500,71.193,71.077,0.011,0.011
12.04.2021 08:33:40.548 GMT-0500,71.192,71.08800000000001,0.011,0.011
12.04.2021 08:33:40.599 GMT-0500,71.192,71.078,0.011,0.011
12.04.2021 08:33:41.134 GMT-0500,71.193,71.137,0.011,0.011
12.04.2021 08:33:41.184 GMT-0500,71.192,71.128,0.011,0.011
12.04.2021 08:33:41.727 GMT-0500,71.262,71.128,0.011,0.011
12.04.2021 08:33:41.916 GMT-0500,71.262,71.128,0.011,0.011
12.04.2021 08:33:41.966 GMT-0500,71.272,71.138,0.011,0.011
12.04.2021 08:33:42.026 GMT-0500,71.282,71.128,0.011,0.011
12.04.2021 08:33:42.076 GMT-0500,71.24300000000001,71.127,0.011,0.011
12.04.2021 08:33:42.126 GMT-0500,71.262,71.128,0.011,0.011
12.04.2021 08:33:42.177 GMT-0500,71.263,71.137,0.011,0.011
12.04.2021 08:33:42.328 GMT-0500,71.24300000000001,71.177,0.011,0.011
12.04.2021 08:33:43.188 GMT-0500,71.253,71.177,0.011,0.011
12.04.2021 08:33:43.443 GMT-0500,71.263,71.177,0.011,0.011
12.04.2021 08:33:44.742 GMT-0500,71.263,71.217,0.0008,0.0075
12.04.2021 08:33:44.792 GMT-0500,71.253,71.187,0.011,0.011
12.04.2021 08:33:44.856 GMT-0500,71.24300000000001,71.137,0.0075,0.011
12.04.2021 08:33:44.907 GMT-0500,71.242,71.138,0.011,0.011
12.04.2021 08:33:48.287 GMT-0500,71.24300000000001,71.147,0.011,0.0075
12.04.2021 08:33:48.388 GMT-0500,71.24300000000001,71.137,0.011,0.011
12.04.2021 08:33:48.645 GMT-0500,71.302,71.188,0.011,0.011
12.04.2021 08:33:48.746 GMT-0500,71.242,71.138,0.011,0.011
12.04.2021 08:33:48.796 GMT-0500,71.302,71.138,0.011,0.011
12.04.2021 08:33:48.846 GMT-0500,71.293,71.137,0.011,0.011
12.04.2021 08:33:49.547 GMT-0500,71.283,71.137,0.0075,0.011
12.04.2021 08:33:49.598 GMT-0500,71.292,71.138,0.011,0.011
12.04.2021 08:33:49.648 GMT-0500,71.253,71.137,0.011,0.011
12.04.2021 08:33:49.700 GMT-0500,71.303,71.137,0.011,0.011
12.04.2021 08:33:50.996 GMT-0500,71.292,71.138,0.0075,0.011
12.04.2021 08:33:51.147 GMT-0500,71.303,71.137,0.011,0.011
12.04.2021 08:33:51.645 GMT-0500,71.262,71.138,0.0008,0.011
12.04.2021 08:33:51.746 GMT-0500,71.302,71.14800000000001,0.011,0.011
12.04.2021 08:33:51.914 GMT-0500,71.303,71.137,0.011,0.011
12.04.2021 08:33:52.665 GMT-0500,71.263,71.137,0.0075,0.011
12.04.2021 08:33:52.802 GMT-0500,71.262,71.14800000000001,0.011,0.011
12.04.2021 08:33:52.852 GMT-0500,71.313,71.147,0.011,0.011
12.04.2021 08:33:53.521 GMT-0500,71.302,71.178,0.0075,0.0075
12.04.2021 08:33:53.622 GMT-0500,71.253,71.147,0.011,0.011
12.04.2021 08:33:54.178 GMT-0500,71.262,71.14800000000001,0.011,0.011
12.04.2021 08:33:54.326 GMT-0500,71.263,71.147,0.011,0.011
12.04.2021 08:33:54.376 GMT-0500,71.32300000000001,71.167,0.011,0.011
12.04.2021 08:33:54.443 GMT-0500,71.253,71.167,0.0008,0.011
12.04.2021 08:33:55.686 GMT-0500,71.253,71.147,0.011,0.011
12.04.2021 08:33:55.737 GMT-0500,71.24300000000001,71.147,0.011,0.011
12.04.2021 08:33:55.787 GMT-0500,71.322,71.14800000000001,0.011,0.011
12.04.2021 08:33:55.838 GMT-0500,71.313,71.147,0.011,0.011
12.04.2021 08:33:56.041 GMT-0500,71.313,71.147,0.011,0.011
12.04.2021 08:33:56.091 GMT-0500,71.312,71.14800000000001,0.011,0.011
12.04.2021 08:33:56.251 GMT-0500,71.313,71.147,0.011,0.011
12.04.2021 08:33:56.351 GMT-0500,71.312,71.14800000000001,0.011,0.011
12.04.2021 08:33:56.449 GMT-0500,71.302,71.14800000000001,0.0075,0.011
12.04.2021 08:33:56.608 GMT-0500,71.24300000000001,71.147,0.0075,0.011
12.04.2021 08:33:56.659 GMT-0500,71.303,71.147,0.011,0.011
12.04.2021 08:33:57.147 GMT-0500,71.292,71.158,0.0075,0.0075
12.04.2021 08:33:57.248 GMT-0500,71.303,71.147,0.011,0.011
12.04.2021 08:33:57.603 GMT-0500,71.232,71.14800000000001,0.0008,0.011
12.04.2021 08:33:57.862 GMT-0500,71.232,71.14800000000001,0.011,0.011
12.04.2021 08:33:57.912 GMT-0500,71.233,71.147,0.011,0.011
12.04.2021 08:33:58.625 GMT-0500,71.233,71.147,0.011,0.011
12.04.2021 08:33:58.675 GMT-0500,71.233,71.147,0.011,0.011
12.04.2021 08:33:58.813 GMT-0500,71.233,71.147,0.011,0.011
12.04.2021 08:33:58.914 GMT-0500,71.232,71.14800000000001,0.011,0.011
12.04.2021 08:33:59.007 GMT-0500,71.292,71.218,0.011,0.011
12.04.2021 08:33:59.057 GMT-0500,71.292,71.158,0.011,0.011
12.04.2021 08:33:59.738 GMT-0500,71.293,71.167,0.011,0.011
12.04.2021 08:33:59.890 GMT-0500,71.293,71.157,0.011,0.011
12.04.2021 08:34:00.703 GMT-0500,71.292,71.168,0.011,0.0075
12.04.2021 08:34:00.753 GMT-0500,71.293,71.157,0.011,0.011
12.04.2021 08:34:01.312 GMT-0500,71.292,71.168,0.011,0.0075
12.04.2021 08:34:01.362 GMT-0500,71.292,71.158,0.011,0.011
12.04.2021 08:34:01.673 GMT-0500,71.292,71.14800000000001,0.011,0.011
12.04.2021 08:34:01.724 GMT-0500,71.352,71.278,0.011,0.011
12.04.2021 08:34:01.774 GMT-0500,71.35300000000001,71.197,0.011,0.011
12.04.2021 08:34:01.824 GMT-0500,71.352,71.268,0.011,0.011
12.04.2021 08:34:01.875 GMT-0500,71.352,71.178,0.011,0.011
12.04.2021 08:34:02.012 GMT-0500,71.312,71.158,0.011,0.011
12.04.2021 08:34:03.219 GMT-0500,71.313,71.157,0.011,0.011
12.04.2021 08:34:03.320 GMT-0500,71.313,71.157,0.011,0.011
12.04.2021 08:34:03.394 GMT-0500,71.24300000000001,71.157,0.0075,0.011
12.04.2021 08:34:03.444 GMT-0500,71.252,71.158,0.011,0.011
12.04.2021 08:34:03.495 GMT-0500,71.263,71.157,0.011,0.011
12.04.2021 08:34:03.596 GMT-0500,71.262,71.14800000000001,0.011,0.011
12.04.2021 08:34:03.647 GMT-0500,71.263,71.157,0.011,0.011
12.04.2021 08:34:04.208 GMT-0500,71.262,71.14800000000001,0.011,0.011
12.04.2021 08:34:04.490 GMT-0500,71.263,71.147,0.011,0.011
12.04.2021 08:34:04.746 GMT-0500,71.292,71.218,0.011,0.011
12.04.2021 08:34:04.796 GMT-0500,71.342,71.218,0.011,0.011
12.04.2021 08:34:05.163 GMT-0500,71.332,71.218,0.0008,0.011
12.04.2021 08:34:05.323 GMT-0500,71.342,71.218,0.011,0.011
12.04.2021 08:34:05.435 GMT-0500,71.343,71.247,0.011,0.011
12.04.2021 08:34:05.984 GMT-0500,71.342,71.25800000000001,0.011,0.011
12.04.2021 08:34:06.097 GMT-0500,71.27300000000001,71.247,0.0008,0.0075
12.04.2021 08:34:06.148 GMT-0500,71.292,71.218,0.011,0.011
12.04.2021 08:34:06.301 GMT-0500,71.293,71.207,0.011,0.011
12.04.2021 08:34:06.543 GMT-0500,71.272,71.208,0.0008,0.011
12.04.2021 08:34:06.593 GMT-0500,71.342,71.208,0.011,0.011
12.04.2021 08:34:06.879 GMT-0500,71.272,71.208,0.0008,0.0075
12.04.2021 08:34:06.930 GMT-0500,71.342,71.158,0.011,0.011
12.04.2021 08:34:07.094 GMT-0500,71.333,71.157,0.0008,0.011
12.04.2021 08:34:07.481 GMT-0500,71.333,71.157,0.011,0.011
12.04.2021 08:34:07.533 GMT-0500,71.322,71.158,0.0008,0.011
12.04.2021 08:34:08.142 GMT-0500,71.282,71.158,0.0075,0.011
12.04.2021 08:34:08.192 GMT-0500,71.293,71.157,0.011,0.011
12.04.2021 08:34:08.647 GMT-0500,71.292,71.168,0.011,0.011
12.04.2021 08:34:08.762 GMT-0500,71.27300000000001,71.167,0.011,0.011
12.04.2021 08:34:08.812 GMT-0500,71.292,71.158,0.011,0.011
12.04.2021 08:34:09.534 GMT-0500,71.283,71.157,0.0008,0.011
12.04.2021 08:34:09.635 GMT-0500,71.332,71.158,0.011,0.011
12.04.2021 08:34:10.260 GMT-0500,71.32300000000001,71.157,0.0075,0.011
12.04.2021 08:34:10.885 GMT-0500,71.32300000000001,71.197,0.0008,0.0075
12.04.2021 08:34:10.935 GMT-0500,71.333,71.197,0.011,0.011
12.04.2021 08:34:12.193 GMT-0500,71.32300000000001,71.197,0.0075,0.011
12.04.2021 08:34:13.206 GMT-0500,71.313,71.197,0.0075,0.011
12.04.2021 08:34:13.321 GMT-0500,71.262,71.19800000000001,0.0075,0.011
12.04.2021 08:34:13.426 GMT-0500,71.233,71.127,0.011,0.011
12.04.2021 08:34:13.476 GMT-0500,71.232,71.19800000000001,0.011,0.011
12.04.2021 08:34:13.527 GMT-0500,71.282,71.138,0.011,0.011
12.04.2021 08:34:13.881 GMT-0500,71.272,71.138,0.0075,0.011
12.04.2021 08:34:13.982 GMT-0500,71.282,71.138,0.011,0.011
12.04.2021 08:34:14.181 GMT-0500,71.283,71.137,0.011,0.011
12.04.2021 08:34:14.231 GMT-0500,71.282,71.138,0.011,0.011
12.04.2021 08:34:14.454 GMT-0500,71.272,71.138,0.011,0.011
12.04.2021 08:34:14.540 GMT-0500,71.283,71.137,0.011,0.011
12.04.2021 08:34:14.824 GMT-0500,71.282,71.14800000000001,0.011,0.0075
12.04.2021 08:34:15.075 GMT-0500,71.283,71.127,0.011,0.011
12.04.2021 08:34:15.126 GMT-0500,71.282,71.138,0.011,0.011
12.04.2021 08:34:15.251 GMT-0500,71.282,71.218,0.011,0.011
12.04.2021 08:34:15.301 GMT-0500,71.282,71.128,0.011,0.011
12.04.2021 08:34:15.910 GMT-0500,71.232,71.128,0.0008,0.011
12.04.2021 08:34:15.960 GMT-0500,71.233,71.127,0.011,0.011
12.04.2021 08:34:16.745 GMT-0500,71.313,71.137,0.011,0.011
12.04.2021 08:34:16.795 GMT-0500,71.282,71.128,0.011,0.011
12.04.2021 08:34:17.375 GMT-0500,71.272,71.128,0.0008,0.011
12.04.2021 08:34:17.732 GMT-0500,71.282,71.128,0.011,0.011
12.04.2021 08:34:18.625 GMT-0500,71.272,71.138,0.0075,0.0075
12.04.2021 08:34:18.744 GMT-0500,71.272,71.188,0.011,0.0075
12.04.2021 08:34:18.844 GMT-0500,71.282,71.188,0.011,0.011
12.04.2021 08:34:19.214 GMT-0500,71.282,71.128,0.011,0.011
12.04.2021 08:34:19.264 GMT-0500,71.282,71.138,0.011,0.011
12.04.2021 08:34:19.407 GMT-0500,71.283,71.127,0.011,0.011
12.04.2021 08:34:19.468 GMT-0500,71.27300000000001,71.127,0.0075,0.011
12.04.2021 08:34:19.866 GMT-0500,71.272,71.128,0.011,0.011
12.04.2021 08:34:19.967 GMT-0500,71.27300000000001,71.127,0.011,0.011
12.04.2021 08:34:20.275 GMT-0500,71.222,71.128,0.011,0.011
12.04.2021 08:34:20.326 GMT-0500,71.27300000000001,71.127,0.011,0.011
12.04.2021 08:34:21.127 GMT-0500,71.223,71.127,0.0008,0.011
12.04.2021 08:34:21.352 GMT-0500,71.223,71.127,0.011,0.011
12.04.2021 08:34:21.453 GMT-0500,71.223,71.127,0.011,0.011
12.04.2021 08:34:21.803 GMT-0500,71.27300000000001,71.127,0.011,0.011
12.04.2021 08:34:21.927 GMT-0500,71.222,71.128,0.0075,0.011
12.04.2021 08:34:21.978 GMT-0500,71.27300000000001,71.127,0.011,0.011
12.04.2021 08:34:22.028 GMT-0500,71.223,71.137,0.011,0.011
12.04.2021 08:34:22.202 GMT-0500,71.27300000000001,71.127,0.011,0.011
12.04.2021 08:34:22.535 GMT-0500,71.262,71.128,0.0008,0.011
12.04.2021 08:34:22.641 GMT-0500,71.223,71.127,0.011,0.011
12.04.2021 08:34:22.786 GMT-0500,71.272,71.128,0.011,0.011
12.04.2021 08:34:24.292 GMT-0500,71.222,71.128,0.011,0.011
12.04.2021 08:34:24.610 GMT-0500,71.222,71.138,0.0008,0.0075
12.04.2021 08:34:24.660 GMT-0500,71.263,71.137,0.011,0.011
12.04.2021 08:34:24.814 GMT-0500,71.27300000000001,71.127,0.011,0.011
12.04.2021 08:34:25.365 GMT-0500,71.263,71.127,0.0008,0.011
12.04.2021 08:34:25.415 GMT-0500,71.312,71.19800000000001,0.011,0.011
12.04.2021 08:34:25.468 GMT-0500,71.302,71.19800000000001,0.0008,0.011
12.04.2021 08:34:26.230 GMT-0500,71.302,71.238,0.011,0.0075
12.04.2021 08:34:26.280 GMT-0500,71.292,71.168,0.011,0.011
12.04.2021 08:34:26.331 GMT-0500,71.302,71.218,0.011,0.011
12.04.2021 08:34:26.481 GMT-0500,71.283,71.157,0.011,0.011
12.04.2021 08:34:26.532 GMT-0500,71.282,71.168,0.011,0.011
12.04.2021 08:34:26.980 GMT-0500,71.27300000000001,71.167,0.0075,0.011
12.04.2021 08:34:27.031 GMT-0500,71.352,71.168,0.011,0.011
12.04.2021 08:34:27.081 GMT-0500,71.343,71.167,0.011,0.011
12.04.2021 08:34:27.252 GMT-0500,71.342,71.22800000000001,0.011,0.0075
12.04.2021 08:34:27.302 GMT-0500,71.333,71.157,0.011,0.011
12.04.2021 08:34:27.403 GMT-0500,71.343,71.227,0.011,0.011
12.04.2021 08:34:27.674 GMT-0500,71.343,71.247,0.011,0.0075
12.04.2021 08:34:27.724 GMT-0500,71.282,71.178,0.011,0.011
12.04.2021 08:34:27.877 GMT-0500,71.282,71.168,0.011,0.011
12.04.2021 08:34:28.368 GMT-0500,71.283,71.177,0.011,0.0075
12.04.2021 08:34:28.695 GMT-0500,71.343,71.237,0.011,0.011
12.04.2021 08:34:29.033 GMT-0500,71.343,71.167,0.011,0.011
12.04.2021 08:34:29.084 GMT-0500,71.343,71.177,0.011,0.011
12.04.2021 08:34:30.137 GMT-0500,71.342,71.278,0.011,0.0075
12.04.2021 08:34:30.237 GMT-0500,71.333,71.247,0.011,0.011
12.04.2021 08:34:30.326 GMT-0500,71.332,71.248,0.011,0.011
12.04.2021 08:34:30.376 GMT-0500,71.332,71.208,0.011,0.011
12.04.2021 08:34:31.269 GMT-0500,71.382,71.208,0.011,0.011
12.04.2021 08:34:31.321 GMT-0500,71.343,71.207,0.0008,0.011
12.04.2021 08:34:31.371 GMT-0500,71.393,71.247,0.011,0.011
12.04.2021 08:34:31.422 GMT-0500,71.403,71.247,0.011,0.011
12.04.2021 08:34:31.560 GMT-0500,71.402,71.238,0.011,0.011
12.04.2021 08:34:31.668 GMT-0500,71.32300000000001,71.237,0.0075,0.011
12.04.2021 08:34:31.719 GMT-0500,71.392,71.248,0.011,0.011
12.04.2021 08:34:31.846 GMT-0500,71.393,71.237,0.011,0.011
12.04.2021 08:34:32.316 GMT-0500,71.38300000000001,71.237,0.0075,0.011
12.04.2021 08:34:33.469 GMT-0500,71.373,71.237,0.0008,0.011
12.04.2021 08:34:34.319 GMT-0500,71.363,71.237,0.011,0.011
12.04.2021 08:34:34.370 GMT-0500,71.373,71.237,0.011,0.011
12.04.2021 08:34:34.532 GMT-0500,71.373,71.237,0.011,0.011
12.04.2021 08:34:34.582 GMT-0500,71.372,71.248,0.011,0.011
12.04.2021 08:34:36.380 GMT-0500,71.343,71.247,0.0075,0.011
12.04.2021 08:34:36.430 GMT-0500,71.412,71.248,0.011,0.011
12.04.2021 08:34:36.493 GMT-0500,71.393,71.247,0.011,0.011
12.04.2021 08:34:36.621 GMT-0500,71.38300000000001,71.247,0.011,0.011
12.04.2021 08:34:36.671 GMT-0500,71.393,71.247,0.011,0.011
12.04.2021 08:34:37.373 GMT-0500,71.382,71.248,0.0008,0.011
12.04.2021 08:34:37.474 GMT-0500,71.392,71.248,0.011,0.011
12.04.2021 08:34:37.597 GMT-0500,71.392,71.238,0.011,0.011
12.04.2021 08:34:38.172 GMT-0500,71.382,71.248,0.0075,0.0075
12.04.2021 08:34:38.222 GMT-0500,71.392,71.238,0.011,0.011
12.04.2021 08:34:40.594 GMT-0500,71.382,71.248,0.011,0.011
12.04.2021 08:34:40.853 GMT-0500,71.392,71.238,0.011,0.011
12.04.2021 08:34:41.625 GMT-0500,71.333,71.237,0.0008,0.011
12.04.2021 08:34:41.859 GMT-0500,71.343,71.247,0.011,0.011
12.04.2021 08:34:42.062 GMT-0500,71.332,71.248,0.0008,0.011
12.04.2021 08:34:42.341 GMT-0500,71.332,71.248,0.011,0.011
12.04.2021 08:34:43.408 GMT-0500,71.332,71.248,0.011,0.011
12.04.2021 08:34:44.342 GMT-0500,71.332,71.268,0.011,0.0075
12.04.2021 08:34:45.411 GMT-0500,71.332,71.25800000000001,0.011,0.011
12.04.2021 08:34:47.215 GMT-0500,71.293,71.237,0.0075,0.011
12.04.2021 08:34:47.945 GMT-0500,71.27300000000001,71.237,0.0008,0.011
12.04.2021 08:34:47.995 GMT-0500,71.283,71.237,0.011,0.011
12.04.2021 08:34:48.353 GMT-0500,71.27300000000001,71.237,0.0008,0.011
12.04.2021 08:34:48.617 GMT-0500,71.282,71.238,0.011,0.011
12.04.2021 08:34:49.229 GMT-0500,71.272,71.238,0.0075,0.011
12.04.2021 08:34:50.177 GMT-0500,71.27300000000001,71.187,0.011,0.011
12.04.2021 08:34:50.227 GMT-0500,71.272,71.19800000000001,0.011,0.011
12.04.2021 08:34:50.333 GMT-0500,71.262,71.19800000000001,0.011,0.011
12.04.2021 08:34:50.384 GMT-0500,71.27300000000001,71.187,0.011,0.011
12.04.2021 08:34:50.444 GMT-0500,71.252,71.188,0.0008,0.011
12.04.2021 08:34:50.495 GMT-0500,71.27300000000001,71.187,0.011,0.011
12.04.2021 08:34:53.022 GMT-0500,71.253,71.187,0.0008,0.011
12.04.2021 08:34:53.072 GMT-0500,71.272,71.188,0.011,0.011
12.04.2021 08:34:53.560 GMT-0500,71.272,71.188,0.011,0.011
12.04.2021 08:34:53.610 GMT-0500,71.272,71.188,0.011,0.011
12.04.2021 08:34:53.698 GMT-0500,71.253,71.187,0.0008,0.011
12.04.2021 08:34:54.128 GMT-0500,71.272,71.188,0.011,0.011
12.04.2021 08:34:55.670 GMT-0500,71.292,71.188,0.011,0.011
12.04.2021 08:34:56.070 GMT-0500,71.262,71.188,0.0008,0.011
12.04.2021 08:34:56.600 GMT-0500,71.252,71.188,0.0075,0.011
12.04.2021 08:34:56.987 GMT-0500,71.293,71.187,0.011,0.011
12.04.2021 08:34:57.309 GMT-0500,71.222,71.188,0.0008,0.0075
12.04.2021 08:34:57.359 GMT-0500,71.283,71.177,0.011,0.011
12.04.2021 08:34:57.460 GMT-0500,71.242,71.178,0.0075,0.011
12.04.2021 08:34:57.953 GMT-0500,71.293,71.177,0.011,0.011
12.04.2021 08:34:58.082 GMT-0500,71.283,71.177,0.0008,0.011
12.04.2021 08:34:58.183 GMT-0500,71.293,71.177,0.011,0.011
12.04.2021 08:34:58.888 GMT-0500,71.283,71.177,0.0075,0.011
12.04.2021 08:34:59.177 GMT-0500,71.293,71.177,0.011,0.011
12.04.2021 08:34:59.734 GMT-0500,71.283,71.177,0.011,0.011
12.04.2021 08:34:59.915 GMT-0500,71.293,71.177,0.011,0.011
12.04.2021 08:35:00.304 GMT-0500,71.242,71.178,0.0008,0.011
12.04.2021 08:35:00.409 GMT-0500,71.233,71.177,0.0075,0.011
12.04.2021 08:35:00.459 GMT-0500,71.292,71.208,0.011,0.011
12.04.2021 08:35:00.510 GMT-0500,71.242,71.178,0.011,0.011
12.04.2021 08:35:00.901 GMT-0500,71.242,71.188,0.011,0.0075
12.04.2021 08:35:01.002 GMT-0500,71.232,71.188,0.011,0.011
12.04.2021 08:35:01.104 GMT-0500,71.282,71.188,0.011,0.011
12.04.2021 08:35:01.269 GMT-0500,71.293,71.207,0.011,0.011
12.04.2021 08:35:02.962 GMT-0500,71.253,71.207,0.0075,0.011
12.04.2021 08:35:03.012 GMT-0500,71.292,71.208,0.011,0.011
12.04.2021 08:35:03.063 GMT-0500,71.242,71.208,0.011,0.011
12.04.2021 08:35:03.113 GMT-0500,71.293,71.207,0.011,0.011
12.04.2021 08:35:03.163 GMT-0500,71.242,71.208,0.011,0.011
12.04.2021 08:35:03.410 GMT-0500,71.292,71.208,0.011,0.011
12.04.2021 08:35:03.461 GMT-0500,71.283,71.207,0.011,0.011
12.04.2021 08:35:03.511 GMT-0500,71.292,71.208,0.011,0.011
12.04.2021 08:35:04.097 GMT-0500,71.24300000000001,71.207,0.0075,0.011
12.04.2021 08:35:04.252 GMT-0500,71.233,71.207,0.0008,0.011
12.04.2021 08:35:04.302 GMT-0500,71.252,71.208,0.011,0.011
12.04.2021 08:35:04.517 GMT-0500,71.212,71.188,0.011,0.011
12.04.2021 08:35:04.568 GMT-0500,71.222,71.188,0.011,0.011
12.04.2021 08:35:04.668 GMT-0500,71.253,71.187,0.011,0.011
12.04.2021 08:35:04.819 GMT-0500,71.233,71.187,0.011,0.011
12.04.2021 08:35:04.920 GMT-0500,71.253,71.187,0.011,0.011
12.04.2021 08:35:06.085 GMT-0500,71.208,71.187,0.0008,0.011
12.04.2021 08:35:06.136 GMT-0500,71.252,71.188,0.011,0.011
12.04.2021 08:35:06.186 GMT-0500,71.223,71.187,0.011,0.011
12.04.2021 08:35:06.236 GMT-0500,71.253,71.187,0.011,0.011
12.04.2021 08:35:06.929 GMT-0500,71.223,71.187,0.011,0.011
12.04.2021 08:35:08.146 GMT-0500,71.212,71.188,0.011,0.011
12.04.2021 08:35:08.196 GMT-0500,71.222,71.188,0.011,0.011
12.04.2021 08:35:08.512 GMT-0500,71.223,71.197,0.011,0.0075
12.04.2021 08:35:08.747 GMT-0500,71.253,71.187,0.011,0.011
12.04.2021 08:35:08.842 GMT-0500,71.252,71.188,0.011,0.011
12.04.2021 08:35:10.588 GMT-0500,71.292,71.238,0.011,0.011
12.04.2021 08:35:10.691 GMT-0500,71.292,71.248,0.011,0.011
12.04.2021 08:35:10.814 GMT-0500,71.293,71.237,0.011,0.011
12.04.2021 08:35:11.338 GMT-0500,71.292,71.248,0.011,0.0075
12.04.2021 08:35:11.388 GMT-0500,71.293,71.237,0.011,0.011
12.04.2021 08:35:11.744 GMT-0500,71.272,71.238,0.011,0.011
12.04.2021 08:35:11.795 GMT-0500,71.292,71.238,0.011,0.011
12.04.2021 08:35:12.307 GMT-0500,71.293,71.237,0.011,0.011
12.04.2021 08:35:12.407 GMT-0500,71.363,71.277,0.011,0.011
12.04.2021 08:35:12.475 GMT-0500,71.343,71.277,0.0075,0.011
12.04.2021 08:35:12.591 GMT-0500,71.373,71.297,0.011,0.011
12.04.2021 08:35:14.491 GMT-0500,71.373,71.297,0.011,0.011
12.04.2021 08:35:14.541 GMT-0500,71.413,71.317,0.011,0.011
12.04.2021 08:35:15.302 GMT-0500,71.412,71.308,0.011,0.011
12.04.2021 08:35:15.851 GMT-0500,71.413,71.307,0.0075,0.011
12.04.2021 08:35:15.901 GMT-0500,71.422,71.308,0.011,0.011
12.04.2021 08:35:16.083 GMT-0500,71.422,71.36800000000001,0.011,0.0075
12.04.2021 08:35:16.134 GMT-0500,71.483,71.377,0.011,0.011
12.04.2021 08:35:16.184 GMT-0500,71.483,71.407,0.011,0.011
12.04.2021 08:35:16.234 GMT-0500,71.492,71.408,0.011,0.011
12.04.2021 08:35:16.558 GMT-0500,71.482,71.408,0.0008,0.011
12.04.2021 08:35:16.608 GMT-0500,71.483,71.387,0.011,0.011
12.04.2021 08:35:17.279 GMT-0500,71.472,71.388,0.0075,0.011
12.04.2021 08:35:18.388 GMT-0500,71.46300000000001,71.387,0.0008,0.011
12.04.2021 08:35:18.489 GMT-0500,71.473,71.387,0.011,0.011
12.04.2021 08:35:18.839 GMT-0500,71.482,71.388,0.011,0.011
12.04.2021 08:35:18.938 GMT-0500,71.483,71.417,0.011,0.0075
12.04.2021 08:35:19.088 GMT-0500,71.512,71.388,0.011,0.011
12.04.2021 08:35:20.142 GMT-0500,71.502,71.388,0.0008,0.011
12.04.2021 08:35:20.359 GMT-0500,71.513,71.387,0.011,0.011
12.04.2021 08:35:21.161 GMT-0500,71.502,71.408,0.0075,0.0075
12.04.2021 08:35:23.157 GMT-0500,71.492,71.408,0.0008,0.011
12.04.2021 08:35:23.257 GMT-0500,71.542,71.39800000000001,0.011,0.011
12.04.2021 08:35:23.307 GMT-0500,71.543,71.477,0.011,0.011
12.04.2021 08:35:23.358 GMT-0500,71.542,71.468,0.011,0.011
12.04.2021 08:35:23.458 GMT-0500,71.542,71.408,0.011,0.011
12.04.2021 08:35:23.635 GMT-0500,71.49300000000001,71.407,0.0008,0.011
12.04.2021 08:35:23.686 GMT-0500,71.542,71.408,0.011,0.011
12.04.2021 08:35:23.813 GMT-0500,71.542,71.408,0.011,0.011
12.04.2021 08:35:23.913 GMT-0500,71.542,71.408,0.011,0.011
12.04.2021 08:35:23.984 GMT-0500,71.542,71.458,0.011,0.011
12.04.2021 08:35:24.321 GMT-0500,71.552,71.458,0.011,0.011
12.04.2021 08:35:24.663 GMT-0500,71.513,71.457,0.0075,0.011
12.04.2021 08:35:24.714 GMT-0500,71.52300000000001,71.407,0.011,0.011
12.04.2021 08:35:24.832 GMT-0500,71.483,71.397,0.0008,0.011
12.04.2021 08:35:24.883 GMT-0500,71.513,71.407,0.011,0.011
12.04.2021 08:35:24.997 GMT-0500,71.513,71.397,0.011,0.011
12.04.2021 08:35:25.151 GMT-0500,71.482,71.39800000000001,0.0008,0.011
12.04.2021 08:35:25.202 GMT-0500,71.502,71.408,0.011,0.011
12.04.2021 08:35:25.252 GMT-0500,71.512,71.418,0.011,0.011
12.04.2021 08:35:25.327 GMT-0500,71.512,71.408,0.011,0.011
12.04.2021 08:35:25.653 GMT-0500,71.513,71.417,0.011,0.0075
12.04.2021 08:35:25.838 GMT-0500,71.512,71.44800000000001,0.0008,0.011
12.04.2021 08:35:25.888 GMT-0500,71.522,71.428,0.011,0.011
12.04.2021 08:35:25.938 GMT-0500,71.522,71.44800000000001,0.011,0.011
12.04.2021 08:35:26.063 GMT-0500,71.522,71.418,0.011,0.011
12.04.2021 08:35:27.055 GMT-0500,71.522,71.47800000000001,0.0008,0.0075
12.04.2021 08:35:27.106 GMT-0500,71.572,71.468,0.011,0.011
12.04.2021 08:35:27.207 GMT-0500,71.572,71.408,0.011,0.011
12.04.2021 08:35:27.634 GMT-0500,71.52300000000001,71.407,0.0075,0.011
12.04.2021 08:35:27.735 GMT-0500,71.52300000000001,71.437,0.011,0.011
12.04.2021 08:35:27.835 GMT-0500,71.512,71.388,0.011,0.011
12.04.2021 08:35:28.000 GMT-0500,71.503,71.387,0.0008,0.011
12.04.2021 08:35:28.050 GMT-0500,71.513,71.387,0.011,0.011
12.04.2021 08:35:28.100 GMT-0500,71.513,71.367,0.011,0.011
12.04.2021 08:35:28.150 GMT-0500,71.512,71.36800000000001,0.011,0.011
12.04.2021 08:35:28.667 GMT-0500,71.513,71.367,0.011,0.011
12.04.2021 08:35:28.859 GMT-0500,71.49300000000001,71.417,0.0075,0.011
12.04.2021 08:35:28.909 GMT-0500,71.503,71.417,0.011,0.011
12.04.2021 08:35:29.526 GMT-0500,71.542,71.458,0.011,0.011
12.04.2021 08:35:30.308 GMT-0500,71.553,71.487,0.011,0.011
12.04.2021 08:35:30.358 GMT-0500,71.552,71.468,0.011,0.011
12.04.2021 08:35:30.514 GMT-0500,71.512,71.428,0.0075,0.011
12.04.2021 08:35:30.564 GMT-0500,71.552,71.418,0.011,0.011
12.04.2021 08:35:30.875 GMT-0500,71.502,71.418,0.0075,0.011
12.04.2021 08:35:31.238 GMT-0500,71.502,71.428,0.011,0.011
12.04.2021 08:35:31.362 GMT-0500,71.502,71.418,0.011,0.011
12.04.2021 08:35:31.448 GMT-0500,71.503,71.417,0.011,0.011
12.04.2021 08:35:31.499 GMT-0500,71.492,71.458,0.011,0.011
12.04.2021 08:35:32.029 GMT-0500,71.543,71.457,0.011,0.011
12.04.2021 08:35:32.285 GMT-0500,71.553,71.457,0.011,0.0075
12.04.2021 08:35:32.703 GMT-0500,71.553,71.487,0.0008,0.0075
12.04.2021 08:35:32.753 GMT-0500,71.572,71.47800000000001,0.011,0.011
12.04.2021 08:35:32.853 GMT-0500,71.583,71.467,0.011,0.011
12.04.2021 08:35:33.503 GMT-0500,71.532,71.468,0.0008,0.011
12.04.2021 08:35:33.680 GMT-0500,71.522,71.44800000000001,0.011,0.011
12.04.2021 08:35:34.431 GMT-0500,71.52300000000001,71.457,0.0008,0.0075
12.04.2021 08:35:34.481 GMT-0500,71.583,71.457,0.011,0.011
12.04.2021 08:35:34.533 GMT-0500,71.532,71.458,0.0008,0.011
12.04.2021 08:35:34.584 GMT-0500,71.572,71.458,0.011,0.011
12.04.2021 08:35:35.055 GMT-0500,71.582,71.458,0.011,0.011
12.04.2021 08:35:35.106 GMT-0500,71.582,71.47800000000001,0.011,0.011
12.04.2021 08:35:35.228 GMT-0500,71.533,71.457,0.0008,0.011
12.04.2021 08:35:35.278 GMT-0500,71.60300000000001,71.457,0.011,0.011
12.04.2021 08:35:35.329 GMT-0500,71.582,71.458,0.011,0.011
12.04.2021 08:35:35.558 GMT-0500,71.57300000000001,71.457,0.0008,0.011
12.04.2021 08:35:35.709 GMT-0500,71.582,71.47800000000001,0.011,0.011
12.04.2021 08:35:35.851 GMT-0500,71.60300000000001,71.457,0.011,0.011
12.04.2021 08:35:35.911 GMT-0500,71.57300000000001,71.457,0.0008,0.011
12.04.2021 08:35:36.081 GMT-0500,71.572,71.488,0.011,0.0075
12.04.2021 08:35:36.182 GMT-0500,71.572,71.458,0.011,0.011
12.04.2021 08:35:36.236 GMT-0500,71.572,71.47800000000001,0.011,0.0075
12.04.2021 08:35:36.286 GMT-0500,71.572,71.458,0.011,0.011
12.04.2021 08:35:36.467 GMT-0500,71.513,71.457,0.0008,0.011
12.04.2021 08:35:36.517 GMT-0500,71.502,71.418,0.011,0.011
12.04.2021 08:35:36.578 GMT-0500,71.503,71.47500000000001,0.011,0.0075
12.04.2021 08:35:36.628 GMT-0500,71.502,71.468,0.011,0.011
12.04.2021 08:35:36.791 GMT-0500,71.502,71.418,0.011,0.011
12.04.2021 08:35:36.861 GMT-0500,71.503,71.467,0.0008,0.0075
12.04.2021 08:35:36.911 GMT-0500,71.572,71.468,0.011,0.011
12.04.2021 08:35:37.293 GMT-0500,71.57300000000001,71.417,0.011,0.011
12.04.2021 08:35:37.344 GMT-0500,71.57300000000001,71.427,0.011,0.011
12.04.2021 08:35:37.394 GMT-0500,71.572,71.418,0.011,0.011
12.04.2021 08:35:37.539 GMT-0500,71.492,71.418,0.0008,0.0075
12.04.2021 08:35:37.589 GMT-0500,71.572,71.408,0.011,0.011
12.04.2021 08:35:38.254 GMT-0500,71.562,71.408,0.0008,0.011
12.04.2021 08:35:38.304 GMT-0500,71.562,71.408,0.011,0.011
12.04.2021 08:35:38.906 GMT-0500,71.563,71.417,0.011,0.011
12.04.2021 08:35:39.062 GMT-0500,71.57300000000001,71.417,0.011,0.011
12.04.2021 08:35:39.340 GMT-0500,71.57300000000001,71.427,0.011,0.011
12.04.2021 08:35:39.700 GMT-0500,71.502,71.418,0.011,0.011
12.04.2021 08:35:39.751 GMT-0500,71.562,71.428,0.011,0.011
12.04.2021 08:35:40.146 GMT-0500,71.57300000000001,71.417,0.011,0.011
12.04.2021 08:35:40.196 GMT-0500,71.57300000000001,71.427,0.011,0.011
12.04.2021 08:35:40.299 GMT-0500,71.57300000000001,71.417,0.011,0.011
12.04.2021 08:35:40.663 GMT-0500,71.563,71.417,0.0008,0.011
12.04.2021 08:35:40.763 GMT-0500,71.572,71.418,0.011,0.011
12.04.2021 08:35:40.907 GMT-0500,71.57300000000001,71.447,0.011,0.0075
12.04.2021 08:35:41.023 GMT-0500,71.57300000000001,71.417,0.011,0.011
12.04.2021 08:35:41.073 GMT-0500,71.57300000000001,71.417,0.011,0.011
12.04.2021 08:35:41.359 GMT-0500,71.562,71.418,0.0008,0.011
12.04.2021 08:35:41.459 GMT-0500,71.572,71.418,0.011,0.011
12.04.2021 08:35:41.806 GMT-0500,71.57300000000001,71.467,0.011,0.0075
12.04.2021 08:35:42.154 GMT-0500,71.562,71.468,0.0075,0.011
12.04.2021 08:35:42.204 GMT-0500,71.57300000000001,71.467,0.011,0.011
12.04.2021 08:35:42.314 GMT-0500,71.572,71.44800000000001,0.011,0.011
12.04.2021 08:35:42.794 GMT-0500,71.57300000000001,71.487,0.011,0.0075
12.04.2021 08:35:42.895 GMT-0500,71.582,71.488,0.011,0.011
12.04.2021 08:35:42.995 GMT-0500,71.593,71.487,0.011,0.011
12.04.2021 08:35:43.620 GMT-0500,71.582,71.488,0.0075,0.011
12.04.2021 08:35:43.889 GMT-0500,71.583,71.507,0.0008,0.0075
12.04.2021 08:35:44.007 GMT-0500,71.592,71.518,0.011,0.011
12.04.2021 08:35:44.057 GMT-0500,71.592,71.498,0.011,0.011
12.04.2021 08:35:44.195 GMT-0500,71.592,71.498,0.011,0.011
12.04.2021 08:35:44.450 GMT-0500,71.592,71.558,0.0008,0.0075
12.04.2021 08:35:44.500 GMT-0500,71.632,71.528,0.011,0.011
12.04.2021 08:35:44.646 GMT-0500,71.643,71.527,0.011,0.011
12.04.2021 08:35:44.790 GMT-0500,71.63300000000001,71.527,0.0075,0.011
12.04.2021 08:35:45.834 GMT-0500,71.642,71.578,0.011,0.011
12.04.2021 08:35:45.885 GMT-0500,71.642,71.488,0.011,0.011
12.04.2021 08:35:45.935 GMT-0500,71.612,71.518,0.011,0.011
12.04.2021 08:35:46.035 GMT-0500,71.622,71.518,0.011,0.011
12.04.2021 08:35:47.991 GMT-0500,71.612,71.518,0.011,0.011
12.04.2021 08:35:48.068 GMT-0500,71.623,71.517,0.011,0.011
12.04.2021 08:35:48.383 GMT-0500,71.583,71.517,0.0075,0.011
12.04.2021 08:35:48.433 GMT-0500,71.592,71.518,0.011,0.011
12.04.2021 08:35:48.534 GMT-0500,71.642,71.518,0.011,0.011
12.04.2021 08:35:49.287 GMT-0500,71.653,71.517,0.011,0.011
12.04.2021 08:35:49.345 GMT-0500,71.57300000000001,71.517,0.0008,0.011
12.04.2021 08:35:49.510 GMT-0500,71.57300000000001,71.507,0.011,0.011
12.04.2021 08:35:49.749 GMT-0500,71.63300000000001,71.507,0.011,0.011
12.04.2021 08:35:49.799 GMT-0500,71.623,71.507,0.011,0.011
12.04.2021 08:35:50.323 GMT-0500,71.612,71.50800000000001,0.011,0.011
12.04.2021 08:35:50.473 GMT-0500,71.552,71.47800000000001,0.011,0.011
12.04.2021 08:35:50.591 GMT-0500,71.553,71.467,0.011,0.011
12.04.2021 08:35:51.327 GMT-0500,71.552,71.468,0.0075,0.011
12.04.2021 08:35:51.377 GMT-0500,71.602,71.47800000000001,0.011,0.011
12.04.2021 08:35:52.861 GMT-0500,71.592,71.47800000000001,0.0075,0.011
12.04.2021 08:35:52.962 GMT-0500,71.602,71.47800000000001,0.011,0.011
12.04.2021 08:35:53.225 GMT-0500,71.60300000000001,71.477,0.0075,0.011
12.04.2021 08:35:53.275 GMT-0500,71.613,71.437,0.011,0.011
12.04.2021 08:35:53.326 GMT-0500,71.532,71.428,0.011,0.011
12.04.2021 08:35:53.597 GMT-0500,71.533,71.417,0.011,0.011
12.04.2021 08:35:53.871 GMT-0500,71.532,71.428,0.011,0.0075
12.04.2021 08:35:53.972 GMT-0500,71.532,71.418,0.011,0.011
12.04.2021 08:35:55.454 GMT-0500,71.522,71.468,0.0075,0.0075
12.04.2021 08:35:55.660 GMT-0500,71.513,71.457,0.0075,0.011
12.04.2021 08:35:55.710 GMT-0500,71.592,71.468,0.011,0.011
12.04.2021 08:35:55.761 GMT-0500,71.52300000000001,71.467,0.011,0.011
12.04.2021 08:35:55.811 GMT-0500,71.593,71.487,0.011,0.011
12.04.2021 08:35:56.229 GMT-0500,71.583,71.477,0.0075,0.011
12.04.2021 08:35:56.330 GMT-0500,71.60300000000001,71.467,0.011,0.011
12.04.2021 08:35:56.463 GMT-0500,71.522,71.458,0.0075,0.011
12.04.2021 08:35:56.514 GMT-0500,71.522,71.458,0.011,0.011
12.04.2021 08:35:56.793 GMT-0500,71.49300000000001,71.457,0.0008,0.011
12.04.2021 08:35:56.843 GMT-0500,71.532,71.458,0.011,0.011
12.04.2021 08:35:56.894 GMT-0500,71.542,71.458,0.011,0.011
12.04.2021 08:35:57.065 GMT-0500,71.562,71.458,0.011,0.011
12.04.2021 08:35:57.343 GMT-0500,71.522,71.458,0.0075,0.011
12.04.2021 08:35:58.195 GMT-0500,71.512,71.458,0.0008,0.011
12.04.2021 08:35:58.246 GMT-0500,71.522,71.458,0.011,0.011
12.04.2021 08:35:59.077 GMT-0500,71.513,71.457,0.0075,0.011
12.04.2021 08:35:59.699 GMT-0500,71.503,71.457,0.0075,0.011
12.04.2021 08:35:59.934 GMT-0500,71.512,71.458,0.011,0.011
12.04.2021 08:36:01.297 GMT-0500,71.472,71.378,0.011,0.011
12.04.2021 08:36:01.413 GMT-0500,71.482,71.378,0.0075,0.011
12.04.2021 08:36:01.463 GMT-0500,71.492,71.428,0.011,0.011
12.04.2021 08:36:01.514 GMT-0500,71.562,71.388,0.011,0.011
12.04.2021 08:36:01.790 GMT-0500,71.563,71.397,0.011,0.011
12.04.2021 08:36:01.944 GMT-0500,71.562,71.388,0.011,0.011
12.04.2021 08:36:02.186 GMT-0500,71.552,71.388,0.0075,0.011
12.04.2021 08:36:02.491 GMT-0500,71.562,71.39800000000001,0.011,0.011
12.04.2021 08:36:02.542 GMT-0500,71.562,71.388,0.011,0.011
12.04.2021 08:36:03.010 GMT-0500,71.552,71.388,0.0008,0.011
12.04.2021 08:36:03.240 GMT-0500,71.562,71.388,0.011,0.011
12.04.2021 08:36:04.113 GMT-0500,71.553,71.387,0.0008,0.011
12.04.2021 08:36:04.463 GMT-0500,71.562,71.388,0.011,0.011
12.04.2021 08:36:05.164 GMT-0500,71.552,71.388,0.0008,0.011
12.04.2021 08:36:05.265 GMT-0500,71.562,71.388,0.011,0.011
12.04.2021 08:36:07.339 GMT-0500,71.553,71.397,0.0075,0.0075
12.04.2021 08:36:07.555 GMT-0500,71.562,71.388,0.011,0.011
12.04.2021 08:36:09.021 GMT-0500,71.553,71.387,0.0008,0.011
12.04.2021 08:36:09.178 GMT-0500,71.562,71.44800000000001,0.011,0.011
12.04.2021 08:36:09.933 GMT-0500,71.552,71.44800000000001,0.0008,0.011
12.04.2021 08:36:10.175 GMT-0500,71.553,71.447,0.0075,0.011
12.04.2021 08:36:10.225 GMT-0500,71.572,71.458,0.011,0.011
12.04.2021 08:36:10.276 GMT-0500,71.572,71.44800000000001,0.011,0.011
12.04.2021 08:36:10.326 GMT-0500,71.502,71.44800000000001,0.011,0.011
12.04.2021 08:36:11.277 GMT-0500,71.462,71.408,0.0075,0.011
12.04.2021 08:36:11.328 GMT-0500,71.462,71.418,0.011,0.011
12.04.2021 08:36:11.442 GMT-0500,71.462,71.408,0.011,0.011
12.04.2021 08:36:11.655 GMT-0500,71.443,71.407,0.0075,0.011
12.04.2021 08:36:11.706 GMT-0500,71.46300000000001,71.407,0.011,0.011
12.04.2021 08:36:11.791 GMT-0500,71.423,71.317,0.011,0.011
12.04.2021 08:36:11.841 GMT-0500,71.422,71.328,0.011,0.011
12.04.2021 08:36:11.891 GMT-0500,71.423,71.317,0.011,0.011
12.04.2021 08:36:11.992 GMT-0500,71.422,71.308,0.011,0.011
12.04.2021 08:36:12.201 GMT-0500,71.443,71.307,0.011,0.011
12.04.2021 08:36:12.334 GMT-0500,71.393,71.307,0.0075,0.011
12.04.2021 08:36:12.385 GMT-0500,71.402,71.308,0.011,0.011
12.04.2021 08:36:12.485 GMT-0500,71.412,71.308,0.011,0.011
12.04.2021 08:36:12.871 GMT-0500,71.422,71.308,0.011,0.011
12.04.2021 08:36:13.116 GMT-0500,71.422,71.318,0.011,0.0075
12.04.2021 08:36:13.295 GMT-0500,71.413,71.307,0.011,0.011
12.04.2021 08:36:13.396 GMT-0500,71.413,71.337,0.011,0.011
12.04.2021 08:36:13.716 GMT-0500,71.412,71.348,0.011,0.011
12.04.2021 08:36:14.318 GMT-0500,71.423,71.347,0.011,0.011
12.04.2021 08:36:14.433 GMT-0500,71.423,71.347,0.011,0.011
12.04.2021 08:36:14.483 GMT-0500,71.46300000000001,71.367,0.011,0.011
12.04.2021 08:36:14.533 GMT-0500,71.442,71.358,0.011,0.011
12.04.2021 08:36:16.580 GMT-0500,71.442,71.358,0.011,0.011
12.04.2021 08:36:16.631 GMT-0500,71.49300000000001,71.407,0.011,0.011
12.04.2021 08:36:16.731 GMT-0500,71.503,71.417,0.011,0.011
12.04.2021 08:36:16.782 GMT-0500,71.423,71.307,0.011,0.011
12.04.2021 08:36:16.832 GMT-0500,71.433,71.327,0.011,0.011
12.04.2021 08:36:16.956 GMT-0500,71.412,71.328,0.011,0.011
12.04.2021 08:36:17.006 GMT-0500,71.422,71.328,0.011,0.011
12.04.2021 08:36:17.200 GMT-0500,71.422,71.36800000000001,0.011,0.011
12.04.2021 08:36:17.250 GMT-0500,71.422,71.328,0.011,0.011
12.04.2021 08:36:17.300 GMT-0500,71.423,71.367,0.011,0.011
12.04.2021 08:36:17.979 GMT-0500,71.432,71.328,0.011,0.011
12.04.2021 08:36:19.872 GMT-0500,71.423,71.327,0.0008,0.011
12.04.2021 08:36:20.137 GMT-0500,71.423,71.337,0.011,0.0075
12.04.2021 08:36:20.238 GMT-0500,71.422,71.36800000000001,0.011,0.011
12.04.2021 08:36:20.289 GMT-0500,71.423,71.327,0.011,0.011
12.04.2021 08:36:20.823 GMT-0500,71.422,71.328,0.011,0.011
12.04.2021 08:36:21.191 GMT-0500,71.423,71.327,0.011,0.011
12.04.2021 08:36:21.632 GMT-0500,71.423,71.397,0.011,0.011
12.04.2021 08:36:21.882 GMT-0500,71.413,71.347,0.0075,0.011
12.04.2021 08:36:21.932 GMT-0500,71.422,71.388,0.011,0.011
12.04.2021 08:36:22.563 GMT-0500,71.422,71.33800000000001,0.011,0.011
12.04.2021 08:36:22.825 GMT-0500,71.412,71.358,0.0075,0.011
12.04.2021 08:36:22.926 GMT-0500,71.382,71.328,0.011,0.011
12.04.2021 08:36:22.976 GMT-0500,71.382,71.318,0.011,0.011
12.04.2021 08:36:23.178 GMT-0500,71.38300000000001,71.337,0.011,0.0075
12.04.2021 08:36:23.229 GMT-0500,71.422,71.348,0.011,0.011
12.04.2021 08:36:25.120 GMT-0500,71.423,71.337,0.011,0.011
12.04.2021 08:36:26.523 GMT-0500,71.38300000000001,71.327,0.0075,0.011
12.04.2021 08:36:26.623 GMT-0500,71.423,71.357,0.011,0.011
12.04.2021 08:36:26.981 GMT-0500,71.422,71.348,0.011,0.011
12.04.2021 08:36:27.226 GMT-0500,71.372,71.328,0.011,0.011
12.04.2021 08:36:27.277 GMT-0500,71.423,71.327,0.011,0.011
12.04.2021 08:36:28.199 GMT-0500,71.422,71.308,0.011,0.011
12.04.2021 08:36:28.476 GMT-0500,71.35300000000001,71.307,0.011,0.011
12.04.2021 08:36:28.674 GMT-0500,71.422,71.308,0.011,0.011
12.04.2021 08:36:28.745 GMT-0500,71.402,71.308,0.011,0.011
12.04.2021 08:36:29.122 GMT-0500,71.392,71.308,0.011,0.011
12.04.2021 08:36:29.273 GMT-0500,71.403,71.307,0.011,0.011
12.04.2021 08:36:29.324 GMT-0500,71.333,71.247,0.011,0.011
12.04.2021 08:36:29.374 GMT-0500,71.393,71.247,0.011,0.011
12.04.2021 08:36:29.913 GMT-0500,71.333,71.257,0.0075,0.0075
12.04.2021 08:36:29.963 GMT-0500,71.392,71.288,0.011,0.011
12.04.2021 08:36:30.076 GMT-0500,71.393,71.207,0.011,0.011
12.04.2021 08:36:30.246 GMT-0500,71.332,71.19800000000001,0.011,0.011
12.04.2021 08:36:30.642 GMT-0500,71.332,71.19800000000001,0.011,0.011
12.04.2021 08:36:31.277 GMT-0500,71.333,71.287,0.0008,0.0075
12.04.2021 08:36:31.327 GMT-0500,71.38300000000001,71.207,0.011,0.011
12.04.2021 08:36:31.378 GMT-0500,71.332,71.19800000000001,0.011,0.011
12.04.2021 08:36:31.617 GMT-0500,71.302,71.248,0.011,0.011
12.04.2021 08:36:31.667 GMT-0500,71.393,71.247,0.011,0.011
12.04.2021 08:36:31.810 GMT-0500,71.393,71.257,0.011,0.0075
12.04.2021 08:36:32.829 GMT-0500,71.382,71.25800000000001,0.0008,0.011
12.04.2021 08:36:33.933 GMT-0500,71.373,71.257,0.0075,0.011
12.04.2021 08:36:34.104 GMT-0500,71.382,71.25800000000001,0.011,0.011
12.04.2021 08:36:35.045 GMT-0500,71.352,71.25800000000001,0.0075,0.011
12.04.2021 08:36:35.734 GMT-0500,71.392,71.25800000000001,0.011,0.011
12.04.2021 08:36:35.997 GMT-0500,71.38300000000001,71.257,0.0075,0.011
12.04.2021 08:36:36.047 GMT-0500,71.393,71.257,0.011,0.011
12.04.2021 08:36:36.182 GMT-0500,71.393,71.267,0.011,0.0075
12.04.2021 08:36:36.232 GMT-0500,71.392,71.25800000000001,0.011,0.011
12.04.2021 08:36:36.283 GMT-0500,71.352,71.25800000000001,0.011,0.011
12.04.2021 08:36:36.333 GMT-0500,71.363,71.257,0.011,0.011
12.04.2021 08:36:37.442 GMT-0500,71.35300000000001,71.257,0.0075,0.011
12.04.2021 08:36:37.546 GMT-0500,71.362,71.25800000000001,0.011,0.011
12.04.2021 08:36:38.120 GMT-0500,71.363,71.257,0.011,0.011
12.04.2021 08:36:38.170 GMT-0500,71.322,71.208,0.011,0.011
12.04.2021 08:36:38.221 GMT-0500,71.392,71.288,0.011,0.011
12.04.2021 08:36:38.398 GMT-0500,71.392,71.22800000000001,0.011,0.011
12.04.2021 08:36:38.461 GMT-0500,71.382,71.22800000000001,0.0075,0.011
12.04.2021 08:36:39.399 GMT-0500,71.373,71.227,0.0008,0.011
12.04.2021 08:36:39.593 GMT-0500,71.382,71.22800000000001,0.011,0.011
12.04.2021 08:36:39.643 GMT-0500,71.332,71.208,0.011,0.011
12.04.2021 08:36:40.124 GMT-0500,71.333,71.227,0.011,0.0075
12.04.2021 08:36:40.224 GMT-0500,71.332,71.218,0.011,0.011
12.04.2021 08:36:40.275 GMT-0500,71.38300000000001,71.217,0.011,0.011
12.04.2021 08:36:40.640 GMT-0500,71.373,71.217,0.0008,0.011
12.04.2021 08:36:40.872 GMT-0500,71.373,71.227,0.011,0.011
12.04.2021 08:36:41.012 GMT-0500,71.382,71.218,0.011,0.011
12.04.2021 08:36:42.233 GMT-0500,71.372,71.22800000000001,0.0075,0.0075
12.04.2021 08:36:42.392 GMT-0500,71.38300000000001,71.217,0.011,0.011
12.04.2021 08:36:43.880 GMT-0500,71.333,71.217,0.011,0.011
12.04.2021 08:36:43.985 GMT-0500,71.313,71.227,0.011,0.0075
12.04.2021 08:36:44.035 GMT-0500,71.312,71.218,0.011,0.011
12.04.2021 08:36:44.358 GMT-0500,71.32300000000001,71.217,0.011,0.011
12.04.2021 08:36:44.519 GMT-0500,71.322,71.22800000000001,0.011,0.0075
12.04.2021 08:36:44.795 GMT-0500,71.32300000000001,71.217,0.011,0.011
12.04.2021 08:36:45.532 GMT-0500,71.322,71.22800000000001,0.011,0.0075
12.04.2021 08:36:45.632 GMT-0500,71.322,71.218,0.011,0.011
12.04.2021 08:36:46.035 GMT-0500,71.303,71.217,0.011,0.011
12.04.2021 08:36:46.617 GMT-0500,71.292,71.22800000000001,0.011,0.011
12.04.2021 08:36:46.720 GMT-0500,71.373,71.267,0.011,0.011
12.04.2021 08:36:46.770 GMT-0500,71.322,71.268,0.011,0.011
12.04.2021 08:36:46.908 GMT-0500,71.325,71.298,0.0075,0.011
12.04.2021 08:36:46.959 GMT-0500,71.373,71.317,0.011,0.011
12.04.2021 08:36:48.155 GMT-0500,71.373,71.297,0.011,0.011
12.04.2021 08:36:48.205 GMT-0500,71.373,71.297,0.011,0.011
12.04.2021 08:36:48.467 GMT-0500,71.373,71.297,0.0075,0.011
12.04.2021 08:36:48.517 GMT-0500,71.423,71.337,0.011,0.011
12.04.2021 08:36:48.661 GMT-0500,71.433,71.337,0.011,0.011
12.04.2021 08:36:49.886 GMT-0500,71.482,71.378,0.011,0.011
12.04.2021 08:36:49.987 GMT-0500,71.422,71.318,0.011,0.011
12.04.2021 08:36:50.508 GMT-0500,71.472,71.33800000000001,0.011,0.011
12.04.2021 08:36:50.840 GMT-0500,71.472,71.328,0.011,0.011
12.04.2021 08:36:50.935 GMT-0500,71.472,71.33800000000001,0.011,0.011
12.04.2021 08:36:51.204 GMT-0500,71.472,71.328,0.011,0.011
12.04.2021 08:36:51.638 GMT-0500,71.46300000000001,71.327,0.011,0.011
12.04.2021 08:36:51.831 GMT-0500,71.473,71.327,0.011,0.011
12.04.2021 08:36:52.344 GMT-0500,71.462,71.328,0.0008,0.011
12.04.2021 08:36:52.444 GMT-0500,71.503,71.417,0.011,0.011
12.04.2021 08:36:52.954 GMT-0500,71.483,71.417,0.0075,0.011
12.04.2021 08:36:53.055 GMT-0500,71.572,71.468,0.011,0.011
12.04.2021 08:36:53.105 GMT-0500,71.482,71.418,0.011,0.011
12.04.2021 08:36:53.214 GMT-0500,71.482,71.468,0.0008,0.0075
12.04.2021 08:36:53.265 GMT-0500,71.532,71.418,0.011,0.011
12.04.2021 08:36:53.315 GMT-0500,71.522,71.418,0.011,0.011
12.04.2021 08:36:55.190 GMT-0500,71.57300000000001,71.457,0.011,0.011
12.04.2021 08:36:55.243 GMT-0500,71.572,71.418,0.011,0.011
12.04.2021 08:36:55.293 GMT-0500,71.513,71.417,0.011,0.011
12.04.2021 08:36:55.409 GMT-0500,71.512,71.408,0.011,0.011
12.04.2021 08:36:55.524 GMT-0500,71.522,71.408,0.011,0.011
12.04.2021 08:36:55.917 GMT-0500,71.522,71.408,0.0075,0.011
12.04.2021 08:36:55.967 GMT-0500,71.593,71.437,0.011,0.011
12.04.2021 08:36:56.071 GMT-0500,71.60300000000001,71.437,0.011,0.011
12.04.2021 08:36:56.843 GMT-0500,71.602,71.438,0.011,0.011
12.04.2021 08:36:56.944 GMT-0500,71.60300000000001,71.437,0.011,0.011
12.04.2021 08:36:57.938 GMT-0500,71.602,71.438,0.011,0.011
12.04.2021 08:36:58.102 GMT-0500,71.602,71.408,0.011,0.011
12.04.2021 08:36:58.262 GMT-0500,71.602,71.428,0.011,0.011
12.04.2021 08:36:58.561 GMT-0500,71.60300000000001,71.437,0.011,0.0075
12.04.2021 08:36:58.661 GMT-0500,71.60300000000001,71.427,0.011,0.011
12.04.2021 08:36:59.526 GMT-0500,71.602,71.428,0.011,0.011
12.04.2021 08:37:00.198 GMT-0500,71.60300000000001,71.447,0.011,0.011
12.04.2021 08:37:00.339 GMT-0500,71.602,71.438,0.011,0.011
12.04.2021 08:37:00.476 GMT-0500,71.60300000000001,71.437,0.011,0.011
12.04.2021 08:37:00.635 GMT-0500,71.602,71.438,0.011,0.011
12.04.2021 08:37:00.685 GMT-0500,71.60300000000001,71.457,0.011,0.011
12.04.2021 08:37:01.108 GMT-0500,71.60300000000001,71.407,0.011,0.011
12.04.2021 08:37:01.158 GMT-0500,71.602,71.418,0.011,0.011
12.04.2021 08:37:01.319 GMT-0500,71.602,71.408,0.011,0.011
12.04.2021 08:37:01.389 GMT-0500,71.602,71.44800000000001,0.011,0.0075
12.04.2021 08:37:01.490 GMT-0500,71.602,71.458,0.011,0.011
12.04.2021 08:37:02.230 GMT-0500,71.60300000000001,71.447,0.011,0.011
12.04.2021 08:37:02.280 GMT-0500,71.60300000000001,71.457,0.011,0.011
12.04.2021 08:37:02.430 GMT-0500,71.60300000000001,71.447,0.011,0.011
12.04.2021 08:37:03.586 GMT-0500,71.602,71.458,0.011,0.0075
12.04.2021 08:37:03.801 GMT-0500,71.60300000000001,71.447,0.011,0.011
12.04.2021 08:37:05.648 GMT-0500,71.60300000000001,71.447,0.011,0.011
12.04.2021 08:37:05.854 GMT-0500,71.602,71.44800000000001,0.011,0.011
12.04.2021 08:37:06.176 GMT-0500,71.60300000000001,71.447,0.011,0.011
12.04.2021 08:37:06.227 GMT-0500,71.60300000000001,71.497,0.011,0.011
12.04.2021 08:37:08.274 GMT-0500,71.60300000000001,71.457,0.0075,0.011
12.04.2021 08:37:08.324 GMT-0500,71.643,71.577,0.011,0.011
12.04.2021 08:37:08.375 GMT-0500,71.63300000000001,71.557,0.011,0.011
12.04.2021 08:37:08.580 GMT-0500,71.63300000000001,71.497,0.011,0.011
12.04.2021 08:37:08.857 GMT-0500,71.622,71.498,0.0008,0.011
12.04.2021 08:37:09.716 GMT-0500,71.622,71.498,0.0075,0.011
12.04.2021 08:37:09.817 GMT-0500,71.602,71.498,0.011,0.011
12.04.2021 08:37:11.882 GMT-0500,71.623,71.487,0.011,0.011
12.04.2021 08:37:11.936 GMT-0500,71.623,71.497,0.011,0.0075
12.04.2021 08:37:12.911 GMT-0500,71.683,71.497,0.011,0.011
12.04.2021 08:37:13.288 GMT-0500,71.672,71.50800000000001,0.011,0.011
12.04.2021 08:37:13.369 GMT-0500,71.683,71.507,0.011,0.011
12.04.2021 08:37:14.160 GMT-0500,71.673,71.507,0.0075,0.011
12.04.2021 08:37:14.211 GMT-0500,71.683,71.507,0.011,0.011
12.04.2021 08:37:14.770 GMT-0500,71.673,71.587,0.0075,0.0075
12.04.2021 08:37:14.871 GMT-0500,71.682,71.598,0.011,0.011
12.04.2021 08:37:14.972 GMT-0500,71.683,71.537,0.011,0.011
12.04.2021 08:37:15.345 GMT-0500,71.682,71.578,0.011,0.0075
12.04.2021 08:37:15.446 GMT-0500,71.683,71.597,0.011,0.011
12.04.2021 08:37:15.840 GMT-0500,71.683,71.607,0.011,0.011
12.04.2021 08:37:15.964 GMT-0500,71.683,71.607,0.011,0.011
12.04.2021 08:37:16.014 GMT-0500,71.683,71.607,0.011,0.011
12.04.2021 08:37:16.279 GMT-0500,71.682,71.608,0.011,0.011
12.04.2021 08:37:16.380 GMT-0500,71.722,71.608,0.011,0.011
12.04.2021 08:37:16.481 GMT-0500,71.722,71.61800000000001,0.011,0.011
12.04.2021 08:37:16.872 GMT-0500,71.722,71.608,0.011,0.011
12.04.2021 08:37:17.073 GMT-0500,71.712,71.628,0.0075,0.0075
12.04.2021 08:37:17.123 GMT-0500,71.712,71.538,0.011,0.011
12.04.2021 08:37:17.174 GMT-0500,71.722,71.558,0.011,0.011
12.04.2021 08:37:17.224 GMT-0500,71.723,71.557,0.011,0.011
12.04.2021 08:37:17.345 GMT-0500,71.723,71.557,0.011,0.011
12.04.2021 08:37:17.647 GMT-0500,71.712,71.578,0.0075,0.011
12.04.2021 08:37:17.748 GMT-0500,71.723,71.567,0.011,0.011
12.04.2021 08:37:17.866 GMT-0500,71.723,71.617,0.011,0.0075
12.04.2021 08:37:18.239 GMT-0500,71.71300000000001,71.537,0.011,0.011
12.04.2021 08:37:18.290 GMT-0500,71.712,71.568,0.011,0.011
12.04.2021 08:37:18.446 GMT-0500,71.722,71.568,0.011,0.011
12.04.2021 08:37:18.696 GMT-0500,71.722,71.61800000000001,0.011,0.0075
12.04.2021 08:37:18.979 GMT-0500,71.722,71.598,0.011,0.011
12.04.2021 08:37:19.850 GMT-0500,71.722,71.58800000000001,0.011,0.011
12.04.2021 08:37:20.068 GMT-0500,71.71300000000001,71.587,0.0008,0.011
12.04.2021 08:37:20.232 GMT-0500,71.722,71.58800000000001,0.011,0.011
12.04.2021 08:37:20.342 GMT-0500,71.672,71.58800000000001,0.011,0.011
12.04.2021 08:37:20.686 GMT-0500,71.672,71.608,0.011,0.0075
12.04.2021 08:37:20.928 GMT-0500,71.673,71.597,0.011,0.011
12.04.2021 08:37:20.979 GMT-0500,71.673,71.587,0.011,0.011
12.04.2021 08:37:21.216 GMT-0500,71.673,71.637,0.011,0.0075
12.04.2021 08:37:21.266 GMT-0500,71.662,71.598,0.011,0.011
12.04.2021 08:37:21.317 GMT-0500,71.673,71.597,0.011,0.011
12.04.2021 08:37:21.923 GMT-0500,71.74300000000001,71.597,0.011,0.011
12.04.2021 08:37:21.974 GMT-0500,71.733,71.617,0.011,0.011
12.04.2021 08:37:22.024 GMT-0500,71.74300000000001,71.597,0.011,0.011
12.04.2021 08:37:22.147 GMT-0500,71.74300000000001,71.587,0.011,0.011
12.04.2021 08:37:22.636 GMT-0500,71.742,71.61800000000001,0.011,0.0075
12.04.2021 08:37:22.819 GMT-0500,71.742,71.638,0.011,0.0075
12.04.2021 08:37:22.919 GMT-0500,71.74300000000001,71.617,0.011,0.011
12.04.2021 08:37:23.020 GMT-0500,71.683,71.617,0.011,0.011
12.04.2021 08:37:23.196 GMT-0500,71.673,71.617,0.0008,0.011
12.04.2021 08:37:23.247 GMT-0500,71.683,71.617,0.011,0.011
12.04.2021 08:37:23.614 GMT-0500,71.672,71.61800000000001,0.0075,0.011
12.04.2021 08:37:23.665 GMT-0500,71.683,71.617,0.011,0.011
12.04.2021 08:37:23.725 GMT-0500,71.683,71.627,0.011,0.0075
12.04.2021 08:37:23.825 GMT-0500,71.682,71.61800000000001,0.011,0.011
12.04.2021 08:37:24.640 GMT-0500,71.683,71.617,0.011,0.011
12.04.2021 08:37:24.816 GMT-0500,71.672,71.628,0.0075,0.011
12.04.2021 08:37:25.467 GMT-0500,71.673,71.637,0.011,0.0075
12.04.2021 08:37:25.743 GMT-0500,71.673,71.617,0.011,0.011
12.04.2021 08:37:26.248 GMT-0500,71.635,71.617,0.0075,0.011
12.04.2021 08:37:26.298 GMT-0500,71.632,71.548,0.011,0.011
12.04.2021 08:37:26.349 GMT-0500,71.63300000000001,71.587,0.011,0.011
12.04.2021 08:37:26.582 GMT-0500,71.632,71.608,0.011,0.011
12.04.2021 08:37:26.737 GMT-0500,71.623,71.577,0.011,0.011
12.04.2021 08:37:26.787 GMT-0500,71.612,71.578,0.011,0.011
12.04.2021 08:37:26.837 GMT-0500,71.622,71.548,0.011,0.011
12.04.2021 08:37:27.100 GMT-0500,71.622,71.558,0.011,0.0075
12.04.2021 08:37:27.150 GMT-0500,71.623,71.547,0.011,0.011
12.04.2021 08:37:27.341 GMT-0500,71.622,71.558,0.011,0.0075
12.04.2021 08:37:27.392 GMT-0500,71.622,71.548,0.011,0.011
12.04.2021 08:37:28.822 GMT-0500,71.623,71.557,0.011,0.011
12.04.2021 08:37:28.976 GMT-0500,71.63300000000001,71.557,0.011,0.011
12.04.2021 08:37:29.540 GMT-0500,71.592,71.558,0.011,0.011
12.04.2021 08:37:30.066 GMT-0500,71.662,71.538,0.011,0.011
12.04.2021 08:37:30.117 GMT-0500,71.663,71.547,0.011,0.011
12.04.2021 08:37:30.833 GMT-0500,71.663,71.537,0.011,0.011
12.04.2021 08:37:30.884 GMT-0500,71.652,71.548,0.011,0.011
12.04.2021 08:37:30.988 GMT-0500,71.662,71.548,0.011,0.011
12.04.2021 08:37:31.039 GMT-0500,71.663,71.537,0.011,0.011
12.04.2021 08:37:31.569 GMT-0500,71.642,71.558,0.0075,0.0075
12.04.2021 08:37:32.013 GMT-0500,71.642,71.538,0.011,0.011
12.04.2021 08:37:32.345 GMT-0500,71.63300000000001,71.547,0.011,0.011
12.04.2021 08:37:32.455 GMT-0500,71.642,71.548,0.011,0.011
12.04.2021 08:37:32.698 GMT-0500,71.643,71.557,0.011,0.0075
12.04.2021 08:37:32.983 GMT-0500,71.643,71.547,0.011,0.011
12.04.2021 08:37:33.192 GMT-0500,71.643,71.537,0.011,0.011
12.04.2021 08:37:33.556 GMT-0500,71.63300000000001,71.557,0.0075,0.0075
12.04.2021 08:37:33.657 GMT-0500,71.592,71.538,0.011,0.011
12.04.2021 08:37:33.886 GMT-0500,71.592,71.558,0.011,0.0075
12.04.2021 08:37:33.987 GMT-0500,71.593,71.527,0.011,0.011
12.04.2021 08:37:34.168 GMT-0500,71.593,71.547,0.011,0.0075
12.04.2021 08:37:34.218 GMT-0500,71.592,71.528,0.011,0.011
12.04.2021 08:37:34.287 GMT-0500,71.592,71.558,0.0008,0.0075
12.04.2021 08:37:34.337 GMT-0500,71.643,71.557,0.011,0.011
12.04.2021 08:37:34.476 GMT-0500,71.643,71.567,0.011,0.0075
12.04.2021 08:37:34.526 GMT-0500,71.642,71.528,0.011,0.011
12.04.2021 08:37:36.644 GMT-0500,71.643,71.577,0.011,0.0075
12.04.2021 08:37:36.745 GMT-0500,71.642,71.528,0.011,0.011
12.04.2021 08:37:38.152 GMT-0500,71.612,71.528,0.0075,0.011
12.04.2021 08:37:38.202 GMT-0500,71.692,71.58800000000001,0.011,0.011
12.04.2021 08:37:38.911 GMT-0500,71.71300000000001,71.647,0.011,0.011
12.04.2021 08:37:38.961 GMT-0500,71.712,71.61800000000001,0.011,0.011
12.04.2021 08:37:39.073 GMT-0500,71.722,71.61800000000001,0.011,0.011
12.04.2021 08:37:39.578 GMT-0500,71.712,71.61800000000001,0.011,0.011
12.04.2021 08:37:39.895 GMT-0500,71.722,71.61800000000001,0.011,0.011
12.04.2021 08:37:40.363 GMT-0500,71.722,71.638,0.011,0.0075
12.04.2021 08:37:40.413 GMT-0500,71.723,71.617,0.011,0.011
12.04.2021 08:37:40.505 GMT-0500,71.71300000000001,71.617,0.011,0.011
12.04.2021 08:37:40.654 GMT-0500,71.722,71.61800000000001,0.011,0.011
12.04.2021 08:37:41.268 GMT-0500,71.723,71.637,0.011,0.0075
12.04.2021 08:37:41.776 GMT-0500,71.712,71.638,0.0008,0.011
12.04.2021 08:37:41.930 GMT-0500,71.723,71.637,0.011,0.011
12.04.2021 08:37:42.206 GMT-0500,71.673,71.637,0.011,0.011
12.04.2021 08:37:42.307 GMT-0500,71.723,71.647,0.011,0.011
12.04.2021 08:37:42.774 GMT-0500,71.683,71.647,0.0075,0.011
12.04.2021 08:37:42.824 GMT-0500,71.782,71.64800000000001,0.011,0.011
12.04.2021 08:37:42.875 GMT-0500,71.74300000000001,71.647,0.011,0.011
12.04.2021 08:37:42.925 GMT-0500,71.753,71.647,0.011,0.011
12.04.2021 08:37:43.275 GMT-0500,71.643,71.587,0.011,0.011
12.04.2021 08:37:43.813 GMT-0500,71.643,71.61800000000001,0.0008,0.0075
12.04.2021 08:37:43.863 GMT-0500,71.722,71.598,0.011,0.011
12.04.2021 08:37:43.984 GMT-0500,71.673,71.597,0.011,0.011
12.04.2021 08:37:44.722 GMT-0500,71.663,71.607,0.0075,0.0075
12.04.2021 08:37:44.822 GMT-0500,71.663,71.587,0.011,0.011
12.04.2021 08:37:46.264 GMT-0500,71.653,71.587,0.011,0.011
12.04.2021 08:37:46.314 GMT-0500,71.672,71.528,0.011,0.011
12.04.2021 08:37:46.443 GMT-0500,71.673,71.527,0.011,0.011
12.04.2021 08:37:47.151 GMT-0500,71.662,71.528,0.0075,0.011
12.04.2021 08:37:47.201 GMT-0500,71.662,71.528,0.011,0.011
12.04.2021 08:37:47.312 GMT-0500,71.643,71.527,0.0008,0.011
12.04.2021 08:37:47.413 GMT-0500,71.652,71.528,0.011,0.011
12.04.2021 08:37:47.530 GMT-0500,71.642,71.568,0.011,0.011
12.04.2021 08:37:47.719 GMT-0500,71.643,71.527,0.011,0.011
12.04.2021 08:37:48.342 GMT-0500,71.642,71.518,0.011,0.011
12.04.2021 08:37:51.900 GMT-0500,71.593,71.517,0.0008,0.011
12.04.2021 08:37:51.951 GMT-0500,71.662,71.50800000000001,0.011,0.011
12.04.2021 08:37:52.298 GMT-0500,71.555,71.50800000000001,0.0008,0.011
12.04.2021 08:37:52.349 GMT-0500,71.642,71.47800000000001,0.011,0.011
12.04.2021 08:37:52.454 GMT-0500,71.632,71.47800000000001,0.011,0.011
12.04.2021 08:37:52.686 GMT-0500,71.643,71.477,0.011,0.011
12.04.2021 08:37:52.916 GMT-0500,71.553,71.477,0.0008,0.011
12.04.2021 08:37:53.078 GMT-0500,71.562,71.47800000000001,0.011,0.011
12.04.2021 08:37:53.440 GMT-0500,71.543,71.477,0.0075,0.011
12.04.2021 08:37:53.491 GMT-0500,71.642,71.428,0.011,0.011
12.04.2021 08:37:53.541 GMT-0500,71.612,71.428,0.011,0.011
12.04.2021 08:37:53.958 GMT-0500,71.49300000000001,71.427,0.0075,0.011
12.04.2021 08:37:54.008 GMT-0500,71.623,71.427,0.011,0.011
12.04.2021 08:37:54.106 GMT-0500,71.503,71.427,0.0008,0.011
12.04.2021 08:37:54.156 GMT-0500,71.612,71.388,0.011,0.011
12.04.2021 08:37:54.342 GMT-0500,71.613,71.377,0.011,0.011
12.04.2021 08:37:54.392 GMT-0500,71.613,71.387,0.011,0.011
12.04.2021 08:37:54.442 GMT-0500,71.613,71.377,0.011,0.011
12.04.2021 08:37:54.493 GMT-0500,71.583,71.377,0.011,0.011
12.04.2021 08:37:54.606 GMT-0500,71.582,71.388,0.011,0.011
12.04.2021 08:37:54.749 GMT-0500,71.572,71.388,0.011,0.011
12.04.2021 08:37:54.947 GMT-0500,71.57300000000001,71.377,0.011,0.011
12.04.2021 08:37:55.157 GMT-0500,71.572,71.388,0.011,0.011
12.04.2021 08:37:55.340 GMT-0500,71.57300000000001,71.387,0.011,0.011
12.04.2021 08:37:55.390 GMT-0500,71.583,71.427,0.011,0.011
12.04.2021 08:37:56.113 GMT-0500,71.562,71.428,0.011,0.011
12.04.2021 08:37:56.292 GMT-0500,71.553,71.427,0.0075,0.011
12.04.2021 08:37:56.571 GMT-0500,71.563,71.427,0.011,0.011
12.04.2021 08:37:56.761 GMT-0500,71.468,71.427,0.0008,0.011
12.04.2021 08:37:56.811 GMT-0500,71.563,71.427,0.011,0.011
12.04.2021 08:37:56.862 GMT-0500,71.562,71.418,0.011,0.011
12.04.2021 08:37:57.231 GMT-0500,71.552,71.418,0.0075,0.011
12.04.2021 08:37:57.281 GMT-0500,71.552,71.39800000000001,0.011,0.011
12.04.2021 08:37:57.334 GMT-0500,71.542,71.39800000000001,0.0008,0.011
12.04.2021 08:37:57.435 GMT-0500,71.543,71.427,0.011,0.011
12.04.2021 08:37:57.704 GMT-0500,71.543,71.397,0.011,0.011
12.04.2021 08:37:57.814 GMT-0500,71.46300000000001,71.397,0.011,0.011
12.04.2021 08:37:58.394 GMT-0500,71.462,71.388,0.011,0.011
12.04.2021 08:37:59.623 GMT-0500,71.543,71.367,0.011,0.011
12.04.2021 08:38:00.147 GMT-0500,71.542,71.418,0.011,0.0075
12.04.2021 08:38:00.521 GMT-0500,71.532,71.418,0.011,0.011
12.04.2021 08:38:00.644 GMT-0500,71.542,71.418,0.011,0.011
12.04.2021 08:38:00.745 GMT-0500,71.482,71.418,0.0075,0.011
12.04.2021 08:38:00.795 GMT-0500,71.542,71.44800000000001,0.011,0.011
12.04.2021 08:38:00.945 GMT-0500,71.582,71.44800000000001,0.011,0.011
12.04.2021 08:38:01.834 GMT-0500,71.57300000000001,71.447,0.011,0.011
12.04.2021 08:38:02.431 GMT-0500,71.563,71.447,0.0008,0.011
12.04.2021 08:38:02.644 GMT-0500,71.57300000000001,71.447,0.011,0.011
12.04.2021 08:38:03.838 GMT-0500,71.563,71.447,0.0008,0.011
12.04.2021 08:38:04.171 GMT-0500,71.57300000000001,71.447,0.011,0.011
12.04.2021 08:38:05.925 GMT-0500,71.563,71.447,0.0008,0.011
12.04.2021 08:38:06.026 GMT-0500,71.57300000000001,71.447,0.011,0.011
12.04.2021 08:38:06.168 GMT-0500,71.57300000000001,71.447,0.011,0.011
12.04.2021 08:38:06.269 GMT-0500,71.582,71.488,0.011,0.011
12.04.2021 08:38:06.320 GMT-0500,71.582,71.47800000000001,0.011,0.011
12.04.2021 08:38:06.531 GMT-0500,71.582,71.488,0.011,0.0075
12.04.2021 08:38:06.581 GMT-0500,71.582,71.47800000000001,0.011,0.011
12.04.2021 08:38:06.769 GMT-0500,71.583,71.507,0.011,0.011
12.04.2021 08:38:06.911 GMT-0500,71.583,71.457,0.011,0.011
12.04.2021 08:38:07.138 GMT-0500,71.592,71.518,0.011,0.011
12.04.2021 08:38:07.188 GMT-0500,71.592,71.458,0.011,0.011
12.04.2021 08:38:07.861 GMT-0500,71.583,71.457,0.0008,0.011
12.04.2021 08:38:08.039 GMT-0500,71.592,71.458,0.011,0.011
12.04.2021 08:38:08.377 GMT-0500,71.592,71.488,0.011,0.011
12.04.2021 08:38:08.513 GMT-0500,71.583,71.417,0.011,0.011
12.04.2021 08:38:08.563 GMT-0500,71.582,71.47800000000001,0.011,0.011
12.04.2021 08:38:09.435 GMT-0500,71.57300000000001,71.477,0.0008,0.011
12.04.2021 08:38:11.322 GMT-0500,71.57300000000001,71.477,0.011,0.011
12.04.2021 08:38:11.373 GMT-0500,71.552,71.468,0.011,0.011
12.04.2021 08:38:11.473 GMT-0500,71.552,71.438,0.011,0.011
12.04.2021 08:38:11.857 GMT-0500,71.52300000000001,71.447,0.0075,0.0075
12.04.2021 08:38:12.200 GMT-0500,71.522,71.438,0.011,0.011
12.04.2021 08:38:12.832 GMT-0500,71.522,71.44800000000001,0.011,0.0075
12.04.2021 08:38:12.933 GMT-0500,71.52300000000001,71.437,0.011,0.011
12.04.2021 08:38:13.652 GMT-0500,71.52300000000001,71.447,0.011,0.0075
12.04.2021 08:38:13.935 GMT-0500,71.522,71.438,0.011,0.011
12.04.2021 08:38:13.986 GMT-0500,71.52300000000001,71.487,0.011,0.011
12.04.2021 08:38:14.249 GMT-0500,71.522,71.498,0.011,0.0075
12.04.2021 08:38:14.380 GMT-0500,71.503,71.437,0.011,0.011
12.04.2021 08:38:16.271 GMT-0500,71.512,71.438,0.0075,0.011
12.04.2021 08:38:16.321 GMT-0500,71.542,71.47800000000001,0.011,0.011
12.04.2021 08:38:16.372 GMT-0500,71.543,71.447,0.011,0.011
12.04.2021 08:38:16.747 GMT-0500,71.553,71.447,0.011,0.011
12.04.2021 08:38:17.164 GMT-0500,71.553,71.457,0.011,0.011
12.04.2021 08:38:17.523 GMT-0500,71.553,71.447,0.011,0.011
12.04.2021 08:38:18.214 GMT-0500,71.553,71.447,0.011,0.011
12.04.2021 08:38:18.721 GMT-0500,71.543,71.457,0.011,0.0075
12.04.2021 08:38:19.054 GMT-0500,71.542,71.44800000000001,0.011,0.011
12.04.2021 08:38:19.273 GMT-0500,71.522,71.44800000000001,0.0075,0.011
12.04.2021 08:38:19.323 GMT-0500,71.522,71.438,0.011,0.011
12.04.2021 08:38:19.374 GMT-0500,71.533,71.437,0.011,0.011
12.04.2021 08:38:19.545 GMT-0500,71.542,71.438,0.011,0.011
12.04.2021 08:38:19.726 GMT-0500,71.552,71.438,0.011,0.011
12.04.2021 08:38:20.067 GMT-0500,71.553,71.487,0.011,0.011
12.04.2021 08:38:20.129 GMT-0500,71.552,71.47800000000001,0.011,0.011
12.04.2021 08:38:20.560 GMT-0500,71.552,71.488,0.011,0.0075
12.04.2021 08:38:23.194 GMT-0500,71.553,71.497,0.011,0.011
12.04.2021 08:38:23.540 GMT-0500,71.572,71.538,0.011,0.011
12.04.2021 08:38:23.590 GMT-0500,71.57300000000001,71.527,0.011,0.011
12.04.2021 08:38:23.862 GMT-0500,71.57300000000001,71.497,0.0075,0.011
12.04.2021 08:38:23.913 GMT-0500,71.602,71.498,0.011,0.011
12.04.2021 08:38:24.222 GMT-0500,71.592,71.498,0.011,0.011
12.04.2021 08:38:24.272 GMT-0500,71.602,71.498,0.011,0.011
12.04.2021 08:38:24.446 GMT-0500,71.583,71.507,0.011,0.011
12.04.2021 08:38:24.581 GMT-0500,71.57300000000001,71.507,0.011,0.011
12.04.2021 08:38:24.631 GMT-0500,71.583,71.507,0.011,0.011
12.04.2021 08:38:26.123 GMT-0500,71.583,71.527,0.011,0.011
12.04.2021 08:38:26.174 GMT-0500,71.583,71.507,0.011,0.011
12.04.2021 08:38:27.312 GMT-0500,71.593,71.507,0.011,0.011
12.04.2021 08:38:27.379 GMT-0500,71.593,71.507,0.011,0.011
12.04.2021 08:38:27.520 GMT-0500,71.602,71.47800000000001,0.011,0.011
12.04.2021 08:38:27.570 GMT-0500,71.602,71.47800000000001,0.011,0.011
12.04.2021 08:38:27.859 GMT-0500,71.60300000000001,71.477,0.011,0.011
12.04.2021 08:38:27.909 GMT-0500,71.60300000000001,71.547,0.011,0.011
12.04.2021 08:38:28.026 GMT-0500,71.602,71.468,0.011,0.011
12.04.2021 08:38:28.592 GMT-0500,71.602,71.548,0.011,0.011
12.04.2021 08:38:28.748 GMT-0500,71.602,71.538,0.011,0.011
12.04.2021 08:38:29.611 GMT-0500,71.60300000000001,71.538,0.0075,0.011
12.04.2021 08:38:29.661 GMT-0500,71.672,71.608,0.011,0.011
12.04.2021 08:38:29.712 GMT-0500,71.662,71.58800000000001,0.011,0.011
12.04.2021 08:38:29.868 GMT-0500,71.663,71.497,0.011,0.011
12.04.2021 08:38:29.919 GMT-0500,71.662,71.50800000000001,0.011,0.011
12.04.2021 08:38:30.790 GMT-0500,71.703,71.507,0.011,0.011
12.04.2021 08:38:30.841 GMT-0500,71.693,71.507,0.011,0.011
12.04.2021 08:38:31.014 GMT-0500,71.702,71.50800000000001,0.011,0.011
12.04.2021 08:38:31.564 GMT-0500,71.692,71.50800000000001,0.0008,0.011
12.04.2021 08:38:31.770 GMT-0500,71.703,71.547,0.011,0.011
12.04.2021 08:38:32.602 GMT-0500,71.613,71.547,0.0008,0.011
12.04.2021 08:38:32.652 GMT-0500,71.703,71.467,0.011,0.011
12.04.2021 08:38:32.702 GMT-0500,71.71300000000001,71.497,0.011,0.011
12.04.2021 08:38:32.814 GMT-0500,71.682,71.498,0.011,0.011
12.04.2021 08:38:33.131 GMT-0500,71.673,71.497,0.0008,0.011
12.04.2021 08:38:33.638 GMT-0500,71.672,71.548,0.011,0.0075
12.04.2021 08:38:33.883 GMT-0500,71.662,71.548,0.0075,0.011
12.04.2021 08:38:34.319 GMT-0500,71.662,71.498,0.011,0.011
12.04.2021 08:38:34.603 GMT-0500,71.653,71.497,0.0008,0.011
12.04.2021 08:38:34.820 GMT-0500,71.662,71.498,0.011,0.011
12.04.2021 08:38:34.931 GMT-0500,71.663,71.507,0.011,0.011
12.04.2021 08:38:35.323 GMT-0500,71.652,71.50800000000001,0.011,0.011
12.04.2021 08:38:35.502 GMT-0500,71.662,71.50800000000001,0.011,0.011
12.04.2021 08:38:36.303 GMT-0500,71.652,71.50800000000001,0.011,0.011
12.04.2021 08:38:36.513 GMT-0500,71.663,71.517,0.011,0.011
12.04.2021 08:38:36.915 GMT-0500,71.663,71.577,0.011,0.0075
12.04.2021 08:38:37.015 GMT-0500,71.663,71.567,0.011,0.011
12.04.2021 08:38:37.065 GMT-0500,71.652,71.58800000000001,0.011,0.011
12.04.2021 08:38:37.116 GMT-0500,71.663,71.587,0.011,0.011
12.04.2021 08:38:37.495 GMT-0500,71.662,71.518,0.011,0.011
12.04.2021 08:38:37.803 GMT-0500,71.662,71.518,0.011,0.011
12.04.2021 08:38:37.922 GMT-0500,71.692,71.598,0.011,0.011
12.04.2021 08:38:37.973 GMT-0500,71.693,71.607,0.011,0.011
12.04.2021 08:38:38.024 GMT-0500,71.692,71.598,0.011,0.011
12.04.2021 08:38:38.463 GMT-0500,71.682,71.598,0.0008,0.011
12.04.2021 08:38:38.563 GMT-0500,71.692,71.598,0.011,0.011
12.04.2021 08:38:39.042 GMT-0500,71.683,71.597,0.011,0.011
12.04.2021 08:38:39.164 GMT-0500,71.693,71.597,0.011,0.011
12.04.2021 08:38:39.734 GMT-0500,71.682,71.598,0.0075,0.011
12.04.2021 08:38:39.835 GMT-0500,71.693,71.597,0.011,0.011
12.04.2021 08:38:40.462 GMT-0500,71.682,71.61800000000001,0.0075,0.0075
12.04.2021 08:38:40.513 GMT-0500,71.692,71.598,0.011,0.011
12.04.2021 08:38:41.017 GMT-0500,71.683,71.597,0.011,0.011
12.04.2021 08:38:41.109 GMT-0500,71.693,71.597,0.011,0.011
12.04.2021 08:38:42.247 GMT-0500,71.683,71.597,0.0008,0.011
12.04.2021 08:38:42.348 GMT-0500,71.693,71.597,0.011,0.011
12.04.2021 08:38:43.218 GMT-0500,71.683,71.597,0.0008,0.011
12.04.2021 08:38:43.319 GMT-0500,71.692,71.598,0.011,0.011
12.04.2021 08:38:44.370 GMT-0500,71.682,71.598,0.0075,0.011
12.04.2021 08:38:44.470 GMT-0500,71.693,71.597,0.011,0.011
12.04.2021 08:38:44.535 GMT-0500,71.693,71.597,0.011,0.011
12.04.2021 08:38:44.974 GMT-0500,71.693,71.617,0.011,0.011
12.04.2021 08:38:45.094 GMT-0500,71.692,71.61800000000001,0.011,0.011
12.04.2021 08:38:45.144 GMT-0500,71.693,71.597,0.011,0.011
12.04.2021 08:38:45.291 GMT-0500,71.753,71.597,0.011,0.011
12.04.2021 08:38:45.462 GMT-0500,71.742,71.598,0.0008,0.011
12.04.2021 08:38:45.622 GMT-0500,71.752,71.598,0.011,0.011
12.04.2021 08:38:46.177 GMT-0500,71.74300000000001,71.597,0.011,0.011
12.04.2021 08:38:46.394 GMT-0500,71.753,71.597,0.011,0.011
12.04.2021 08:38:46.583 GMT-0500,71.753,71.597,0.011,0.011
12.04.2021 08:38:46.938 GMT-0500,71.693,71.597,0.0008,0.011
12.04.2021 08:38:46.988 GMT-0500,71.702,71.598,0.011,0.011
12.04.2021 08:38:47.039 GMT-0500,71.692,71.598,0.011,0.011
12.04.2021 08:38:47.089 GMT-0500,71.702,71.598,0.011,0.011
12.04.2021 08:38:48.046 GMT-0500,71.692,71.598,0.0008,0.011
12.04.2021 08:38:48.343 GMT-0500,71.682,71.598,0.011,0.011
12.04.2021 08:38:49.899 GMT-0500,71.732,71.598,0.011,0.011
12.04.2021 08:38:49.950 GMT-0500,71.742,71.598,0.011,0.011
12.04.2021 08:38:50.088 GMT-0500,71.742,71.598,0.011,0.011
12.04.2021 08:38:50.239 GMT-0500,71.74300000000001,71.667,0.011,0.011
12.04.2021 08:38:50.390 GMT-0500,71.742,71.678,0.011,0.0075
12.04.2021 08:38:50.441 GMT-0500,71.742,71.668,0.011,0.011
12.04.2021 08:38:51.400 GMT-0500,71.793,71.677,0.011,0.011
12.04.2021 08:38:51.451 GMT-0500,71.763,71.677,0.011,0.011
12.04.2021 08:38:52.396 GMT-0500,71.833,71.677,0.011,0.011
12.04.2021 08:38:52.446 GMT-0500,71.822,71.678,0.011,0.011
12.04.2021 08:38:53.230 GMT-0500,71.813,71.677,0.0075,0.011
12.04.2021 08:38:53.331 GMT-0500,71.822,71.678,0.011,0.011
12.04.2021 08:38:53.999 GMT-0500,71.812,71.678,0.0008,0.011
12.04.2021 08:38:54.267 GMT-0500,71.82300000000001,71.677,0.011,0.011
12.04.2021 08:38:54.450 GMT-0500,71.822,71.668,0.011,0.011
12.04.2021 08:38:54.805 GMT-0500,71.812,71.668,0.0075,0.011
12.04.2021 08:38:55.085 GMT-0500,71.822,71.668,0.011,0.011
12.04.2021 08:38:55.997 GMT-0500,71.813,71.667,0.0075,0.011
12.04.2021 08:38:56.303 GMT-0500,71.822,71.72800000000001,0.011,0.0075
12.04.2021 08:38:56.354 GMT-0500,71.82300000000001,71.667,0.011,0.011
12.04.2021 08:38:56.547 GMT-0500,71.812,71.72800000000001,0.011,0.011
12.04.2021 08:38:56.598 GMT-0500,71.812,71.668,0.011,0.011
12.04.2021 08:38:56.865 GMT-0500,71.82300000000001,71.667,0.011,0.011
12.04.2021 08:38:56.994 GMT-0500,71.822,71.668,0.011,0.011
12.04.2021 08:38:57.118 GMT-0500,71.813,71.667,0.0008,0.011
12.04.2021 08:38:57.269 GMT-0500,71.82300000000001,71.737,0.011,0.011
12.04.2021 08:38:57.602 GMT-0500,71.822,71.668,0.011,0.011
12.04.2021 08:38:57.784 GMT-0500,71.812,71.668,0.011,0.011
12.04.2021 08:38:57.894 GMT-0500,71.812,71.668,0.011,0.011
12.04.2021 08:38:57.948 GMT-0500,71.813,71.667,0.011,0.011
12.04.2021 08:38:57.998 GMT-0500,71.82300000000001,71.727,0.011,0.011
12.04.2021 08:38:58.048 GMT-0500,71.822,71.668,0.011,0.011
12.04.2021 08:38:58.569 GMT-0500,71.813,71.667,0.0008,0.011
12.04.2021 08:38:58.939 GMT-0500,71.822,71.668,0.011,0.011
12.04.2021 08:38:59.586 GMT-0500,71.812,71.668,0.011,0.011
12.04.2021 08:38:59.719 GMT-0500,71.822,71.668,0.011,0.011
12.04.2021 08:39:00.198 GMT-0500,71.822,71.64800000000001,0.011,0.011
12.04.2021 08:39:00.271 GMT-0500,71.82300000000001,71.687,0.011,0.0075
12.04.2021 08:39:00.489 GMT-0500,71.822,71.718,0.011,0.0075
12.04.2021 08:39:00.540 GMT-0500,71.82300000000001,71.687,0.011,0.011
12.04.2021 08:39:00.830 GMT-0500,71.813,71.687,0.011,0.011
12.04.2021 08:39:01.213 GMT-0500,71.822,71.688,0.011,0.011
12.04.2021 08:39:01.276 GMT-0500,71.822,71.738,0.011,0.011
12.04.2021 08:39:01.327 GMT-0500,71.822,71.64800000000001,0.011,0.011
12.04.2021 08:39:01.378 GMT-0500,71.822,71.688,0.011,0.011
12.04.2021 08:39:01.909 GMT-0500,71.82300000000001,71.687,0.011,0.011
12.04.2021 08:39:02.274 GMT-0500,71.813,71.747,0.011,0.011
12.04.2021 08:39:02.324 GMT-0500,71.822,71.688,0.011,0.011
12.04.2021 08:39:02.859 GMT-0500,71.813,71.747,0.0075,0.0075
12.04.2021 08:39:02.909 GMT-0500,71.82300000000001,71.687,0.011,0.011
12.04.2021 08:39:03.011 GMT-0500,71.822,71.688,0.011,0.011
12.04.2021 08:39:03.061 GMT-0500,71.843,71.687,0.011,0.011
12.04.2021 08:39:03.112 GMT-0500,71.82300000000001,71.687,0.011,0.011
12.04.2021 08:39:03.565 GMT-0500,71.813,71.687,0.0075,0.011
12.04.2021 08:39:03.666 GMT-0500,71.822,71.688,0.011,0.011
12.04.2021 08:39:04.193 GMT-0500,71.842,71.688,0.011,0.011
12.04.2021 08:39:04.691 GMT-0500,71.833,71.687,0.0075,0.011
12.04.2021 08:39:04.877 GMT-0500,71.842,71.688,0.011,0.011
12.04.2021 08:39:04.927 GMT-0500,71.832,71.688,0.011,0.011
12.04.2021 08:39:05.825 GMT-0500,71.82300000000001,71.687,0.0075,0.011
12.04.2021 08:39:06.102 GMT-0500,71.833,71.687,0.011,0.011
12.04.2021 08:39:06.164 GMT-0500,71.833,71.747,0.011,0.0075
12.04.2021 08:39:07.561 GMT-0500,71.822,71.748,0.0075,0.011
12.04.2021 08:39:07.661 GMT-0500,71.833,71.747,0.011,0.011
12.04.2021 08:39:08.272 GMT-0500,71.82300000000001,71.747,0.0008,0.011
12.04.2021 08:39:08.701 GMT-0500,71.793,71.747,0.011,0.011
12.04.2021 08:39:11.056 GMT-0500,71.782,71.748,0.0075,0.011
12.04.2021 08:39:11.555 GMT-0500,71.792,71.748,0.011,0.011
12.04.2021 08:39:11.606 GMT-0500,71.783,71.747,0.011,0.011
12.04.2021 08:39:11.656 GMT-0500,71.792,71.748,0.011,0.011
12.04.2021 08:39:12.023 GMT-0500,71.77300000000001,71.747,0.0008,0.011
12.04.2021 08:39:12.150 GMT-0500,71.763,71.747,0.011,0.011
12.04.2021 08:39:12.250 GMT-0500,71.753,71.687,0.011,0.011
12.04.2021 08:39:12.319 GMT-0500,71.753,71.657,0.011,0.011
12.04.2021 08:39:12.370 GMT-0500,71.752,71.64800000000001,0.011,0.011
12.04.2021 08:39:12.470 GMT-0500,71.753,71.637,0.011,0.011
12.04.2021 08:39:12.575 GMT-0500,71.753,71.627,0.011,0.011
12.04.2021 08:39:12.812 GMT-0500,71.753,71.627,0.011,0.011
12.04.2021 08:39:12.913 GMT-0500,71.742,71.608,0.011,0.011
12.04.2021 08:39:12.963 GMT-0500,71.742,71.628,0.011,0.011
12.04.2021 08:39:13.352 GMT-0500,71.752,71.61800000000001,0.011,0.011
12.04.2021 08:39:13.403 GMT-0500,71.753,71.607,0.011,0.011
12.04.2021 08:39:13.510 GMT-0500,71.74300000000001,71.607,0.0008,0.011
12.04.2021 08:39:13.611 GMT-0500,71.753,71.627,0.011,0.011
12.04.2021 08:39:13.724 GMT-0500,71.763,71.567,0.011,0.011
12.04.2021 08:39:13.774 GMT-0500,71.762,71.578,0.011,0.011
12.04.2021 08:39:14.186 GMT-0500,71.752,71.578,0.011,0.011
12.04.2021 08:39:14.324 GMT-0500,71.762,71.578,0.011,0.011
12.04.2021 08:39:14.900 GMT-0500,71.753,71.577,0.0075,0.011
12.04.2021 08:39:15.401 GMT-0500,71.733,71.577,0.011,0.0075
12.04.2021 08:39:15.451 GMT-0500,71.732,71.568,0.011,0.011
12.04.2021 08:39:16.605 GMT-0500,71.723,71.567,0.0008,0.011
12.04.2021 08:39:16.656 GMT-0500,71.732,71.568,0.011,0.011
12.04.2021 08:39:17.634 GMT-0500,71.733,71.627,0.011,0.011
12.04.2021 08:39:17.821 GMT-0500,71.723,71.627,0.0008,0.011
12.04.2021 08:39:17.922 GMT-0500,71.733,71.627,0.011,0.011
12.04.2021 08:39:18.564 GMT-0500,71.732,71.638,0.011,0.011
12.04.2021 08:39:18.614 GMT-0500,71.733,71.627,0.011,0.011
12.04.2021 08:39:19.135 GMT-0500,71.723,71.627,0.0075,0.011
12.04.2021 08:39:19.185 GMT-0500,71.723,71.567,0.011,0.011
12.04.2021 08:39:19.235 GMT-0500,71.723,71.647,0.011,0.011
12.04.2021 08:39:19.286 GMT-0500,71.733,71.587,0.011,0.011
12.04.2021 08:39:20.486 GMT-0500,71.723,71.587,0.0075,0.011
12.04.2021 08:39:20.537 GMT-0500,71.732,71.58800000000001,0.011,0.011
12.04.2021 08:39:20.687 GMT-0500,71.732,71.58800000000001,0.011,0.011
12.04.2021 08:39:20.892 GMT-0500,71.692,71.578,0.0075,0.011
12.04.2021 08:39:20.942 GMT-0500,71.732,71.628,0.011,0.011
12.04.2021 08:39:21.637 GMT-0500,71.732,71.628,0.011,0.011
12.04.2021 08:39:21.687 GMT-0500,71.733,71.637,0.011,0.011
12.04.2021 08:39:21.836 GMT-0500,71.732,71.64800000000001,0.011,0.0075
12.04.2021 08:39:21.886 GMT-0500,71.733,71.637,0.011,0.011
12.04.2021 08:39:24.011 GMT-0500,71.733,71.627,0.011,0.011
12.04.2021 08:39:24.173 GMT-0500,71.733,71.637,0.011,0.0075
12.04.2021 08:39:24.594 GMT-0500,71.733,71.647,0.011,0.011
12.04.2021 08:39:24.695 GMT-0500,71.732,71.628,0.011,0.011
12.04.2021 08:39:25.481 GMT-0500,71.733,71.647,0.011,0.0075
12.04.2021 08:39:25.632 GMT-0500,71.732,71.628,0.011,0.011
12.04.2021 08:39:27.253 GMT-0500,71.722,71.628,0.0075,0.011
12.04.2021 08:39:27.353 GMT-0500,71.722,71.568,0.011,0.011
12.04.2021 08:39:27.404 GMT-0500,71.723,71.607,0.011,0.011
12.04.2021 08:39:27.454 GMT-0500,71.722,71.598,0.011,0.011
12.04.2021 08:39:28.493 GMT-0500,71.71300000000001,71.597,0.0075,0.011
12.04.2021 08:39:28.593 GMT-0500,71.723,71.597,0.011,0.011
12.04.2021 08:39:30.496 GMT-0500,71.722,71.638,0.011,0.0075
12.04.2021 08:39:30.547 GMT-0500,71.723,71.597,0.011,0.011
12.04.2021 08:39:30.770 GMT-0500,71.71300000000001,71.597,0.0075,0.011
12.04.2021 08:39:30.820 GMT-0500,71.733,71.597,0.011,0.011
12.04.2021 08:39:32.651 GMT-0500,71.643,71.597,0.0008,0.011
12.04.2021 08:39:32.702 GMT-0500,71.733,71.607,0.011,0.011
12.04.2021 08:39:32.764 GMT-0500,71.723,71.607,0.0075,0.011
12.04.2021 08:39:33.048 GMT-0500,71.682,71.608,0.0075,0.011
12.04.2021 08:39:34.246 GMT-0500,71.662,71.608,0.0008,0.011
12.04.2021 08:39:34.521 GMT-0500,71.663,71.617,0.011,0.011
12.04.2021 08:39:35.289 GMT-0500,71.663,71.527,0.011,0.011
12.04.2021 08:39:35.339 GMT-0500,71.663,71.577,0.011,0.011
12.04.2021 08:39:35.965 GMT-0500,71.662,71.642,0.0008,0.0075
12.04.2021 08:39:36.015 GMT-0500,71.682,71.64800000000001,0.011,0.011
12.04.2021 08:39:36.066 GMT-0500,71.682,71.568,0.011,0.011
12.04.2021 08:39:36.116 GMT-0500,71.682,71.628,0.011,0.011
12.04.2021 08:39:36.166 GMT-0500,71.683,71.577,0.011,0.011
12.04.2021 08:39:37.342 GMT-0500,71.683,71.577,0.011,0.011
12.04.2021 08:39:37.392 GMT-0500,71.683,71.577,0.011,0.011
12.04.2021 08:39:38.191 GMT-0500,71.63300000000001,71.577,0.011,0.011
12.04.2021 08:39:38.241 GMT-0500,71.683,71.577,0.011,0.011
12.04.2021 08:39:39.577 GMT-0500,71.683,71.607,0.011,0.011
12.04.2021 08:39:39.627 GMT-0500,71.682,71.528,0.011,0.011
12.04.2021 08:39:39.677 GMT-0500,71.682,71.548,0.011,0.011
12.04.2021 08:39:39.807 GMT-0500,71.673,71.557,0.0075,0.0075
12.04.2021 08:39:39.960 GMT-0500,71.682,71.548,0.011,0.011
12.04.2021 08:39:40.316 GMT-0500,71.683,71.547,0.011,0.011
12.04.2021 08:39:40.416 GMT-0500,71.682,71.568,0.011,0.011
12.04.2021 08:39:40.500 GMT-0500,71.672,71.608,0.011,0.011
12.04.2021 08:39:40.550 GMT-0500,71.683,71.537,0.011,0.011
12.04.2021 08:39:41.034 GMT-0500,71.683,71.547,0.011,0.011
12.04.2021 08:39:41.084 GMT-0500,71.683,71.537,0.011,0.011
12.04.2021 08:39:42.072 GMT-0500,71.682,71.548,0.011,0.011
12.04.2021 08:39:42.229 GMT-0500,71.682,71.538,0.011,0.011
12.04.2021 08:39:42.436 GMT-0500,71.682,71.538,0.011,0.011
12.04.2021 08:39:42.709 GMT-0500,71.682,71.538,0.011,0.011
12.04.2021 08:39:42.760 GMT-0500,71.683,71.547,0.011,0.011
12.04.2021 08:39:42.810 GMT-0500,71.682,71.538,0.011,0.011
12.04.2021 08:39:43.114 GMT-0500,71.683,71.557,0.011,0.011
12.04.2021 08:39:43.386 GMT-0500,71.682,71.568,0.011,0.0075
12.04.2021 08:39:43.546 GMT-0500,71.683,71.557,0.011,0.011
12.04.2021 08:39:44.462 GMT-0500,71.683,71.567,0.011,0.0075
12.04.2021 08:39:44.824 GMT-0500,71.682,71.558,0.011,0.011
12.04.2021 08:39:45.408 GMT-0500,71.682,71.578,0.011,0.011
12.04.2021 08:39:46.313 GMT-0500,71.683,71.577,0.011,0.011
12.04.2021 08:39:46.364 GMT-0500,71.682,71.578,0.011,0.011
12.04.2021 08:39:49.453 GMT-0500,71.683,71.577,0.011,0.011
12.04.2021 08:39:49.717 GMT-0500,71.683,71.577,0.011,0.011
12.04.2021 08:39:49.820 GMT-0500,71.682,71.578,0.011,0.011
12.04.2021 08:39:50.013 GMT-0500,71.682,71.578,0.011,0.011
12.04.2021 08:39:50.848 GMT-0500,71.60300000000001,71.507,0.011,0.011
12.04.2021 08:39:51.019 GMT-0500,71.593,71.487,0.011,0.011
12.04.2021 08:39:52.458 GMT-0500,71.572,71.498,0.0075,0.0075
12.04.2021 08:39:52.559 GMT-0500,71.672,71.488,0.011,0.011
12.04.2021 08:39:52.609 GMT-0500,71.63300000000001,71.507,0.011,0.011
12.04.2021 08:39:52.987 GMT-0500,71.63300000000001,71.447,0.011,0.011
12.04.2021 08:39:53.052 GMT-0500,71.63300000000001,71.457,0.011,0.0075
12.04.2021 08:39:53.636 GMT-0500,71.623,71.467,0.0075,0.0075
12.04.2021 08:39:54.042 GMT-0500,71.632,71.458,0.011,0.011
12.04.2021 08:39:54.420 GMT-0500,71.613,71.457,0.0075,0.011
12.04.2021 08:39:54.675 GMT-0500,71.613,71.457,0.011,0.011
12.04.2021 08:39:54.775 GMT-0500,71.612,71.458,0.011,0.011
12.04.2021 08:39:55.728 GMT-0500,71.612,71.458,0.011,0.011
12.04.2021 08:39:56.542 GMT-0500,71.612,71.44800000000001,0.011,0.011
12.04.2021 08:39:56.593 GMT-0500,71.613,71.457,0.011,0.011
12.04.2021 08:39:57.184 GMT-0500,71.612,71.468,0.011,0.0075
12.04.2021 08:39:57.286 GMT-0500,71.613,71.457,0.011,0.011
12.04.2021 08:39:57.936 GMT-0500,71.542,71.458,0.0008,0.011
12.04.2021 08:39:57.986 GMT-0500,71.602,71.468,0.011,0.011
12.04.2021 08:39:58.065 GMT-0500,71.612,71.458,0.011,0.011
12.04.2021 08:39:58.641 GMT-0500,71.602,71.50800000000001,0.011,0.011
12.04.2021 08:39:58.796 GMT-0500,71.612,71.50800000000001,0.011,0.011
