Local time,Ask,Bid,AskVolume,BidVolume
13.04.2021 08:30:02.543 GMT-0500,71.63300000000001,70.707,0.011,0.011
13.04.2021 08:30:03.145 GMT-0500,72.522,71.638,0.011,0.011
13.04.2021 08:30:03.248 GMT-0500,71.893,71.637,0.0008,0.011
13.04.2021 08:30:04.567 GMT-0500,71.71300000000001,70.707,0.011,0.011
13.04.2021 08:30:04.977 GMT-0500,71.712,71.378,0.011,0.011
13.04.2021 08:30:05.148 GMT-0500,72.512,71.718,0.011,0.011
13.04.2021 08:30:08.279 GMT-0500,72.02300000000001,71.387,0.0075,0.011
13.04.2021 08:30:10.692 GMT-0500,71.663,70.707,0.0075,0.011
13.04.2021 08:30:10.875 GMT-0500,71.653,70.707,0.0008,0.011
13.04.2021 08:30:11.220 GMT-0500,71.653,70.707,0.0075,0.011
13.04.2021 08:30:11.628 GMT-0500,71.652,71.308,0.011,0.0075
13.04.2021 08:30:13.092 GMT-0500,71.953,71.307,0.011,0.011
13.04.2021 08:30:13.693 GMT-0500,71.953,71.307,0.011,0.0075
13.04.2021 08:30:17.707 GMT-0500,72.012,71.33800000000001,0.011,0.0075
13.04.2021 08:30:19.839 GMT-0500,72.052,70.708,0.011,0.011
13.04.2021 08:30:23.471 GMT-0500,72.052,71.33800000000001,0.011,0.011
13.04.2021 08:30:24.981 GMT-0500,72.032,71.33800000000001,0.011,0.011
13.04.2021 08:30:26.496 GMT-0500,71.822,71.39800000000001,0.011,0.0075
13.04.2021 08:30:26.932 GMT-0500,71.812,71.408,0.0075,0.0075
13.04.2021 08:30:27.151 GMT-0500,71.822,71.39800000000001,0.011,0.011
13.04.2021 08:30:28.198 GMT-0500,71.812,71.408,0.011,0.011
13.04.2021 08:30:28.400 GMT-0500,71.822,71.39800000000001,0.011,0.011
13.04.2021 08:30:28.904 GMT-0500,71.813,71.397,0.0008,0.011
13.04.2021 08:30:29.231 GMT-0500,71.602,70.708,0.011,0.011
13.04.2021 08:30:29.332 GMT-0500,71.602,71.47800000000001,0.011,0.011
13.04.2021 08:30:30.105 GMT-0500,71.602,71.488,0.011,0.0075
13.04.2021 08:30:30.292 GMT-0500,71.60300000000001,71.477,0.011,0.011
13.04.2021 08:30:31.755 GMT-0500,71.592,71.47800000000001,0.011,0.011
13.04.2021 08:30:31.927 GMT-0500,71.60300000000001,71.437,0.011,0.011
13.04.2021 08:30:36.531 GMT-0500,71.562,71.438,0.0008,0.011
13.04.2021 08:30:36.581 GMT-0500,71.60300000000001,71.447,0.011,0.011
13.04.2021 08:30:37.247 GMT-0500,71.602,71.438,0.011,0.011
13.04.2021 08:30:41.005 GMT-0500,71.563,71.437,0.0008,0.011
13.04.2021 08:30:43.425 GMT-0500,71.563,71.447,0.011,0.011
13.04.2021 08:30:43.476 GMT-0500,71.562,71.438,0.011,0.011
13.04.2021 08:30:44.419 GMT-0500,71.563,71.447,0.011,0.0075
13.04.2021 08:30:44.654 GMT-0500,71.552,71.438,0.0075,0.011
13.04.2021 08:30:44.704 GMT-0500,71.553,71.437,0.011,0.011
13.04.2021 08:30:46.091 GMT-0500,71.552,71.44800000000001,0.011,0.011
13.04.2021 08:30:46.235 GMT-0500,71.552,71.438,0.011,0.011
13.04.2021 08:30:47.054 GMT-0500,71.553,71.447,0.011,0.0075
13.04.2021 08:30:47.105 GMT-0500,71.552,71.438,0.011,0.011
13.04.2021 08:30:57.644 GMT-0500,71.552,71.44800000000001,0.011,0.0075
13.04.2021 08:30:58.034 GMT-0500,71.552,71.438,0.011,0.011
13.04.2021 08:30:59.964 GMT-0500,71.552,71.44800000000001,0.011,0.011
13.04.2021 08:31:00.014 GMT-0500,71.552,71.438,0.011,0.011
13.04.2021 08:31:01.212 GMT-0500,71.553,71.437,0.011,0.011
13.04.2021 08:31:01.263 GMT-0500,71.532,71.438,0.011,0.011
13.04.2021 08:31:01.795 GMT-0500,71.553,71.447,0.011,0.011
13.04.2021 08:31:01.882 GMT-0500,71.553,71.507,0.011,0.011
13.04.2021 08:31:01.932 GMT-0500,71.552,71.438,0.011,0.011
13.04.2021 08:31:03.803 GMT-0500,71.683,71.497,0.011,0.011
13.04.2021 08:31:03.854 GMT-0500,71.602,71.498,0.011,0.011
13.04.2021 08:31:04.028 GMT-0500,71.602,71.428,0.011,0.011
13.04.2021 08:31:05.384 GMT-0500,71.602,70.708,0.011,0.011
13.04.2021 08:31:05.434 GMT-0500,71.602,71.438,0.011,0.011
13.04.2021 08:31:06.655 GMT-0500,71.602,71.538,0.011,0.0075
13.04.2021 08:31:06.706 GMT-0500,71.602,71.438,0.011,0.011
13.04.2021 08:31:07.206 GMT-0500,71.602,71.44800000000001,0.011,0.0075
13.04.2021 08:31:07.495 GMT-0500,71.60300000000001,71.437,0.011,0.011
13.04.2021 08:31:07.690 GMT-0500,71.602,71.547,0.011,0.0075
13.04.2021 08:31:07.741 GMT-0500,71.643,70.707,0.011,0.011
13.04.2021 08:31:07.841 GMT-0500,71.652,71.44800000000001,0.011,0.011
13.04.2021 08:31:08.512 GMT-0500,71.653,71.557,0.011,0.0075
13.04.2021 08:31:08.562 GMT-0500,71.653,71.447,0.011,0.011
13.04.2021 08:31:09.093 GMT-0500,71.643,71.457,0.011,0.011
13.04.2021 08:31:09.143 GMT-0500,71.652,71.44800000000001,0.011,0.011
13.04.2021 08:31:09.653 GMT-0500,71.653,71.287,0.011,0.011
13.04.2021 08:31:09.704 GMT-0500,71.653,71.467,0.011,0.011
13.04.2021 08:31:11.177 GMT-0500,71.642,71.47800000000001,0.0075,0.0075
13.04.2021 08:31:11.278 GMT-0500,71.652,71.468,0.011,0.011
13.04.2021 08:31:12.174 GMT-0500,71.642,71.468,0.0008,0.011
13.04.2021 08:31:12.275 GMT-0500,71.653,71.467,0.011,0.011
13.04.2021 08:31:18.245 GMT-0500,71.643,71.477,0.0075,0.0075
13.04.2021 08:31:18.522 GMT-0500,71.652,71.468,0.011,0.011
13.04.2021 08:31:25.412 GMT-0500,71.643,71.467,0.0008,0.011
13.04.2021 08:31:25.512 GMT-0500,71.653,71.467,0.011,0.011
13.04.2021 08:31:31.594 GMT-0500,71.642,70.718,0.0075,0.011
13.04.2021 08:31:31.644 GMT-0500,71.643,70.717,0.011,0.011
13.04.2021 08:31:31.695 GMT-0500,71.653,71.477,0.011,0.011
13.04.2021 08:31:32.573 GMT-0500,71.643,71.477,0.0008,0.011
13.04.2021 08:31:32.623 GMT-0500,71.653,71.477,0.011,0.011
13.04.2021 08:31:36.523 GMT-0500,71.60300000000001,71.477,0.0075,0.011
13.04.2021 08:31:36.573 GMT-0500,71.653,71.487,0.011,0.011
13.04.2021 08:31:36.693 GMT-0500,71.652,71.47800000000001,0.011,0.011
13.04.2021 08:31:37.928 GMT-0500,71.602,71.488,0.0075,0.0075
13.04.2021 08:31:37.978 GMT-0500,71.652,71.488,0.011,0.011
13.04.2021 08:31:38.043 GMT-0500,71.652,71.47800000000001,0.011,0.011
13.04.2021 08:31:38.562 GMT-0500,71.643,71.477,0.0008,0.011
13.04.2021 08:31:38.612 GMT-0500,71.642,71.47800000000001,0.011,0.011
13.04.2021 08:31:41.179 GMT-0500,71.653,71.577,0.011,0.011
13.04.2021 08:31:41.230 GMT-0500,71.642,71.488,0.011,0.011
13.04.2021 08:31:41.332 GMT-0500,71.653,71.477,0.011,0.011
13.04.2021 08:31:42.183 GMT-0500,71.642,71.488,0.011,0.011
13.04.2021 08:31:42.287 GMT-0500,71.653,71.477,0.011,0.011
13.04.2021 08:31:44.199 GMT-0500,71.643,71.487,0.011,0.011
13.04.2021 08:31:44.310 GMT-0500,71.653,71.477,0.011,0.011
13.04.2021 08:31:44.920 GMT-0500,71.552,71.488,0.011,0.011
13.04.2021 08:31:45.021 GMT-0500,71.552,71.47800000000001,0.011,0.011
13.04.2021 08:31:50.455 GMT-0500,71.552,71.50800000000001,0.011,0.011
13.04.2021 08:31:50.506 GMT-0500,71.553,71.477,0.011,0.011
13.04.2021 08:31:52.484 GMT-0500,71.553,71.247,0.011,0.011
13.04.2021 08:31:52.534 GMT-0500,71.553,71.427,0.011,0.011
13.04.2021 08:31:54.402 GMT-0500,71.552,71.515,0.011,0.0075
13.04.2021 08:31:54.452 GMT-0500,71.552,71.428,0.011,0.011
13.04.2021 08:31:55.289 GMT-0500,71.553,71.427,0.011,0.011
13.04.2021 08:31:55.339 GMT-0500,71.553,71.427,0.011,0.011
13.04.2021 08:31:58.953 GMT-0500,71.553,71.517,0.011,0.011
13.04.2021 08:31:59.004 GMT-0500,71.553,71.437,0.011,0.011
13.04.2021 08:32:00.942 GMT-0500,71.552,71.428,0.011,0.011
13.04.2021 08:32:00.993 GMT-0500,71.552,71.248,0.011,0.011
13.04.2021 08:32:01.722 GMT-0500,71.553,70.727,0.011,0.011
13.04.2021 08:32:01.773 GMT-0500,71.542,70.72800000000001,0.011,0.011
13.04.2021 08:32:01.823 GMT-0500,71.552,70.718,0.011,0.011
13.04.2021 08:32:01.874 GMT-0500,71.552,70.708,0.011,0.011
13.04.2021 08:32:01.949 GMT-0500,71.552,71.302,0.011,0.0075
13.04.2021 08:32:02.955 GMT-0500,71.542,71.39800000000001,0.0008,0.011
13.04.2021 08:32:03.055 GMT-0500,71.543,71.397,0.011,0.011
13.04.2021 08:32:03.839 GMT-0500,71.553,71.417,0.011,0.011
13.04.2021 08:32:03.989 GMT-0500,71.552,71.438,0.011,0.011
13.04.2021 08:32:04.100 GMT-0500,71.553,71.507,0.011,0.011
13.04.2021 08:32:04.394 GMT-0500,71.533,71.507,0.011,0.011
13.04.2021 08:32:04.444 GMT-0500,71.552,71.50800000000001,0.011,0.011
13.04.2021 08:32:05.798 GMT-0500,71.552,71.50800000000001,0.011,0.011
13.04.2021 08:32:05.898 GMT-0500,71.553,71.277,0.011,0.011
13.04.2021 08:32:05.949 GMT-0500,71.553,71.447,0.011,0.011
13.04.2021 08:32:06.515 GMT-0500,71.552,71.44800000000001,0.011,0.011
13.04.2021 08:32:06.615 GMT-0500,71.552,71.44800000000001,0.011,0.011
13.04.2021 08:32:07.895 GMT-0500,71.553,71.457,0.011,0.0075
13.04.2021 08:32:07.995 GMT-0500,71.552,71.44800000000001,0.011,0.011
13.04.2021 08:32:08.725 GMT-0500,71.553,71.447,0.011,0.011
13.04.2021 08:32:08.825 GMT-0500,71.552,71.44800000000001,0.011,0.011
13.04.2021 08:32:09.720 GMT-0500,71.552,71.44800000000001,0.011,0.011
13.04.2021 08:32:09.770 GMT-0500,71.553,71.447,0.011,0.011
13.04.2021 08:32:09.821 GMT-0500,71.552,71.498,0.011,0.011
13.04.2021 08:32:09.871 GMT-0500,71.552,71.44800000000001,0.011,0.011
13.04.2021 08:32:10.290 GMT-0500,71.533,71.467,0.0075,0.0075
13.04.2021 08:32:10.340 GMT-0500,71.552,71.458,0.011,0.011
13.04.2021 08:32:10.675 GMT-0500,71.532,71.458,0.0075,0.011
13.04.2021 08:32:10.726 GMT-0500,71.552,71.458,0.011,0.011
13.04.2021 08:32:11.992 GMT-0500,71.553,71.522,0.011,0.0075
13.04.2021 08:32:12.042 GMT-0500,71.552,71.458,0.011,0.011
13.04.2021 08:32:12.143 GMT-0500,71.553,71.447,0.011,0.011
13.04.2021 08:32:12.838 GMT-0500,71.533,71.457,0.0075,0.0075
13.04.2021 08:32:12.888 GMT-0500,71.552,71.458,0.011,0.011
13.04.2021 08:32:13.831 GMT-0500,71.553,71.447,0.011,0.011
13.04.2021 08:32:14.300 GMT-0500,71.552,71.44800000000001,0.011,0.011
13.04.2021 08:32:14.350 GMT-0500,71.553,71.447,0.011,0.011
13.04.2021 08:32:15.179 GMT-0500,71.552,71.458,0.011,0.0075
13.04.2021 08:32:15.511 GMT-0500,71.553,71.447,0.011,0.011
13.04.2021 08:32:15.669 GMT-0500,71.533,71.447,0.0008,0.011
13.04.2021 08:32:15.719 GMT-0500,71.553,71.447,0.011,0.011
13.04.2021 08:32:15.774 GMT-0500,71.522,71.44800000000001,0.011,0.011
13.04.2021 08:32:15.825 GMT-0500,71.553,71.447,0.011,0.011
13.04.2021 08:32:15.875 GMT-0500,71.502,71.44800000000001,0.011,0.011
13.04.2021 08:32:15.925 GMT-0500,71.552,71.44800000000001,0.011,0.011
13.04.2021 08:32:15.975 GMT-0500,71.492,71.39800000000001,0.011,0.011
13.04.2021 08:32:16.076 GMT-0500,71.52300000000001,71.417,0.011,0.011
13.04.2021 08:32:16.182 GMT-0500,71.482,71.418,0.011,0.011
13.04.2021 08:32:16.233 GMT-0500,71.52300000000001,71.417,0.011,0.011
13.04.2021 08:32:16.283 GMT-0500,71.472,71.418,0.011,0.011
13.04.2021 08:32:16.333 GMT-0500,71.552,71.418,0.011,0.011
13.04.2021 08:32:16.384 GMT-0500,71.482,71.418,0.011,0.011
13.04.2021 08:32:16.517 GMT-0500,71.452,71.358,0.011,0.011
13.04.2021 08:32:16.618 GMT-0500,71.472,71.308,0.011,0.011
13.04.2021 08:32:16.668 GMT-0500,71.412,71.318,0.011,0.011
13.04.2021 08:32:16.869 GMT-0500,71.382,71.318,0.011,0.011
13.04.2021 08:32:16.919 GMT-0500,71.413,71.317,0.011,0.011
13.04.2021 08:32:17.059 GMT-0500,71.363,71.317,0.011,0.011
13.04.2021 08:32:17.109 GMT-0500,71.412,71.318,0.011,0.011
13.04.2021 08:32:17.210 GMT-0500,71.333,71.207,0.011,0.011
13.04.2021 08:32:17.260 GMT-0500,71.333,71.227,0.011,0.011
13.04.2021 08:32:17.410 GMT-0500,71.282,71.178,0.011,0.011
13.04.2021 08:32:17.460 GMT-0500,71.322,71.188,0.011,0.011
13.04.2021 08:32:17.519 GMT-0500,71.272,71.188,0.0075,0.011
13.04.2021 08:32:17.569 GMT-0500,71.32300000000001,71.187,0.011,0.011
13.04.2021 08:32:17.697 GMT-0500,71.352,71.278,0.011,0.0075
13.04.2021 08:32:17.747 GMT-0500,71.313,71.217,0.011,0.011
13.04.2021 08:32:17.797 GMT-0500,71.292,71.208,0.011,0.011
13.04.2021 08:32:17.848 GMT-0500,71.332,71.208,0.011,0.011
13.04.2021 08:32:17.948 GMT-0500,71.292,71.158,0.011,0.011
13.04.2021 08:32:17.998 GMT-0500,71.293,71.197,0.011,0.011
13.04.2021 08:32:18.173 GMT-0500,71.283,71.127,0.011,0.011
13.04.2021 08:32:18.224 GMT-0500,71.283,71.147,0.011,0.011
13.04.2021 08:32:18.344 GMT-0500,71.283,71.147,0.0008,0.011
13.04.2021 08:32:18.444 GMT-0500,71.332,71.178,0.011,0.011
13.04.2021 08:32:18.499 GMT-0500,71.293,71.177,0.0075,0.011
13.04.2021 08:32:19.690 GMT-0500,71.292,71.22800000000001,0.0008,0.0075
13.04.2021 08:32:19.740 GMT-0500,71.402,71.278,0.011,0.011
13.04.2021 08:32:19.791 GMT-0500,71.413,71.227,0.011,0.011
13.04.2021 08:32:19.841 GMT-0500,71.35300000000001,71.227,0.011,0.011
13.04.2021 08:32:20.133 GMT-0500,71.412,71.22800000000001,0.011,0.011
13.04.2021 08:32:20.233 GMT-0500,71.453,71.197,0.011,0.011
13.04.2021 08:32:20.284 GMT-0500,71.403,71.207,0.011,0.011
13.04.2021 08:32:20.334 GMT-0500,71.492,71.208,0.011,0.011
13.04.2021 08:32:20.384 GMT-0500,71.402,71.298,0.011,0.011
13.04.2021 08:32:20.676 GMT-0500,71.403,71.327,0.011,0.0075
13.04.2021 08:32:21.727 GMT-0500,71.405,71.328,0.0075,0.011
13.04.2021 08:32:21.777 GMT-0500,71.513,71.367,0.011,0.011
13.04.2021 08:32:21.827 GMT-0500,71.462,71.36800000000001,0.011,0.011
13.04.2021 08:32:21.877 GMT-0500,71.473,71.317,0.011,0.011
13.04.2021 08:32:22.062 GMT-0500,71.473,71.387,0.011,0.011
13.04.2021 08:32:22.529 GMT-0500,71.503,71.387,0.011,0.011
13.04.2021 08:32:23.035 GMT-0500,71.52300000000001,71.387,0.011,0.011
13.04.2021 08:32:23.085 GMT-0500,71.522,71.388,0.011,0.011
13.04.2021 08:32:25.399 GMT-0500,71.492,71.388,0.0008,0.011
13.04.2021 08:32:25.507 GMT-0500,71.52300000000001,71.387,0.011,0.011
13.04.2021 08:32:25.998 GMT-0500,71.52300000000001,71.417,0.011,0.0075
13.04.2021 08:32:26.099 GMT-0500,71.52300000000001,71.387,0.011,0.011
13.04.2021 08:32:27.146 GMT-0500,71.522,71.418,0.011,0.0075
13.04.2021 08:32:27.774 GMT-0500,71.472,71.418,0.0008,0.0075
13.04.2021 08:32:27.825 GMT-0500,71.552,71.438,0.011,0.011
13.04.2021 08:32:28.114 GMT-0500,71.552,71.378,0.011,0.011
13.04.2021 08:32:28.820 GMT-0500,71.552,71.458,0.011,0.0075
13.04.2021 08:32:31.292 GMT-0500,71.552,71.538,0.011,0.0075
13.04.2021 08:32:31.343 GMT-0500,71.552,71.458,0.011,0.011
13.04.2021 08:32:31.393 GMT-0500,71.553,71.522,0.011,0.0075
13.04.2021 08:32:31.600 GMT-0500,71.553,71.537,0.011,0.011
13.04.2021 08:32:31.650 GMT-0500,71.553,71.527,0.011,0.011
13.04.2021 08:32:31.868 GMT-0500,71.553,71.537,0.011,0.0075
13.04.2021 08:32:31.919 GMT-0500,71.553,71.527,0.011,0.011
13.04.2021 08:32:33.739 GMT-0500,71.563,71.528,0.0075,0.011
13.04.2021 08:32:33.789 GMT-0500,71.632,71.538,0.011,0.011
13.04.2021 08:32:33.893 GMT-0500,71.643,71.527,0.011,0.011
13.04.2021 08:32:33.943 GMT-0500,71.643,71.527,0.011,0.011
13.04.2021 08:32:34.100 GMT-0500,71.643,71.537,0.011,0.011
13.04.2021 08:32:34.235 GMT-0500,71.643,71.527,0.011,0.011
13.04.2021 08:32:36.435 GMT-0500,71.613,71.527,0.0008,0.011
13.04.2021 08:32:36.485 GMT-0500,71.623,71.527,0.011,0.011
13.04.2021 08:32:36.844 GMT-0500,71.642,71.548,0.011,0.011
13.04.2021 08:32:36.894 GMT-0500,71.642,71.528,0.011,0.011
13.04.2021 08:32:37.880 GMT-0500,71.63300000000001,71.527,0.0075,0.011
13.04.2021 08:32:38.220 GMT-0500,71.642,71.528,0.011,0.011
13.04.2021 08:32:39.021 GMT-0500,71.632,71.528,0.0075,0.011
13.04.2021 08:32:39.071 GMT-0500,71.642,71.528,0.011,0.011
13.04.2021 08:32:39.229 GMT-0500,71.642,71.538,0.011,0.0075
13.04.2021 08:32:40.641 GMT-0500,71.60300000000001,71.537,0.0075,0.011
13.04.2021 08:32:41.056 GMT-0500,71.60300000000001,71.537,0.0075,0.011
13.04.2021 08:32:41.106 GMT-0500,71.682,71.538,0.011,0.011
13.04.2021 08:32:41.157 GMT-0500,71.692,71.538,0.011,0.011
13.04.2021 08:32:41.207 GMT-0500,71.643,71.537,0.011,0.011
13.04.2021 08:32:42.212 GMT-0500,71.642,71.548,0.011,0.0075
13.04.2021 08:32:42.312 GMT-0500,71.703,71.477,0.011,0.011
13.04.2021 08:32:42.362 GMT-0500,71.702,71.538,0.011,0.011
13.04.2021 08:32:42.711 GMT-0500,71.673,71.537,0.011,0.0075
13.04.2021 08:32:42.761 GMT-0500,71.672,71.47800000000001,0.011,0.011
13.04.2021 08:32:42.812 GMT-0500,71.673,71.557,0.011,0.011
13.04.2021 08:32:42.942 GMT-0500,71.673,71.567,0.011,0.0075
13.04.2021 08:32:43.104 GMT-0500,71.673,71.557,0.011,0.011
13.04.2021 08:32:43.282 GMT-0500,71.672,71.558,0.0075,0.011
13.04.2021 08:32:43.333 GMT-0500,71.703,71.517,0.011,0.011
13.04.2021 08:32:43.388 GMT-0500,71.703,71.567,0.011,0.0075
13.04.2021 08:32:43.597 GMT-0500,71.703,71.517,0.011,0.011
13.04.2021 08:32:43.647 GMT-0500,71.702,71.58800000000001,0.011,0.011
13.04.2021 08:32:43.778 GMT-0500,71.703,71.587,0.011,0.011
13.04.2021 08:32:43.828 GMT-0500,71.703,71.587,0.011,0.011
13.04.2021 08:32:45.087 GMT-0500,71.702,71.58800000000001,0.011,0.011
13.04.2021 08:32:45.137 GMT-0500,71.702,71.58800000000001,0.011,0.011
13.04.2021 08:32:45.660 GMT-0500,71.703,71.597,0.011,0.011
13.04.2021 08:32:45.908 GMT-0500,71.703,71.587,0.011,0.011
13.04.2021 08:32:47.242 GMT-0500,71.702,71.58800000000001,0.011,0.011
13.04.2021 08:32:47.486 GMT-0500,71.702,71.58800000000001,0.011,0.011
13.04.2021 08:32:47.990 GMT-0500,71.692,71.58800000000001,0.0075,0.011
13.04.2021 08:32:48.352 GMT-0500,71.702,71.598,0.011,0.011
13.04.2021 08:32:48.456 GMT-0500,71.702,71.58800000000001,0.011,0.011
13.04.2021 08:32:51.380 GMT-0500,71.702,71.598,0.011,0.0075
13.04.2021 08:32:51.533 GMT-0500,71.703,71.587,0.011,0.011
13.04.2021 08:32:52.378 GMT-0500,71.703,71.587,0.011,0.011
13.04.2021 08:32:52.478 GMT-0500,71.703,71.587,0.011,0.011
13.04.2021 08:32:52.528 GMT-0500,71.692,71.58800000000001,0.011,0.011
13.04.2021 08:32:54.429 GMT-0500,71.692,71.58800000000001,0.011,0.011
13.04.2021 08:32:54.530 GMT-0500,71.692,71.58800000000001,0.011,0.011
13.04.2021 08:32:56.752 GMT-0500,71.692,71.598,0.011,0.0075
13.04.2021 08:32:56.854 GMT-0500,71.693,71.587,0.011,0.011
13.04.2021 08:32:57.920 GMT-0500,71.693,71.587,0.011,0.011
13.04.2021 08:32:58.041 GMT-0500,71.693,71.587,0.011,0.011
13.04.2021 08:32:59.060 GMT-0500,71.682,71.58800000000001,0.0008,0.011
13.04.2021 08:33:00.616 GMT-0500,71.682,71.598,0.011,0.0075
13.04.2021 08:33:00.776 GMT-0500,71.682,71.58800000000001,0.011,0.011
13.04.2021 08:33:01.551 GMT-0500,71.653,71.487,0.0075,0.011
13.04.2021 08:33:01.601 GMT-0500,71.63300000000001,71.497,0.011,0.011
13.04.2021 08:33:01.652 GMT-0500,71.632,71.50800000000001,0.011,0.011
13.04.2021 08:33:01.803 GMT-0500,71.63300000000001,71.437,0.011,0.011
13.04.2021 08:33:01.853 GMT-0500,71.632,71.498,0.011,0.011
13.04.2021 08:33:02.053 GMT-0500,71.613,71.497,0.0008,0.011
13.04.2021 08:33:02.104 GMT-0500,71.63300000000001,71.497,0.011,0.011
13.04.2021 08:33:02.154 GMT-0500,71.622,71.538,0.011,0.011
13.04.2021 08:33:02.204 GMT-0500,71.632,71.418,0.011,0.011
13.04.2021 08:33:02.255 GMT-0500,71.632,71.458,0.011,0.011
13.04.2021 08:33:02.633 GMT-0500,71.602,71.458,0.011,0.011
13.04.2021 08:33:02.887 GMT-0500,71.602,71.408,0.011,0.011
13.04.2021 08:33:02.984 GMT-0500,71.60300000000001,71.487,0.011,0.0075
13.04.2021 08:33:03.157 GMT-0500,71.602,71.488,0.011,0.011
13.04.2021 08:33:03.207 GMT-0500,71.602,71.488,0.011,0.011
13.04.2021 08:33:03.562 GMT-0500,71.60300000000001,71.407,0.011,0.011
13.04.2021 08:33:03.613 GMT-0500,71.602,71.488,0.011,0.011
13.04.2021 08:33:04.516 GMT-0500,71.60300000000001,71.497,0.011,0.0075
13.04.2021 08:33:04.566 GMT-0500,71.60300000000001,71.487,0.011,0.011
13.04.2021 08:33:05.128 GMT-0500,71.57300000000001,71.487,0.011,0.011
13.04.2021 08:33:05.229 GMT-0500,71.582,71.44800000000001,0.011,0.011
13.04.2021 08:33:05.348 GMT-0500,71.582,71.528,0.011,0.011
13.04.2021 08:33:05.399 GMT-0500,71.583,71.397,0.011,0.011
13.04.2021 08:33:05.911 GMT-0500,71.582,71.39800000000001,0.011,0.011
13.04.2021 08:33:06.085 GMT-0500,71.582,71.488,0.011,0.011
13.04.2021 08:33:06.135 GMT-0500,71.583,71.477,0.011,0.011
13.04.2021 08:33:06.302 GMT-0500,71.582,71.50800000000001,0.011,0.0075
13.04.2021 08:33:06.471 GMT-0500,71.583,71.387,0.011,0.011
13.04.2021 08:33:06.887 GMT-0500,71.583,71.397,0.011,0.0075
13.04.2021 08:33:07.428 GMT-0500,71.57300000000001,71.387,0.011,0.011
13.04.2021 08:33:07.579 GMT-0500,71.522,71.44800000000001,0.011,0.011
13.04.2021 08:33:07.629 GMT-0500,71.513,71.367,0.011,0.011
13.04.2021 08:33:07.730 GMT-0500,71.512,71.318,0.011,0.011
13.04.2021 08:33:07.888 GMT-0500,71.52300000000001,71.317,0.011,0.011
13.04.2021 08:33:07.938 GMT-0500,71.52300000000001,71.337,0.011,0.011
13.04.2021 08:33:08.083 GMT-0500,71.52300000000001,71.397,0.011,0.011
13.04.2021 08:33:08.222 GMT-0500,71.52300000000001,71.447,0.011,0.011
13.04.2021 08:33:08.853 GMT-0500,71.52300000000001,71.397,0.011,0.011
13.04.2021 08:33:09.051 GMT-0500,71.522,71.468,0.011,0.0075
13.04.2021 08:33:09.101 GMT-0500,71.52300000000001,71.377,0.011,0.011
13.04.2021 08:33:09.201 GMT-0500,71.512,71.33800000000001,0.011,0.011
13.04.2021 08:33:10.032 GMT-0500,71.513,71.337,0.011,0.011
13.04.2021 08:33:10.133 GMT-0500,71.512,71.33800000000001,0.011,0.011
13.04.2021 08:33:10.263 GMT-0500,71.52300000000001,71.377,0.011,0.0075
13.04.2021 08:33:10.364 GMT-0500,71.52300000000001,71.447,0.011,0.011
13.04.2021 08:33:10.414 GMT-0500,71.522,71.378,0.011,0.011
13.04.2021 08:33:10.799 GMT-0500,71.453,71.377,0.0008,0.011
13.04.2021 08:33:10.849 GMT-0500,71.453,71.337,0.011,0.011
13.04.2021 08:33:10.899 GMT-0500,71.453,71.367,0.011,0.011
13.04.2021 08:33:11.000 GMT-0500,71.403,71.327,0.011,0.011
13.04.2021 08:33:11.051 GMT-0500,71.403,71.217,0.011,0.011
13.04.2021 08:33:11.101 GMT-0500,71.402,71.268,0.011,0.011
13.04.2021 08:33:11.156 GMT-0500,71.403,71.217,0.011,0.011
13.04.2021 08:33:11.206 GMT-0500,71.402,71.268,0.011,0.011
13.04.2021 08:33:11.558 GMT-0500,71.352,71.278,0.0075,0.0075
13.04.2021 08:33:11.608 GMT-0500,71.413,71.267,0.011,0.011
13.04.2021 08:33:11.682 GMT-0500,71.342,71.268,0.0008,0.011
13.04.2021 08:33:11.862 GMT-0500,71.322,71.208,0.0075,0.011
13.04.2021 08:33:11.912 GMT-0500,71.342,71.25800000000001,0.011,0.011
13.04.2021 08:33:12.226 GMT-0500,71.363,71.167,0.011,0.011
13.04.2021 08:33:12.327 GMT-0500,71.303,71.167,0.011,0.011
13.04.2021 08:33:13.106 GMT-0500,71.303,71.167,0.011,0.011
13.04.2021 08:33:13.306 GMT-0500,71.302,71.168,0.011,0.011
13.04.2021 08:33:13.419 GMT-0500,71.293,71.217,0.011,0.011
13.04.2021 08:33:13.470 GMT-0500,71.292,71.19800000000001,0.011,0.011
13.04.2021 08:33:13.714 GMT-0500,71.253,71.117,0.0075,0.011
13.04.2021 08:33:13.765 GMT-0500,71.263,71.157,0.011,0.011
13.04.2021 08:33:13.865 GMT-0500,71.253,71.147,0.011,0.011
13.04.2021 08:33:14.792 GMT-0500,71.252,71.158,0.011,0.0075
13.04.2021 08:33:14.843 GMT-0500,71.253,71.147,0.011,0.011
13.04.2021 08:33:15.782 GMT-0500,71.253,71.157,0.011,0.011
13.04.2021 08:33:15.954 GMT-0500,71.253,71.147,0.011,0.011
13.04.2021 08:33:16.878 GMT-0500,71.252,71.158,0.011,0.0075
13.04.2021 08:33:16.928 GMT-0500,71.253,71.147,0.011,0.011
13.04.2021 08:33:18.021 GMT-0500,71.253,71.157,0.011,0.011
13.04.2021 08:33:18.119 GMT-0500,71.253,71.147,0.011,0.011
13.04.2021 08:33:18.197 GMT-0500,71.253,71.217,0.011,0.0075
13.04.2021 08:33:18.248 GMT-0500,71.382,71.248,0.011,0.011
13.04.2021 08:33:18.298 GMT-0500,71.312,71.248,0.011,0.011
13.04.2021 08:33:19.299 GMT-0500,71.302,71.288,0.0008,0.0075
13.04.2021 08:33:19.350 GMT-0500,71.403,71.297,0.011,0.011
13.04.2021 08:33:19.450 GMT-0500,71.373,71.257,0.011,0.011
13.04.2021 08:33:19.508 GMT-0500,71.362,71.25800000000001,0.0008,0.011
13.04.2021 08:33:19.659 GMT-0500,71.35300000000001,71.257,0.011,0.011
13.04.2021 08:33:19.761 GMT-0500,71.303,71.187,0.011,0.011
13.04.2021 08:33:19.884 GMT-0500,71.302,71.158,0.011,0.011
13.04.2021 08:33:19.985 GMT-0500,71.303,71.217,0.011,0.011
13.04.2021 08:33:20.155 GMT-0500,71.303,71.207,0.011,0.011
13.04.2021 08:33:20.619 GMT-0500,71.303,71.207,0.011,0.011
13.04.2021 08:33:21.648 GMT-0500,71.362,71.25800000000001,0.011,0.011
13.04.2021 08:33:21.745 GMT-0500,71.352,71.25800000000001,0.0008,0.011
13.04.2021 08:33:21.976 GMT-0500,71.362,71.25800000000001,0.011,0.011
13.04.2021 08:33:22.101 GMT-0500,71.363,71.207,0.011,0.011
13.04.2021 08:33:22.177 GMT-0500,71.362,71.25800000000001,0.011,0.011
13.04.2021 08:33:22.227 GMT-0500,71.362,71.158,0.011,0.011
13.04.2021 08:33:22.278 GMT-0500,71.362,71.208,0.011,0.011
13.04.2021 08:33:22.443 GMT-0500,71.322,71.208,0.0075,0.011
13.04.2021 08:33:23.172 GMT-0500,71.32300000000001,71.217,0.011,0.0075
13.04.2021 08:33:23.273 GMT-0500,71.32300000000001,71.207,0.011,0.011
13.04.2021 08:33:23.821 GMT-0500,71.302,71.218,0.011,0.011
13.04.2021 08:33:23.871 GMT-0500,71.32300000000001,71.207,0.011,0.011
13.04.2021 08:33:24.008 GMT-0500,71.32300000000001,71.147,0.011,0.011
13.04.2021 08:33:24.109 GMT-0500,71.322,71.22800000000001,0.011,0.011
13.04.2021 08:33:24.519 GMT-0500,71.362,71.238,0.011,0.011
13.04.2021 08:33:24.667 GMT-0500,71.363,71.227,0.011,0.011
13.04.2021 08:33:24.873 GMT-0500,71.363,71.297,0.011,0.011
13.04.2021 08:33:24.924 GMT-0500,71.35300000000001,71.227,0.011,0.011
13.04.2021 08:33:25.790 GMT-0500,71.352,71.22800000000001,0.011,0.011
13.04.2021 08:33:25.891 GMT-0500,71.35300000000001,71.227,0.011,0.011
13.04.2021 08:33:25.998 GMT-0500,71.363,71.227,0.011,0.011
13.04.2021 08:33:26.515 GMT-0500,71.362,71.22800000000001,0.011,0.011
13.04.2021 08:33:26.616 GMT-0500,71.362,71.22800000000001,0.011,0.011
13.04.2021 08:33:27.758 GMT-0500,71.312,71.238,0.0075,0.0075
13.04.2021 08:33:27.809 GMT-0500,71.352,71.22800000000001,0.011,0.011
13.04.2021 08:33:27.979 GMT-0500,71.342,71.22800000000001,0.011,0.011
13.04.2021 08:33:28.080 GMT-0500,71.303,71.167,0.011,0.011
13.04.2021 08:33:28.156 GMT-0500,71.302,71.19800000000001,0.011,0.0075
13.04.2021 08:33:28.207 GMT-0500,71.302,71.168,0.011,0.011
13.04.2021 08:33:28.307 GMT-0500,71.303,71.197,0.011,0.011
13.04.2021 08:33:28.461 GMT-0500,71.302,71.188,0.011,0.011
13.04.2021 08:33:30.047 GMT-0500,71.302,71.14800000000001,0.011,0.011
13.04.2021 08:33:30.097 GMT-0500,71.303,71.217,0.011,0.011
13.04.2021 08:33:30.148 GMT-0500,71.403,71.187,0.011,0.011
13.04.2021 08:33:30.198 GMT-0500,71.392,71.188,0.011,0.011
13.04.2021 08:33:30.248 GMT-0500,71.402,71.158,0.011,0.011
13.04.2021 08:33:30.299 GMT-0500,71.433,71.157,0.011,0.011
13.04.2021 08:33:30.376 GMT-0500,71.412,71.158,0.011,0.011
13.04.2021 08:33:30.547 GMT-0500,71.352,71.158,0.0075,0.011
13.04.2021 08:33:30.867 GMT-0500,71.35300000000001,71.167,0.011,0.011
13.04.2021 08:33:31.109 GMT-0500,71.38300000000001,71.157,0.011,0.011
13.04.2021 08:33:31.160 GMT-0500,71.392,71.158,0.011,0.011
13.04.2021 08:33:31.279 GMT-0500,71.392,71.278,0.0008,0.0075
13.04.2021 08:33:31.329 GMT-0500,71.433,71.277,0.011,0.011
13.04.2021 08:33:31.391 GMT-0500,71.433,71.277,0.011,0.011
13.04.2021 08:33:31.492 GMT-0500,71.433,71.287,0.011,0.011
13.04.2021 08:33:31.593 GMT-0500,71.38300000000001,71.157,0.011,0.011
13.04.2021 08:33:31.867 GMT-0500,71.372,71.158,0.0008,0.011
13.04.2021 08:33:31.917 GMT-0500,71.38300000000001,71.157,0.011,0.011
13.04.2021 08:33:32.063 GMT-0500,71.38300000000001,71.147,0.011,0.011
13.04.2021 08:33:32.117 GMT-0500,71.382,71.158,0.011,0.0075
13.04.2021 08:33:32.337 GMT-0500,71.38300000000001,71.207,0.011,0.011
13.04.2021 08:33:32.501 GMT-0500,71.372,71.208,0.0008,0.011
13.04.2021 08:33:32.601 GMT-0500,71.382,71.208,0.011,0.011
13.04.2021 08:33:32.831 GMT-0500,71.38300000000001,71.217,0.011,0.0075
13.04.2021 08:33:32.932 GMT-0500,71.382,71.208,0.011,0.011
13.04.2021 08:33:33.412 GMT-0500,71.363,71.207,0.011,0.011
13.04.2021 08:33:33.462 GMT-0500,71.382,71.208,0.011,0.011
13.04.2021 08:33:33.537 GMT-0500,71.35300000000001,71.207,0.0075,0.011
13.04.2021 08:33:34.266 GMT-0500,71.343,71.207,0.0008,0.011
13.04.2021 08:33:34.547 GMT-0500,71.35300000000001,71.207,0.011,0.011
13.04.2021 08:33:35.769 GMT-0500,71.343,71.207,0.0008,0.011
13.04.2021 08:33:36.021 GMT-0500,71.35300000000001,71.207,0.011,0.011
13.04.2021 08:33:36.675 GMT-0500,71.343,71.207,0.011,0.011
13.04.2021 08:33:36.841 GMT-0500,71.35300000000001,71.207,0.011,0.011
13.04.2021 08:33:37.675 GMT-0500,71.342,71.208,0.0075,0.011
13.04.2021 08:33:38.020 GMT-0500,71.35300000000001,71.207,0.011,0.011
13.04.2021 08:33:39.166 GMT-0500,71.342,71.208,0.0008,0.011
13.04.2021 08:33:39.217 GMT-0500,71.332,71.158,0.011,0.011
13.04.2021 08:33:39.317 GMT-0500,71.332,71.14800000000001,0.011,0.011
13.04.2021 08:33:39.858 GMT-0500,71.312,71.14800000000001,0.011,0.011
13.04.2021 08:33:40.905 GMT-0500,71.262,71.14800000000001,0.0075,0.011
13.04.2021 08:33:40.955 GMT-0500,71.313,71.157,0.011,0.011
13.04.2021 08:33:41.006 GMT-0500,71.313,71.147,0.011,0.011
13.04.2021 08:33:41.096 GMT-0500,71.252,71.14800000000001,0.0008,0.011
13.04.2021 08:33:41.379 GMT-0500,71.252,71.217,0.011,0.0075
13.04.2021 08:33:41.429 GMT-0500,71.252,71.078,0.011,0.011
13.04.2021 08:33:41.479 GMT-0500,71.252,71.14800000000001,0.011,0.011
13.04.2021 08:33:41.636 GMT-0500,71.252,71.158,0.011,0.0075
13.04.2021 08:33:41.687 GMT-0500,71.253,71.147,0.011,0.011
13.04.2021 08:33:43.175 GMT-0500,71.253,71.147,0.011,0.011
13.04.2021 08:33:43.225 GMT-0500,71.253,71.147,0.011,0.011
13.04.2021 08:33:44.189 GMT-0500,71.252,71.158,0.011,0.0075
13.04.2021 08:33:44.239 GMT-0500,71.252,71.14800000000001,0.011,0.011
13.04.2021 08:33:44.340 GMT-0500,71.253,71.197,0.011,0.011
13.04.2021 08:33:44.390 GMT-0500,71.253,71.147,0.011,0.011
13.04.2021 08:33:44.450 GMT-0500,71.21300000000001,71.147,0.0008,0.0075
13.04.2021 08:33:44.500 GMT-0500,71.24300000000001,71.167,0.011,0.011
13.04.2021 08:33:44.600 GMT-0500,71.242,71.11800000000001,0.011,0.011
13.04.2021 08:33:44.685 GMT-0500,71.203,71.117,0.0075,0.011
13.04.2021 08:33:44.735 GMT-0500,71.283,71.117,0.011,0.011
13.04.2021 08:33:44.786 GMT-0500,71.293,71.117,0.011,0.011
13.04.2021 08:33:44.911 GMT-0500,71.222,71.11800000000001,0.0008,0.011
13.04.2021 08:33:45.132 GMT-0500,71.21300000000001,71.117,0.0008,0.011
13.04.2021 08:33:45.183 GMT-0500,71.293,71.127,0.011,0.011
13.04.2021 08:33:45.233 GMT-0500,71.202,71.128,0.011,0.011
13.04.2021 08:33:45.283 GMT-0500,71.283,71.137,0.011,0.011
13.04.2021 08:33:45.334 GMT-0500,71.293,71.137,0.011,0.011
13.04.2021 08:33:45.384 GMT-0500,71.242,71.11800000000001,0.011,0.011
13.04.2021 08:33:45.503 GMT-0500,71.24300000000001,71.127,0.011,0.011
13.04.2021 08:33:45.615 GMT-0500,71.242,71.11800000000001,0.011,0.011
13.04.2021 08:33:46.449 GMT-0500,71.24300000000001,71.117,0.011,0.011
13.04.2021 08:33:46.770 GMT-0500,71.242,71.11800000000001,0.011,0.011
13.04.2021 08:33:46.876 GMT-0500,71.24300000000001,71.197,0.011,0.0075
13.04.2021 08:33:46.927 GMT-0500,71.242,71.128,0.011,0.011
13.04.2021 08:33:47.950 GMT-0500,71.24300000000001,71.117,0.011,0.011
13.04.2021 08:33:48.225 GMT-0500,71.242,71.11800000000001,0.011,0.011
13.04.2021 08:33:48.275 GMT-0500,71.242,71.128,0.011,0.011
13.04.2021 08:33:48.489 GMT-0500,71.242,71.138,0.011,0.0075
13.04.2021 08:33:50.002 GMT-0500,71.283,71.077,0.011,0.011
13.04.2021 08:33:50.061 GMT-0500,71.192,71.078,0.0008,0.011
13.04.2021 08:33:50.111 GMT-0500,71.263,71.087,0.011,0.011
13.04.2021 08:33:50.209 GMT-0500,71.262,71.11800000000001,0.011,0.011
13.04.2021 08:33:50.382 GMT-0500,71.212,71.11800000000001,0.0008,0.011
13.04.2021 08:33:50.432 GMT-0500,71.233,71.117,0.011,0.011
13.04.2021 08:33:50.492 GMT-0500,71.233,71.127,0.011,0.0075
13.04.2021 08:33:50.593 GMT-0500,71.233,71.117,0.011,0.011
13.04.2021 08:33:50.643 GMT-0500,71.203,71.117,0.0075,0.011
13.04.2021 08:33:50.694 GMT-0500,71.232,71.11800000000001,0.011,0.011
13.04.2021 08:33:50.839 GMT-0500,71.192,71.11800000000001,0.0008,0.011
13.04.2021 08:33:50.889 GMT-0500,71.292,71.11800000000001,0.011,0.011
13.04.2021 08:33:50.966 GMT-0500,71.222,71.11800000000001,0.0075,0.011
13.04.2021 08:33:53.859 GMT-0500,71.193,71.117,0.0008,0.011
13.04.2021 08:33:53.909 GMT-0500,71.193,71.107,0.011,0.011
13.04.2021 08:33:53.967 GMT-0500,71.183,71.107,0.0008,0.011
13.04.2021 08:33:54.164 GMT-0500,71.182,70.998,0.011,0.011
13.04.2021 08:33:54.215 GMT-0500,71.182,71.058,0.011,0.011
13.04.2021 08:33:54.335 GMT-0500,71.172,71.058,0.011,0.011
13.04.2021 08:33:54.385 GMT-0500,71.183,71.057,0.011,0.011
13.04.2021 08:33:55.104 GMT-0500,71.173,71.057,0.0008,0.011
13.04.2021 08:33:55.654 GMT-0500,71.183,71.057,0.011,0.011
13.04.2021 08:33:55.738 GMT-0500,71.182,71.068,0.011,0.0075
13.04.2021 08:33:55.789 GMT-0500,71.183,71.057,0.011,0.011
13.04.2021 08:33:56.043 GMT-0500,71.183,71.117,0.011,0.011
13.04.2021 08:33:56.292 GMT-0500,71.182,71.078,0.011,0.011
13.04.2021 08:33:57.231 GMT-0500,71.183,71.077,0.011,0.011
13.04.2021 08:33:57.389 GMT-0500,71.182,71.078,0.011,0.011
13.04.2021 08:33:57.674 GMT-0500,71.152,71.018,0.011,0.011
13.04.2021 08:33:57.724 GMT-0500,71.21300000000001,71.077,0.011,0.011
13.04.2021 08:33:57.774 GMT-0500,71.252,71.098,0.011,0.011
13.04.2021 08:33:57.825 GMT-0500,71.172,71.098,0.011,0.011
13.04.2021 08:33:58.109 GMT-0500,71.143,71.097,0.0008,0.011
13.04.2021 08:33:58.160 GMT-0500,71.173,71.047,0.011,0.011
13.04.2021 08:33:58.633 GMT-0500,71.172,71.038,0.011,0.011
13.04.2021 08:33:58.733 GMT-0500,71.162,71.038,0.011,0.011
13.04.2021 08:33:59.306 GMT-0500,71.172,71.098,0.011,0.011
13.04.2021 08:33:59.416 GMT-0500,71.172,71.038,0.011,0.011
13.04.2021 08:33:59.466 GMT-0500,71.173,71.057,0.011,0.011
13.04.2021 08:33:59.617 GMT-0500,71.162,71.058,0.011,0.011
13.04.2021 08:33:59.768 GMT-0500,71.112,71.038,0.011,0.011
13.04.2021 08:33:59.918 GMT-0500,71.102,70.988,0.011,0.011
13.04.2021 08:33:59.969 GMT-0500,71.102,70.998,0.011,0.011
13.04.2021 08:34:00.019 GMT-0500,71.10300000000001,70.987,0.011,0.011
13.04.2021 08:34:00.119 GMT-0500,71.10300000000001,70.997,0.011,0.011
13.04.2021 08:34:00.170 GMT-0500,71.112,70.998,0.011,0.011
13.04.2021 08:34:00.368 GMT-0500,71.183,70.997,0.011,0.011
13.04.2021 08:34:00.605 GMT-0500,71.172,71.00800000000001,0.011,0.011
13.04.2021 08:34:00.785 GMT-0500,71.183,70.997,0.011,0.011
13.04.2021 08:34:01.378 GMT-0500,71.093,70.997,0.0008,0.011
13.04.2021 08:34:01.428 GMT-0500,71.112,70.998,0.011,0.011
13.04.2021 08:34:01.597 GMT-0500,71.083,70.997,0.0008,0.011
13.04.2021 08:34:01.648 GMT-0500,71.153,71.007,0.011,0.011
13.04.2021 08:34:01.698 GMT-0500,71.143,71.007,0.011,0.011
13.04.2021 08:34:01.828 GMT-0500,71.063,71.017,0.0075,0.0075
13.04.2021 08:34:01.879 GMT-0500,71.143,71.007,0.011,0.011
13.04.2021 08:34:01.979 GMT-0500,71.142,70.998,0.011,0.011
13.04.2021 08:34:02.057 GMT-0500,71.07300000000001,71.007,0.0075,0.0075
13.04.2021 08:34:02.107 GMT-0500,71.142,71.00800000000001,0.011,0.011
13.04.2021 08:34:02.403 GMT-0500,71.13300000000001,71.007,0.0075,0.011
13.04.2021 08:34:02.504 GMT-0500,71.143,71.007,0.011,0.011
13.04.2021 08:34:02.720 GMT-0500,71.062,70.998,0.0008,0.011
13.04.2021 08:34:02.771 GMT-0500,71.153,71.007,0.011,0.011
13.04.2021 08:34:02.821 GMT-0500,71.143,71.007,0.011,0.011
13.04.2021 08:34:03.690 GMT-0500,71.132,71.00800000000001,0.0008,0.011
13.04.2021 08:34:03.740 GMT-0500,71.142,71.00800000000001,0.011,0.011
13.04.2021 08:34:03.899 GMT-0500,71.143,71.007,0.011,0.011
13.04.2021 08:34:03.950 GMT-0500,71.143,71.007,0.011,0.011
13.04.2021 08:34:04.471 GMT-0500,71.142,70.998,0.011,0.011
13.04.2021 08:34:04.771 GMT-0500,71.082,71.038,0.0008,0.0075
13.04.2021 08:34:04.821 GMT-0500,71.143,70.987,0.011,0.011
13.04.2021 08:34:04.872 GMT-0500,71.143,71.047,0.011,0.011
13.04.2021 08:34:04.995 GMT-0500,71.062,70.988,0.0075,0.011
13.04.2021 08:34:05.046 GMT-0500,71.123,70.927,0.011,0.011
13.04.2021 08:34:05.096 GMT-0500,71.123,70.947,0.011,0.011
13.04.2021 08:34:05.147 GMT-0500,71.123,70.927,0.011,0.011
13.04.2021 08:34:05.197 GMT-0500,71.122,70.998,0.011,0.011
13.04.2021 08:34:05.436 GMT-0500,71.043,70.997,0.0008,0.0075
13.04.2021 08:34:05.486 GMT-0500,71.052,70.918,0.011,0.011
13.04.2021 08:34:05.537 GMT-0500,71.113,71.007,0.011,0.011
13.04.2021 08:34:05.587 GMT-0500,71.123,70.997,0.011,0.011
13.04.2021 08:34:05.704 GMT-0500,71.13300000000001,70.997,0.011,0.011
13.04.2021 08:34:05.754 GMT-0500,71.13300000000001,71.007,0.011,0.011
13.04.2021 08:34:06.066 GMT-0500,71.122,71.018,0.011,0.011
13.04.2021 08:34:06.117 GMT-0500,71.132,71.00800000000001,0.011,0.011
13.04.2021 08:34:06.702 GMT-0500,71.122,71.00800000000001,0.0008,0.011
13.04.2021 08:34:06.819 GMT-0500,71.10300000000001,71.007,0.0008,0.011
13.04.2021 08:34:08.261 GMT-0500,71.102,71.068,0.0008,0.0075
13.04.2021 08:34:08.311 GMT-0500,71.13300000000001,71.007,0.011,0.011
13.04.2021 08:34:08.997 GMT-0500,71.143,71.017,0.011,0.011
13.04.2021 08:34:09.137 GMT-0500,71.142,71.00800000000001,0.011,0.011
13.04.2021 08:34:09.767 GMT-0500,71.142,71.00800000000001,0.011,0.011
13.04.2021 08:34:09.935 GMT-0500,71.142,71.00800000000001,0.011,0.011
13.04.2021 08:34:09.998 GMT-0500,71.072,71.00800000000001,0.0008,0.011
13.04.2021 08:34:10.241 GMT-0500,71.032,71.00800000000001,0.0075,0.011
13.04.2021 08:34:10.291 GMT-0500,71.092,70.94800000000001,0.011,0.011
13.04.2021 08:34:10.776 GMT-0500,71.092,70.998,0.011,0.011
13.04.2021 08:34:10.826 GMT-0500,71.092,70.94800000000001,0.011,0.011
13.04.2021 08:34:11.323 GMT-0500,71.093,70.957,0.011,0.011
13.04.2021 08:34:11.457 GMT-0500,71.092,70.94800000000001,0.011,0.011
13.04.2021 08:34:12.179 GMT-0500,71.093,71.027,0.011,0.011
13.04.2021 08:34:12.229 GMT-0500,71.092,70.94800000000001,0.011,0.011
13.04.2021 08:34:12.594 GMT-0500,71.053,70.947,0.0008,0.011
13.04.2021 08:34:12.645 GMT-0500,71.083,70.957,0.011,0.011
13.04.2021 08:34:12.749 GMT-0500,71.092,70.94800000000001,0.011,0.011
13.04.2021 08:34:13.355 GMT-0500,71.033,70.947,0.0008,0.011
13.04.2021 08:34:13.406 GMT-0500,71.093,70.947,0.011,0.011
13.04.2021 08:34:14.392 GMT-0500,71.083,70.947,0.0008,0.0075
13.04.2021 08:34:14.443 GMT-0500,71.083,70.917,0.011,0.011
13.04.2021 08:34:14.493 GMT-0500,71.052,70.918,0.011,0.011
13.04.2021 08:34:14.543 GMT-0500,71.083,70.877,0.011,0.011
13.04.2021 08:34:14.649 GMT-0500,71.113,70.877,0.011,0.011
13.04.2021 08:34:14.711 GMT-0500,71.062,70.878,0.0008,0.011
13.04.2021 08:34:14.884 GMT-0500,71.052,70.878,0.011,0.011
13.04.2021 08:34:14.934 GMT-0500,71.063,70.877,0.011,0.011
13.04.2021 08:34:16.962 GMT-0500,71.052,70.878,0.0075,0.011
13.04.2021 08:34:17.012 GMT-0500,71.062,70.878,0.011,0.011
13.04.2021 08:34:17.972 GMT-0500,71.053,70.877,0.0075,0.011
13.04.2021 08:34:18.073 GMT-0500,71.063,70.977,0.011,0.011
13.04.2021 08:34:18.352 GMT-0500,71.002,70.86800000000001,0.011,0.011
13.04.2021 08:34:18.403 GMT-0500,71.013,70.867,0.011,0.011
13.04.2021 08:34:18.453 GMT-0500,71.012,70.918,0.011,0.011
13.04.2021 08:34:19.421 GMT-0500,70.96300000000001,70.917,0.0075,0.011
13.04.2021 08:34:19.471 GMT-0500,71.013,70.917,0.011,0.011
13.04.2021 08:34:19.870 GMT-0500,71.002,70.928,0.0075,0.0075
13.04.2021 08:34:19.921 GMT-0500,71.013,70.917,0.011,0.011
13.04.2021 08:34:20.157 GMT-0500,71.013,70.867,0.011,0.011
13.04.2021 08:34:20.347 GMT-0500,71.002,70.86800000000001,0.0008,0.011
13.04.2021 08:34:20.447 GMT-0500,71.012,70.86800000000001,0.011,0.011
13.04.2021 08:34:20.509 GMT-0500,71.002,70.86800000000001,0.0008,0.011
13.04.2021 08:34:20.690 GMT-0500,71.013,70.927,0.011,0.011
13.04.2021 08:34:21.034 GMT-0500,71.012,70.878,0.011,0.011
13.04.2021 08:34:21.805 GMT-0500,71.02300000000001,70.877,0.011,0.011
13.04.2021 08:34:21.973 GMT-0500,71.02300000000001,70.877,0.011,0.011
13.04.2021 08:34:22.103 GMT-0500,71.003,70.887,0.0008,0.011
13.04.2021 08:34:22.359 GMT-0500,71.002,70.928,0.011,0.011
13.04.2021 08:34:22.409 GMT-0500,71.003,70.927,0.011,0.011
13.04.2021 08:34:22.801 GMT-0500,71.002,70.928,0.011,0.011
13.04.2021 08:34:22.852 GMT-0500,71.053,70.947,0.011,0.011
13.04.2021 08:34:23.186 GMT-0500,71.063,70.947,0.011,0.011
13.04.2021 08:34:23.412 GMT-0500,71.053,70.947,0.0008,0.011
13.04.2021 08:34:23.462 GMT-0500,71.063,70.947,0.011,0.011
13.04.2021 08:34:25.045 GMT-0500,71.052,70.94800000000001,0.011,0.011
13.04.2021 08:34:25.181 GMT-0500,71.062,70.94800000000001,0.011,0.011
13.04.2021 08:34:25.675 GMT-0500,71.062,70.968,0.011,0.011
13.04.2021 08:34:25.775 GMT-0500,71.063,70.947,0.011,0.011
13.04.2021 08:34:26.419 GMT-0500,71.053,70.947,0.0075,0.011
13.04.2021 08:34:26.569 GMT-0500,71.02300000000001,70.897,0.011,0.011
13.04.2021 08:34:26.711 GMT-0500,71.02300000000001,70.847,0.011,0.011
13.04.2021 08:34:27.827 GMT-0500,71.013,70.887,0.0075,0.0075
13.04.2021 08:34:28.040 GMT-0500,71.012,70.94800000000001,0.0008,0.0075
13.04.2021 08:34:28.090 GMT-0500,70.953,70.837,0.011,0.011
13.04.2021 08:34:28.140 GMT-0500,70.982,70.888,0.011,0.011
13.04.2021 08:34:28.269 GMT-0500,71.07300000000001,70.887,0.011,0.011
13.04.2021 08:34:28.319 GMT-0500,71.042,70.918,0.011,0.011
13.04.2021 08:34:28.541 GMT-0500,71.032,70.938,0.0008,0.011
13.04.2021 08:34:28.734 GMT-0500,71.042,70.918,0.011,0.011
13.04.2021 08:34:28.940 GMT-0500,71.043,70.937,0.011,0.0075
13.04.2021 08:34:29.176 GMT-0500,71.043,70.917,0.011,0.011
13.04.2021 08:34:30.017 GMT-0500,71.042,70.938,0.011,0.011
13.04.2021 08:34:30.067 GMT-0500,71.042,70.928,0.011,0.011
13.04.2021 08:34:30.636 GMT-0500,71.043,70.917,0.011,0.011
13.04.2021 08:34:31.433 GMT-0500,71.033,70.917,0.0075,0.011
13.04.2021 08:34:31.533 GMT-0500,71.043,70.847,0.011,0.011
13.04.2021 08:34:31.702 GMT-0500,71.092,70.848,0.011,0.011
13.04.2021 08:34:31.753 GMT-0500,71.022,70.848,0.011,0.011
13.04.2021 08:34:32.164 GMT-0500,71.012,70.848,0.0008,0.011
13.04.2021 08:34:32.410 GMT-0500,71.02300000000001,70.847,0.011,0.011
13.04.2021 08:34:33.261 GMT-0500,71.013,70.847,0.0008,0.011
13.04.2021 08:34:33.590 GMT-0500,71.02300000000001,70.917,0.011,0.0075
13.04.2021 08:34:33.640 GMT-0500,71.022,70.908,0.011,0.011
13.04.2021 08:34:33.995 GMT-0500,71.013,70.907,0.0008,0.011
13.04.2021 08:34:34.178 GMT-0500,71.02300000000001,70.907,0.011,0.011
13.04.2021 08:34:35.146 GMT-0500,71.013,70.907,0.0075,0.011
13.04.2021 08:34:35.196 GMT-0500,71.022,70.888,0.011,0.011
13.04.2021 08:34:35.383 GMT-0500,71.02300000000001,70.837,0.011,0.011
13.04.2021 08:34:35.489 GMT-0500,71.003,70.837,0.0008,0.011
13.04.2021 08:34:35.590 GMT-0500,71.002,70.83800000000001,0.011,0.011
13.04.2021 08:34:36.590 GMT-0500,71.003,70.837,0.011,0.011
13.04.2021 08:34:36.735 GMT-0500,70.99300000000001,70.847,0.0075,0.0075
13.04.2021 08:34:36.785 GMT-0500,71.003,70.837,0.011,0.011
13.04.2021 08:34:37.298 GMT-0500,70.942,70.83800000000001,0.0008,0.011
13.04.2021 08:34:37.348 GMT-0500,70.943,70.787,0.011,0.011
13.04.2021 08:34:37.398 GMT-0500,70.942,70.808,0.011,0.011
13.04.2021 08:34:37.449 GMT-0500,70.953,70.807,0.011,0.011
13.04.2021 08:34:37.535 GMT-0500,70.903,70.807,0.0075,0.011
13.04.2021 08:34:37.585 GMT-0500,70.952,70.808,0.011,0.011
13.04.2021 08:34:37.762 GMT-0500,70.892,70.808,0.0075,0.011
13.04.2021 08:34:37.813 GMT-0500,70.953,70.807,0.011,0.011
13.04.2021 08:34:37.968 GMT-0500,70.952,70.818,0.011,0.011
13.04.2021 08:34:38.116 GMT-0500,70.952,70.808,0.011,0.011
13.04.2021 08:34:38.793 GMT-0500,70.953,70.807,0.011,0.011
13.04.2021 08:34:39.495 GMT-0500,70.982,70.808,0.011,0.011
13.04.2021 08:34:39.782 GMT-0500,70.972,70.818,0.0075,0.0075
13.04.2021 08:34:40.001 GMT-0500,70.983,70.807,0.011,0.011
13.04.2021 08:34:40.838 GMT-0500,70.903,70.807,0.0075,0.011
13.04.2021 08:34:40.888 GMT-0500,70.982,70.808,0.011,0.011
13.04.2021 08:34:41.003 GMT-0500,70.892,70.808,0.011,0.011
13.04.2021 08:34:41.054 GMT-0500,70.982,70.808,0.011,0.011
13.04.2021 08:34:41.104 GMT-0500,70.982,70.848,0.011,0.011
13.04.2021 08:34:41.301 GMT-0500,71.013,70.837,0.011,0.011
13.04.2021 08:34:41.351 GMT-0500,70.972,70.83800000000001,0.011,0.011
13.04.2021 08:34:41.491 GMT-0500,70.962,70.83800000000001,0.011,0.011
13.04.2021 08:34:41.541 GMT-0500,70.972,70.83800000000001,0.011,0.011
13.04.2021 08:34:42.010 GMT-0500,70.873,70.787,0.0075,0.011
13.04.2021 08:34:42.060 GMT-0500,70.962,70.798,0.011,0.011
13.04.2021 08:34:42.126 GMT-0500,70.96300000000001,70.807,0.011,0.0075
13.04.2021 08:34:43.011 GMT-0500,70.863,70.817,0.0075,0.0075
13.04.2021 08:34:43.061 GMT-0500,70.873,70.807,0.011,0.011
13.04.2021 08:34:43.161 GMT-0500,70.872,70.798,0.011,0.011
13.04.2021 08:34:43.694 GMT-0500,70.893,70.797,0.011,0.011
13.04.2021 08:34:44.711 GMT-0500,70.903,70.787,0.011,0.011
13.04.2021 08:34:46.363 GMT-0500,70.913,70.787,0.011,0.011
13.04.2021 08:34:47.269 GMT-0500,70.832,70.738,0.0075,0.011
13.04.2021 08:34:47.320 GMT-0500,70.953,70.727,0.011,0.011
13.04.2021 08:34:47.370 GMT-0500,70.88300000000001,70.727,0.011,0.011
13.04.2021 08:34:47.490 GMT-0500,70.88300000000001,70.747,0.0008,0.0075
13.04.2021 08:34:47.544 GMT-0500,70.88300000000001,70.737,0.011,0.011
13.04.2021 08:34:47.706 GMT-0500,70.793,70.737,0.0008,0.0075
13.04.2021 08:34:47.756 GMT-0500,70.872,70.708,0.011,0.011
13.04.2021 08:34:47.959 GMT-0500,70.763,70.707,0.0008,0.011
13.04.2021 08:34:48.009 GMT-0500,70.872,70.738,0.011,0.011
13.04.2021 08:34:48.389 GMT-0500,70.82300000000001,70.737,0.0075,0.011
13.04.2021 08:34:48.989 GMT-0500,70.872,70.738,0.011,0.011
13.04.2021 08:34:49.315 GMT-0500,70.843,70.737,0.0075,0.011
13.04.2021 08:34:50.964 GMT-0500,70.833,70.797,0.011,0.011
13.04.2021 08:34:51.014 GMT-0500,70.833,70.737,0.011,0.011
13.04.2021 08:34:51.150 GMT-0500,70.833,70.802,0.011,0.0075
13.04.2021 08:34:51.200 GMT-0500,70.833,70.737,0.011,0.011
13.04.2021 08:34:51.301 GMT-0500,70.832,70.798,0.011,0.011
13.04.2021 08:34:51.351 GMT-0500,70.833,70.737,0.011,0.011
13.04.2021 08:34:51.665 GMT-0500,70.772,70.708,0.0075,0.011
13.04.2021 08:34:51.715 GMT-0500,70.833,70.727,0.011,0.011
13.04.2021 08:34:51.765 GMT-0500,70.822,70.718,0.011,0.011
13.04.2021 08:34:51.816 GMT-0500,70.832,70.708,0.011,0.011
13.04.2021 08:34:51.880 GMT-0500,70.783,70.707,0.0008,0.011
13.04.2021 08:34:51.930 GMT-0500,70.822,70.708,0.011,0.011
13.04.2021 08:34:52.478 GMT-0500,70.833,70.707,0.011,0.011
13.04.2021 08:34:53.520 GMT-0500,70.833,70.727,0.011,0.011
13.04.2021 08:34:53.626 GMT-0500,70.833,70.707,0.011,0.011
13.04.2021 08:34:53.758 GMT-0500,70.833,70.737,0.011,0.011
13.04.2021 08:34:53.909 GMT-0500,70.822,70.708,0.011,0.011
13.04.2021 08:34:54.038 GMT-0500,70.82300000000001,70.717,0.0075,0.0075
13.04.2021 08:34:54.139 GMT-0500,70.943,70.707,0.011,0.011
13.04.2021 08:34:54.205 GMT-0500,70.872,70.708,0.0075,0.011
13.04.2021 08:34:54.442 GMT-0500,70.873,70.757,0.011,0.011
13.04.2021 08:34:54.592 GMT-0500,70.872,70.708,0.011,0.011
13.04.2021 08:34:54.691 GMT-0500,70.822,70.75800000000001,0.0075,0.0075
13.04.2021 08:34:54.741 GMT-0500,70.82300000000001,70.707,0.011,0.011
13.04.2021 08:34:54.950 GMT-0500,70.782,70.708,0.011,0.011
13.04.2021 08:34:55.000 GMT-0500,70.803,70.707,0.011,0.011
13.04.2021 08:34:55.051 GMT-0500,70.863,70.707,0.011,0.011
13.04.2021 08:34:55.109 GMT-0500,70.842,70.708,0.0075,0.011
13.04.2021 08:34:55.210 GMT-0500,70.863,70.707,0.011,0.011
13.04.2021 08:34:55.399 GMT-0500,70.943,70.707,0.011,0.011
13.04.2021 08:34:55.449 GMT-0500,70.85300000000001,70.707,0.011,0.011
13.04.2021 08:34:57.088 GMT-0500,70.852,70.708,0.011,0.011
13.04.2021 08:34:57.138 GMT-0500,70.85300000000001,70.707,0.011,0.011
13.04.2021 08:34:57.233 GMT-0500,70.852,70.748,0.011,0.0075
13.04.2021 08:34:57.283 GMT-0500,70.852,70.708,0.011,0.011
13.04.2021 08:34:58.681 GMT-0500,70.943,70.787,0.011,0.011
13.04.2021 08:34:58.732 GMT-0500,70.832,70.718,0.011,0.011
13.04.2021 08:34:58.782 GMT-0500,70.872,70.718,0.011,0.011
13.04.2021 08:34:59.247 GMT-0500,70.873,70.727,0.011,0.011
13.04.2021 08:34:59.388 GMT-0500,70.872,70.718,0.011,0.011
13.04.2021 08:34:59.733 GMT-0500,70.872,70.788,0.011,0.0075
13.04.2021 08:34:59.783 GMT-0500,70.802,70.708,0.011,0.011
13.04.2021 08:34:59.884 GMT-0500,70.873,70.797,0.011,0.011
13.04.2021 08:34:59.934 GMT-0500,70.942,70.778,0.011,0.011
13.04.2021 08:35:00.043 GMT-0500,70.953,70.777,0.011,0.011
13.04.2021 08:35:00.251 GMT-0500,70.952,70.818,0.011,0.011
13.04.2021 08:35:00.449 GMT-0500,71.012,70.858,0.011,0.011
13.04.2021 08:35:00.549 GMT-0500,71.013,70.787,0.011,0.011
13.04.2021 08:35:00.599 GMT-0500,70.912,70.788,0.011,0.011
13.04.2021 08:35:00.822 GMT-0500,70.912,70.798,0.011,0.011
13.04.2021 08:35:00.873 GMT-0500,70.912,70.778,0.011,0.011
13.04.2021 08:35:01.168 GMT-0500,70.913,70.787,0.011,0.011
13.04.2021 08:35:01.324 GMT-0500,70.892,70.778,0.011,0.011
13.04.2021 08:35:01.432 GMT-0500,70.882,70.778,0.0075,0.011
13.04.2021 08:35:01.532 GMT-0500,70.892,70.778,0.011,0.011
13.04.2021 08:35:02.189 GMT-0500,70.88300000000001,70.777,0.011,0.011
13.04.2021 08:35:02.551 GMT-0500,70.862,70.778,0.0008,0.011
13.04.2021 08:35:02.601 GMT-0500,70.88300000000001,70.777,0.011,0.011
13.04.2021 08:35:03.163 GMT-0500,70.863,70.777,0.0075,0.011
13.04.2021 08:35:03.214 GMT-0500,70.882,70.778,0.011,0.011
13.04.2021 08:35:03.314 GMT-0500,70.882,70.798,0.011,0.011
13.04.2021 08:35:03.364 GMT-0500,70.882,70.718,0.011,0.011
13.04.2021 08:35:03.415 GMT-0500,70.88300000000001,70.727,0.011,0.011
13.04.2021 08:35:04.030 GMT-0500,70.85300000000001,70.727,0.011,0.011
13.04.2021 08:35:04.080 GMT-0500,70.852,70.72800000000001,0.011,0.011
13.04.2021 08:35:04.714 GMT-0500,70.852,70.812,0.011,0.0075
13.04.2021 08:35:04.764 GMT-0500,70.85300000000001,70.737,0.011,0.011
13.04.2021 08:35:05.386 GMT-0500,70.85300000000001,70.817,0.011,0.0075
13.04.2021 08:35:05.437 GMT-0500,70.85300000000001,70.737,0.011,0.011
13.04.2021 08:35:05.566 GMT-0500,70.85300000000001,70.837,0.011,0.0075
13.04.2021 08:35:05.616 GMT-0500,70.892,70.72800000000001,0.011,0.011
13.04.2021 08:35:05.717 GMT-0500,70.892,70.788,0.011,0.011
13.04.2021 08:35:05.903 GMT-0500,70.843,70.787,0.0008,0.011
13.04.2021 08:35:06.145 GMT-0500,70.843,70.817,0.0008,0.0075
13.04.2021 08:35:06.232 GMT-0500,70.85300000000001,70.787,0.011,0.011
13.04.2021 08:35:07.540 GMT-0500,70.858,70.787,0.0075,0.011
13.04.2021 08:35:07.590 GMT-0500,70.953,70.817,0.011,0.011
13.04.2021 08:35:07.646 GMT-0500,70.88300000000001,70.817,0.0075,0.011
13.04.2021 08:35:08.442 GMT-0500,70.88300000000001,70.817,0.011,0.011
13.04.2021 08:35:08.492 GMT-0500,70.88300000000001,70.777,0.011,0.011
13.04.2021 08:35:08.603 GMT-0500,70.872,70.768,0.0008,0.011
13.04.2021 08:35:08.654 GMT-0500,70.983,70.797,0.011,0.011
13.04.2021 08:35:08.704 GMT-0500,70.88300000000001,70.797,0.011,0.011
13.04.2021 08:35:08.855 GMT-0500,70.872,70.798,0.011,0.011
13.04.2021 08:35:09.257 GMT-0500,70.872,70.72800000000001,0.011,0.011
13.04.2021 08:35:09.308 GMT-0500,70.872,70.738,0.011,0.011
13.04.2021 08:35:09.743 GMT-0500,70.873,70.757,0.011,0.0075
13.04.2021 08:35:10.351 GMT-0500,70.873,70.757,0.011,0.011
13.04.2021 08:35:10.553 GMT-0500,70.872,70.768,0.011,0.011
13.04.2021 08:35:10.653 GMT-0500,70.913,70.767,0.011,0.011
13.04.2021 08:35:11.231 GMT-0500,70.913,70.767,0.011,0.011
13.04.2021 08:35:11.875 GMT-0500,70.913,70.877,0.0008,0.0075
13.04.2021 08:35:11.925 GMT-0500,71.003,70.927,0.011,0.011
13.04.2021 08:35:11.976 GMT-0500,71.003,70.847,0.011,0.011
13.04.2021 08:35:12.076 GMT-0500,70.932,70.848,0.011,0.011
13.04.2021 08:35:12.370 GMT-0500,70.923,70.847,0.011,0.011
13.04.2021 08:35:12.566 GMT-0500,70.932,70.848,0.011,0.011
13.04.2021 08:35:12.927 GMT-0500,70.932,70.83800000000001,0.011,0.011
13.04.2021 08:35:13.030 GMT-0500,70.933,70.837,0.011,0.011
13.04.2021 08:35:14.131 GMT-0500,70.933,70.837,0.011,0.011
13.04.2021 08:35:14.792 GMT-0500,70.962,70.818,0.011,0.011
13.04.2021 08:35:15.096 GMT-0500,70.96300000000001,70.807,0.011,0.011
13.04.2021 08:35:15.146 GMT-0500,70.96300000000001,70.837,0.011,0.011
13.04.2021 08:35:15.290 GMT-0500,71.012,70.83800000000001,0.011,0.011
13.04.2021 08:35:15.693 GMT-0500,70.992,70.848,0.0075,0.0075
13.04.2021 08:35:15.743 GMT-0500,70.99300000000001,70.837,0.011,0.011
13.04.2021 08:35:16.180 GMT-0500,70.992,70.808,0.011,0.011
13.04.2021 08:35:16.231 GMT-0500,70.992,70.94800000000001,0.011,0.011
13.04.2021 08:35:16.281 GMT-0500,71.083,70.867,0.011,0.011
13.04.2021 08:35:16.906 GMT-0500,71.083,70.877,0.011,0.0075
13.04.2021 08:35:17.194 GMT-0500,71.082,70.86800000000001,0.011,0.011
13.04.2021 08:35:17.244 GMT-0500,71.053,70.927,0.011,0.011
13.04.2021 08:35:18.196 GMT-0500,71.052,70.918,0.011,0.011
13.04.2021 08:35:18.273 GMT-0500,71.053,70.927,0.011,0.0075
13.04.2021 08:35:18.373 GMT-0500,71.053,70.917,0.011,0.011
13.04.2021 08:35:18.445 GMT-0500,71.052,70.928,0.011,0.0075
13.04.2021 08:35:18.546 GMT-0500,71.042,70.928,0.011,0.011
13.04.2021 08:35:18.596 GMT-0500,71.043,70.917,0.011,0.011
13.04.2021 08:35:18.765 GMT-0500,71.042,70.918,0.011,0.011
13.04.2021 08:35:18.815 GMT-0500,71.093,70.927,0.011,0.011
13.04.2021 08:35:18.991 GMT-0500,71.092,70.988,0.011,0.0075
13.04.2021 08:35:19.289 GMT-0500,71.083,70.987,0.0008,0.0075
13.04.2021 08:35:19.339 GMT-0500,71.083,70.927,0.011,0.011
13.04.2021 08:35:19.390 GMT-0500,71.093,70.917,0.011,0.011
13.04.2021 08:35:20.207 GMT-0500,71.093,70.967,0.011,0.0075
13.04.2021 08:35:20.406 GMT-0500,71.093,70.997,0.011,0.0075
13.04.2021 08:35:20.507 GMT-0500,71.083,70.967,0.011,0.011
13.04.2021 08:35:21.414 GMT-0500,71.072,70.968,0.0075,0.011
13.04.2021 08:35:21.464 GMT-0500,71.082,70.968,0.011,0.011
13.04.2021 08:35:21.515 GMT-0500,71.092,70.968,0.011,0.011
13.04.2021 08:35:21.620 GMT-0500,71.092,70.988,0.011,0.011
13.04.2021 08:35:21.671 GMT-0500,71.092,70.908,0.011,0.011
13.04.2021 08:35:21.721 GMT-0500,71.033,70.937,0.011,0.011
13.04.2021 08:35:22.551 GMT-0500,71.033,70.947,0.011,0.0075
13.04.2021 08:35:22.652 GMT-0500,71.032,70.938,0.011,0.011
13.04.2021 08:35:22.754 GMT-0500,71.083,70.937,0.011,0.0075
13.04.2021 08:35:22.855 GMT-0500,71.083,70.947,0.011,0.0075
13.04.2021 08:35:22.966 GMT-0500,71.063,70.947,0.011,0.011
13.04.2021 08:35:23.454 GMT-0500,71.062,70.958,0.011,0.0075
13.04.2021 08:35:23.505 GMT-0500,71.062,70.94800000000001,0.011,0.011
13.04.2021 08:35:24.316 GMT-0500,71.043,70.957,0.0075,0.0075
13.04.2021 08:35:24.416 GMT-0500,71.042,70.94800000000001,0.011,0.011
13.04.2021 08:35:24.466 GMT-0500,71.042,71.00800000000001,0.011,0.011
13.04.2021 08:35:24.517 GMT-0500,71.062,70.94800000000001,0.011,0.011
13.04.2021 08:35:26.434 GMT-0500,71.062,70.958,0.011,0.0075
13.04.2021 08:35:26.748 GMT-0500,71.062,70.94800000000001,0.011,0.011
13.04.2021 08:35:27.692 GMT-0500,71.062,70.908,0.011,0.011
13.04.2021 08:35:27.768 GMT-0500,71.062,70.968,0.011,0.0075
13.04.2021 08:35:28.037 GMT-0500,71.063,71.037,0.0008,0.0075
13.04.2021 08:35:28.087 GMT-0500,71.172,71.038,0.011,0.011
13.04.2021 08:35:28.312 GMT-0500,71.172,71.028,0.011,0.011
13.04.2021 08:35:28.676 GMT-0500,71.163,71.027,0.0075,0.011
13.04.2021 08:35:28.854 GMT-0500,71.172,71.028,0.011,0.011
13.04.2021 08:35:29.307 GMT-0500,71.173,71.057,0.011,0.0075
13.04.2021 08:35:30.625 GMT-0500,71.173,71.057,0.011,0.011
13.04.2021 08:35:30.726 GMT-0500,71.143,71.057,0.011,0.011
13.04.2021 08:35:30.850 GMT-0500,71.153,71.128,0.0008,0.0075
13.04.2021 08:35:30.900 GMT-0500,71.223,71.057,0.011,0.011
13.04.2021 08:35:31.199 GMT-0500,71.222,71.058,0.011,0.011
13.04.2021 08:35:31.465 GMT-0500,71.192,71.128,0.011,0.011
13.04.2021 08:35:31.516 GMT-0500,71.282,71.128,0.011,0.011
13.04.2021 08:35:31.566 GMT-0500,71.253,71.127,0.011,0.011
13.04.2021 08:35:32.798 GMT-0500,71.242,71.128,0.0075,0.011
13.04.2021 08:35:33.215 GMT-0500,71.252,71.128,0.011,0.011
13.04.2021 08:35:34.274 GMT-0500,71.252,71.078,0.011,0.011
13.04.2021 08:35:34.339 GMT-0500,71.24300000000001,71.087,0.011,0.011
13.04.2021 08:35:34.728 GMT-0500,71.253,71.027,0.011,0.011
13.04.2021 08:35:34.778 GMT-0500,71.252,71.098,0.011,0.011
13.04.2021 08:35:35.232 GMT-0500,71.252,71.14800000000001,0.011,0.0075
13.04.2021 08:35:35.383 GMT-0500,71.253,71.087,0.011,0.011
13.04.2021 08:35:35.433 GMT-0500,71.202,71.08800000000001,0.011,0.011
13.04.2021 08:35:35.484 GMT-0500,71.252,71.08800000000001,0.011,0.011
13.04.2021 08:35:36.003 GMT-0500,71.252,71.158,0.011,0.0075
13.04.2021 08:35:37.025 GMT-0500,71.253,71.107,0.011,0.011
13.04.2021 08:35:37.120 GMT-0500,71.193,71.117,0.0075,0.0075
13.04.2021 08:35:37.170 GMT-0500,71.192,71.108,0.011,0.011
13.04.2021 08:35:38.180 GMT-0500,71.113,71.037,0.0075,0.011
13.04.2021 08:35:38.230 GMT-0500,71.113,71.027,0.011,0.011
13.04.2021 08:35:38.330 GMT-0500,71.112,70.988,0.011,0.011
13.04.2021 08:35:38.416 GMT-0500,71.112,70.998,0.011,0.0075
13.04.2021 08:35:38.824 GMT-0500,71.112,70.998,0.011,0.011
13.04.2021 08:35:39.027 GMT-0500,71.113,70.997,0.011,0.011
13.04.2021 08:35:39.239 GMT-0500,71.122,70.998,0.011,0.011
13.04.2021 08:35:39.366 GMT-0500,71.122,71.082,0.011,0.0075
13.04.2021 08:35:39.416 GMT-0500,71.122,71.028,0.011,0.011
13.04.2021 08:35:39.953 GMT-0500,71.123,71.087,0.0008,0.0075
13.04.2021 08:35:40.003 GMT-0500,71.162,71.08800000000001,0.011,0.011
13.04.2021 08:35:40.938 GMT-0500,71.21300000000001,71.027,0.011,0.011
13.04.2021 08:35:41.417 GMT-0500,71.203,71.027,0.0008,0.011
13.04.2021 08:35:41.518 GMT-0500,71.21300000000001,71.107,0.011,0.011
13.04.2021 08:35:42.669 GMT-0500,71.192,71.108,0.0008,0.0075
13.04.2021 08:35:42.720 GMT-0500,71.202,71.028,0.011,0.011
13.04.2021 08:35:42.770 GMT-0500,71.123,71.007,0.011,0.011
13.04.2021 08:35:44.428 GMT-0500,71.123,71.007,0.011,0.011
13.04.2021 08:35:44.670 GMT-0500,71.123,71.047,0.011,0.0075
13.04.2021 08:35:44.866 GMT-0500,71.123,71.037,0.011,0.011
13.04.2021 08:35:45.025 GMT-0500,71.122,71.078,0.011,0.011
13.04.2021 08:35:45.076 GMT-0500,71.122,71.038,0.011,0.011
13.04.2021 08:35:45.551 GMT-0500,71.122,71.038,0.0075,0.011
13.04.2021 08:35:45.601 GMT-0500,71.183,71.087,0.011,0.011
13.04.2021 08:35:46.033 GMT-0500,71.143,71.087,0.0008,0.0075
13.04.2021 08:35:46.084 GMT-0500,71.172,71.00800000000001,0.011,0.011
13.04.2021 08:35:46.526 GMT-0500,71.173,71.037,0.011,0.0075
13.04.2021 08:35:46.783 GMT-0500,71.163,71.047,0.0075,0.0075
13.04.2021 08:35:46.834 GMT-0500,71.172,71.038,0.011,0.011
13.04.2021 08:35:47.217 GMT-0500,71.10300000000001,71.007,0.011,0.011
13.04.2021 08:35:47.375 GMT-0500,71.102,70.94800000000001,0.011,0.011
13.04.2021 08:35:47.503 GMT-0500,71.102,70.958,0.011,0.0075
13.04.2021 08:35:47.604 GMT-0500,71.10300000000001,70.947,0.011,0.011
13.04.2021 08:35:48.889 GMT-0500,71.10300000000001,70.957,0.011,0.0075
13.04.2021 08:35:48.939 GMT-0500,71.10300000000001,70.947,0.011,0.011
13.04.2021 08:35:49.380 GMT-0500,71.082,70.94800000000001,0.0075,0.011
13.04.2021 08:35:49.647 GMT-0500,71.083,70.957,0.011,0.0075
13.04.2021 08:35:49.856 GMT-0500,71.083,70.947,0.011,0.011
13.04.2021 08:35:50.967 GMT-0500,71.083,70.957,0.011,0.011
13.04.2021 08:35:51.017 GMT-0500,71.082,70.94800000000001,0.011,0.011
13.04.2021 08:35:51.079 GMT-0500,71.052,70.94800000000001,0.0075,0.011
13.04.2021 08:35:53.668 GMT-0500,71.043,70.957,0.011,0.0075
13.04.2021 08:35:53.768 GMT-0500,71.043,70.947,0.011,0.011
13.04.2021 08:35:55.226 GMT-0500,71.022,70.94800000000001,0.0075,0.011
13.04.2021 08:35:55.277 GMT-0500,71.012,70.86800000000001,0.011,0.011
13.04.2021 08:35:56.405 GMT-0500,71.012,70.878,0.011,0.0075
13.04.2021 08:35:56.664 GMT-0500,71.022,70.86800000000001,0.011,0.011
13.04.2021 08:35:57.286 GMT-0500,71.012,70.878,0.0075,0.0075
13.04.2021 08:35:57.534 GMT-0500,71.022,70.86800000000001,0.011,0.011
13.04.2021 08:35:57.614 GMT-0500,70.962,70.858,0.011,0.011
13.04.2021 08:35:57.664 GMT-0500,71.02300000000001,70.857,0.011,0.011
13.04.2021 08:35:58.112 GMT-0500,70.933,70.867,0.0075,0.0075
13.04.2021 08:35:58.163 GMT-0500,70.932,70.858,0.011,0.011
13.04.2021 08:36:00.185 GMT-0500,71.003,70.857,0.011,0.011
13.04.2021 08:36:00.413 GMT-0500,71.003,70.927,0.011,0.0075
13.04.2021 08:36:00.463 GMT-0500,71.002,70.918,0.011,0.011
13.04.2021 08:36:00.614 GMT-0500,71.082,70.918,0.011,0.011
13.04.2021 08:36:00.664 GMT-0500,71.052,70.918,0.011,0.011
13.04.2021 08:36:01.079 GMT-0500,71.042,70.918,0.011,0.011
13.04.2021 08:36:01.199 GMT-0500,71.053,70.917,0.011,0.011
13.04.2021 08:36:02.013 GMT-0500,71.043,70.917,0.011,0.011
13.04.2021 08:36:03.048 GMT-0500,71.053,70.917,0.011,0.011
13.04.2021 08:36:03.099 GMT-0500,71.052,70.918,0.011,0.011
13.04.2021 08:36:03.834 GMT-0500,71.053,70.927,0.011,0.0075
13.04.2021 08:36:03.935 GMT-0500,71.053,70.917,0.011,0.011
13.04.2021 08:36:05.339 GMT-0500,70.992,70.928,0.0075,0.0075
13.04.2021 08:36:05.390 GMT-0500,71.052,70.918,0.011,0.011
13.04.2021 08:36:05.528 GMT-0500,70.983,70.917,0.0008,0.011
13.04.2021 08:36:05.579 GMT-0500,71.052,70.918,0.011,0.011
13.04.2021 08:36:05.885 GMT-0500,71.043,70.917,0.0008,0.011
13.04.2021 08:36:05.985 GMT-0500,71.053,70.917,0.011,0.011
13.04.2021 08:36:06.528 GMT-0500,71.053,70.917,0.011,0.011
13.04.2021 08:36:06.579 GMT-0500,71.052,70.918,0.011,0.011
13.04.2021 08:36:06.870 GMT-0500,71.043,70.917,0.011,0.011
13.04.2021 08:36:08.017 GMT-0500,71.033,70.917,0.0008,0.011
13.04.2021 08:36:08.118 GMT-0500,71.043,70.917,0.011,0.011
13.04.2021 08:36:08.168 GMT-0500,71.043,70.977,0.011,0.011
13.04.2021 08:36:08.218 GMT-0500,71.042,70.928,0.011,0.011
13.04.2021 08:36:08.907 GMT-0500,71.042,70.928,0.011,0.011
13.04.2021 08:36:08.957 GMT-0500,71.043,70.927,0.011,0.011
13.04.2021 08:36:09.187 GMT-0500,71.042,70.918,0.011,0.011
13.04.2021 08:36:10.264 GMT-0500,71.043,70.927,0.011,0.0075
13.04.2021 08:36:10.314 GMT-0500,71.043,70.917,0.011,0.011
13.04.2021 08:36:12.151 GMT-0500,71.042,70.918,0.011,0.011
13.04.2021 08:36:12.201 GMT-0500,71.043,70.917,0.011,0.011
13.04.2021 08:36:12.804 GMT-0500,71.042,70.918,0.011,0.011
13.04.2021 08:36:13.022 GMT-0500,71.043,70.917,0.011,0.011
13.04.2021 08:36:13.613 GMT-0500,71.032,70.918,0.0008,0.0075
13.04.2021 08:36:13.846 GMT-0500,71.02300000000001,70.987,0.011,0.011
13.04.2021 08:36:13.896 GMT-0500,71.043,70.977,0.011,0.011
13.04.2021 08:36:14.358 GMT-0500,71.042,70.988,0.011,0.0075
13.04.2021 08:36:14.633 GMT-0500,71.043,70.977,0.011,0.011
13.04.2021 08:36:14.770 GMT-0500,71.043,70.987,0.0008,0.0075
13.04.2021 08:36:14.821 GMT-0500,71.052,70.988,0.011,0.011
13.04.2021 08:36:14.921 GMT-0500,71.052,70.968,0.011,0.011
13.04.2021 08:36:19.892 GMT-0500,71.083,71.017,0.011,0.011
13.04.2021 08:36:19.942 GMT-0500,71.162,70.988,0.011,0.011
13.04.2021 08:36:19.993 GMT-0500,71.162,70.97800000000001,0.011,0.011
13.04.2021 08:36:20.043 GMT-0500,71.142,70.97800000000001,0.011,0.011
13.04.2021 08:36:20.447 GMT-0500,71.142,70.988,0.011,0.011
13.04.2021 08:36:20.602 GMT-0500,71.102,70.988,0.011,0.011
13.04.2021 08:36:21.063 GMT-0500,71.142,70.988,0.011,0.011
13.04.2021 08:36:21.323 GMT-0500,71.13300000000001,70.987,0.0008,0.011
13.04.2021 08:36:21.423 GMT-0500,71.143,70.987,0.011,0.011
13.04.2021 08:36:21.616 GMT-0500,71.102,70.998,0.0075,0.0075
13.04.2021 08:36:21.666 GMT-0500,71.142,70.998,0.011,0.011
13.04.2021 08:36:22.458 GMT-0500,71.142,71.00800000000001,0.011,0.0075
13.04.2021 08:36:23.797 GMT-0500,71.192,70.998,0.011,0.011
13.04.2021 08:36:23.873 GMT-0500,71.192,70.998,0.011,0.011
13.04.2021 08:36:23.923 GMT-0500,71.203,71.037,0.011,0.011
13.04.2021 08:36:24.064 GMT-0500,71.153,71.037,0.0075,0.011
13.04.2021 08:36:24.114 GMT-0500,71.202,71.038,0.011,0.011
13.04.2021 08:36:24.167 GMT-0500,71.203,71.037,0.011,0.011
13.04.2021 08:36:24.334 GMT-0500,71.202,70.998,0.011,0.011
13.04.2021 08:36:24.410 GMT-0500,71.203,71.047,0.011,0.0075
13.04.2021 08:36:24.795 GMT-0500,71.152,71.048,0.0075,0.011
13.04.2021 08:36:24.845 GMT-0500,71.173,71.047,0.011,0.011
13.04.2021 08:36:25.021 GMT-0500,71.172,71.128,0.0008,0.0075
13.04.2021 08:36:25.071 GMT-0500,71.182,71.048,0.011,0.011
13.04.2021 08:36:25.121 GMT-0500,71.252,71.14800000000001,0.011,0.011
13.04.2021 08:36:25.172 GMT-0500,71.253,71.047,0.011,0.011
13.04.2021 08:36:25.257 GMT-0500,71.252,71.078,0.011,0.0075
13.04.2021 08:36:25.974 GMT-0500,71.242,71.078,0.0008,0.011
13.04.2021 08:36:26.075 GMT-0500,71.253,71.157,0.011,0.011
13.04.2021 08:36:26.557 GMT-0500,71.252,71.098,0.011,0.011
13.04.2021 08:36:26.753 GMT-0500,71.252,71.098,0.011,0.011
13.04.2021 08:36:26.854 GMT-0500,71.242,71.168,0.011,0.011
13.04.2021 08:36:27.034 GMT-0500,71.252,71.168,0.011,0.011
13.04.2021 08:36:27.152 GMT-0500,71.253,71.177,0.011,0.0075
13.04.2021 08:36:27.203 GMT-0500,71.252,71.108,0.011,0.011
13.04.2021 08:36:27.473 GMT-0500,71.193,71.107,0.0075,0.011
13.04.2021 08:36:27.574 GMT-0500,71.253,71.107,0.011,0.011
13.04.2021 08:36:27.624 GMT-0500,71.183,71.107,0.011,0.011
13.04.2021 08:36:27.674 GMT-0500,71.252,71.078,0.011,0.011
13.04.2021 08:36:27.725 GMT-0500,71.263,71.067,0.011,0.011
13.04.2021 08:36:27.790 GMT-0500,71.222,71.068,0.011,0.011
13.04.2021 08:36:27.841 GMT-0500,71.223,71.037,0.011,0.011
13.04.2021 08:36:28.546 GMT-0500,71.212,71.138,0.0075,0.0075
13.04.2021 08:36:28.596 GMT-0500,71.222,71.038,0.011,0.011
13.04.2021 08:36:29.616 GMT-0500,71.21300000000001,71.047,0.0075,0.0075
13.04.2021 08:36:29.716 GMT-0500,71.223,71.047,0.011,0.011
13.04.2021 08:36:29.767 GMT-0500,71.223,71.037,0.011,0.011
13.04.2021 08:36:30.430 GMT-0500,71.21300000000001,71.037,0.0008,0.011
13.04.2021 08:36:30.595 GMT-0500,71.223,71.037,0.011,0.011
13.04.2021 08:36:31.216 GMT-0500,71.21300000000001,71.037,0.0008,0.011
13.04.2021 08:36:32.008 GMT-0500,71.21300000000001,71.057,0.0008,0.011
13.04.2021 08:36:32.058 GMT-0500,71.222,71.058,0.011,0.011
13.04.2021 08:36:32.689 GMT-0500,71.212,71.068,0.0075,0.0075
13.04.2021 08:36:32.805 GMT-0500,71.222,71.058,0.011,0.011
13.04.2021 08:36:33.987 GMT-0500,71.212,71.068,0.0075,0.0075
13.04.2021 08:36:34.239 GMT-0500,71.142,71.068,0.0008,0.011
13.04.2021 08:36:34.289 GMT-0500,71.142,71.058,0.011,0.011
13.04.2021 08:36:34.687 GMT-0500,71.142,71.108,0.0008,0.0075
13.04.2021 08:36:34.738 GMT-0500,71.173,71.007,0.011,0.011
13.04.2021 08:36:34.788 GMT-0500,71.203,71.137,0.011,0.011
13.04.2021 08:36:34.838 GMT-0500,71.202,71.078,0.011,0.011
13.04.2021 08:36:35.104 GMT-0500,71.202,71.08800000000001,0.011,0.0075
13.04.2021 08:36:35.415 GMT-0500,71.203,71.077,0.011,0.011
13.04.2021 08:36:36.165 GMT-0500,71.252,71.08800000000001,0.011,0.011
13.04.2021 08:36:36.266 GMT-0500,71.262,71.078,0.011,0.011
13.04.2021 08:36:36.737 GMT-0500,71.252,71.078,0.0008,0.011
13.04.2021 08:36:36.898 GMT-0500,71.263,71.087,0.011,0.011
13.04.2021 08:36:37.217 GMT-0500,71.262,71.108,0.011,0.0075
13.04.2021 08:36:37.318 GMT-0500,71.242,71.108,0.011,0.011
13.04.2021 08:36:37.706 GMT-0500,71.242,71.108,0.011,0.011
13.04.2021 08:36:37.757 GMT-0500,71.242,71.108,0.011,0.011
13.04.2021 08:36:38.000 GMT-0500,71.263,71.107,0.011,0.011
13.04.2021 08:36:38.050 GMT-0500,71.313,71.207,0.011,0.011
13.04.2021 08:36:38.151 GMT-0500,71.332,71.208,0.011,0.011
13.04.2021 08:36:38.201 GMT-0500,71.332,71.22800000000001,0.011,0.011
13.04.2021 08:36:39.040 GMT-0500,71.333,71.207,0.011,0.011
13.04.2021 08:36:39.138 GMT-0500,71.32300000000001,71.207,0.0075,0.011
13.04.2021 08:36:39.295 GMT-0500,71.333,71.207,0.011,0.011
13.04.2021 08:36:39.637 GMT-0500,71.282,71.208,0.0075,0.011
13.04.2021 08:36:39.688 GMT-0500,71.333,71.207,0.011,0.011
13.04.2021 08:36:40.987 GMT-0500,71.322,71.218,0.0075,0.0075
13.04.2021 08:36:41.038 GMT-0500,71.332,71.218,0.011,0.011
13.04.2021 08:36:41.483 GMT-0500,71.332,71.218,0.011,0.011
13.04.2021 08:36:41.583 GMT-0500,71.32300000000001,71.217,0.011,0.011
13.04.2021 08:36:41.976 GMT-0500,71.255,71.218,0.0008,0.011
13.04.2021 08:36:42.026 GMT-0500,71.342,71.128,0.011,0.011
13.04.2021 08:36:42.077 GMT-0500,71.343,71.137,0.011,0.011
13.04.2021 08:36:42.324 GMT-0500,71.263,71.147,0.011,0.011
13.04.2021 08:36:42.374 GMT-0500,71.32300000000001,71.147,0.011,0.011
13.04.2021 08:36:42.425 GMT-0500,71.32300000000001,71.157,0.011,0.011
13.04.2021 08:36:43.296 GMT-0500,71.253,71.157,0.011,0.011
13.04.2021 08:36:43.447 GMT-0500,71.24300000000001,71.107,0.011,0.011
13.04.2021 08:36:43.498 GMT-0500,71.252,71.108,0.011,0.011
13.04.2021 08:36:43.548 GMT-0500,71.253,71.117,0.011,0.011
13.04.2021 08:36:44.102 GMT-0500,71.253,71.167,0.011,0.0075
13.04.2021 08:36:46.225 GMT-0500,71.19500000000001,71.167,0.0075,0.011
13.04.2021 08:36:46.338 GMT-0500,71.222,71.168,0.011,0.011
13.04.2021 08:36:46.622 GMT-0500,71.252,71.168,0.011,0.011
13.04.2021 08:36:46.799 GMT-0500,71.24300000000001,71.167,0.0008,0.011
13.04.2021 08:36:46.899 GMT-0500,71.253,71.167,0.011,0.011
13.04.2021 08:36:47.160 GMT-0500,71.182,71.11800000000001,0.011,0.011
13.04.2021 08:36:47.210 GMT-0500,71.153,71.037,0.011,0.011
13.04.2021 08:36:47.361 GMT-0500,71.143,71.037,0.011,0.011
13.04.2021 08:36:47.468 GMT-0500,71.113,71.027,0.0075,0.011
13.04.2021 08:36:47.518 GMT-0500,71.112,71.028,0.011,0.011
13.04.2021 08:36:47.980 GMT-0500,71.152,71.038,0.011,0.011
13.04.2021 08:36:48.030 GMT-0500,71.152,71.028,0.011,0.011
13.04.2021 08:36:49.035 GMT-0500,71.102,71.028,0.0008,0.011
13.04.2021 08:36:49.086 GMT-0500,71.10300000000001,71.027,0.011,0.011
13.04.2021 08:36:49.194 GMT-0500,71.153,71.077,0.011,0.011
13.04.2021 08:36:49.245 GMT-0500,71.153,71.027,0.011,0.011
13.04.2021 08:36:49.734 GMT-0500,71.123,71.037,0.011,0.011
13.04.2021 08:36:49.786 GMT-0500,71.153,71.037,0.011,0.011
13.04.2021 08:36:49.837 GMT-0500,71.152,71.078,0.011,0.011
13.04.2021 08:36:49.937 GMT-0500,71.21300000000001,71.127,0.011,0.011
13.04.2021 08:36:49.988 GMT-0500,71.203,71.127,0.011,0.011
13.04.2021 08:36:50.038 GMT-0500,71.21300000000001,71.127,0.011,0.011
13.04.2021 08:36:50.139 GMT-0500,71.252,71.178,0.011,0.011
13.04.2021 08:36:50.189 GMT-0500,71.303,71.177,0.011,0.011
13.04.2021 08:36:50.289 GMT-0500,71.313,71.167,0.011,0.011
13.04.2021 08:36:50.946 GMT-0500,71.302,71.168,0.011,0.011
13.04.2021 08:36:51.112 GMT-0500,71.313,71.167,0.011,0.011
13.04.2021 08:36:51.190 GMT-0500,71.24300000000001,71.167,0.0075,0.011
13.04.2021 08:36:51.290 GMT-0500,71.24300000000001,71.117,0.011,0.011
13.04.2021 08:36:51.514 GMT-0500,71.292,71.14800000000001,0.011,0.011
13.04.2021 08:36:51.900 GMT-0500,71.21300000000001,71.147,0.011,0.011
13.04.2021 08:36:51.951 GMT-0500,71.222,71.14800000000001,0.011,0.011
13.04.2021 08:36:52.407 GMT-0500,71.193,71.147,0.0075,0.011
13.04.2021 08:36:52.809 GMT-0500,71.223,71.147,0.011,0.011
13.04.2021 08:36:52.878 GMT-0500,71.193,71.147,0.0008,0.011
13.04.2021 08:36:52.928 GMT-0500,71.202,71.14800000000001,0.011,0.011
13.04.2021 08:36:52.979 GMT-0500,71.272,71.14800000000001,0.011,0.011
13.04.2021 08:36:53.171 GMT-0500,71.223,71.147,0.0075,0.011
13.04.2021 08:36:53.222 GMT-0500,71.283,71.147,0.011,0.011
13.04.2021 08:36:53.749 GMT-0500,71.272,71.14800000000001,0.0075,0.011
13.04.2021 08:36:53.850 GMT-0500,71.283,71.187,0.011,0.011
13.04.2021 08:36:55.066 GMT-0500,71.263,71.187,0.011,0.011
13.04.2021 08:36:55.393 GMT-0500,71.263,71.157,0.011,0.011
13.04.2021 08:36:56.434 GMT-0500,71.262,71.14800000000001,0.0075,0.011
13.04.2021 08:36:56.484 GMT-0500,71.35300000000001,71.207,0.011,0.011
13.04.2021 08:36:56.534 GMT-0500,71.27300000000001,71.207,0.011,0.011
13.04.2021 08:36:56.585 GMT-0500,71.283,71.207,0.011,0.011
13.04.2021 08:37:00.227 GMT-0500,71.343,71.207,0.011,0.011
13.04.2021 08:37:00.343 GMT-0500,71.352,71.208,0.011,0.011
13.04.2021 08:37:00.596 GMT-0500,71.303,71.207,0.0008,0.011
13.04.2021 08:37:00.696 GMT-0500,71.373,71.207,0.011,0.011
13.04.2021 08:37:00.747 GMT-0500,71.352,71.208,0.011,0.011
13.04.2021 08:37:01.369 GMT-0500,71.302,71.218,0.0075,0.0075
13.04.2021 08:37:01.419 GMT-0500,71.373,71.217,0.011,0.011
13.04.2021 08:37:01.469 GMT-0500,71.35300000000001,71.217,0.011,0.011
13.04.2021 08:37:01.520 GMT-0500,71.352,71.208,0.011,0.011
13.04.2021 08:37:03.535 GMT-0500,71.343,71.207,0.0008,0.011
13.04.2021 08:37:03.635 GMT-0500,71.35300000000001,71.207,0.011,0.011
13.04.2021 08:37:04.278 GMT-0500,71.343,71.217,0.0075,0.0075
13.04.2021 08:37:04.379 GMT-0500,71.352,71.208,0.011,0.011
13.04.2021 08:37:04.825 GMT-0500,71.352,71.298,0.011,0.0075
13.04.2021 08:37:05.470 GMT-0500,71.352,71.22800000000001,0.011,0.011
13.04.2021 08:37:06.090 GMT-0500,71.352,71.22800000000001,0.011,0.011
13.04.2021 08:37:06.262 GMT-0500,71.352,71.22800000000001,0.011,0.011
13.04.2021 08:37:06.974 GMT-0500,71.35300000000001,71.237,0.0008,0.0075
13.04.2021 08:37:07.025 GMT-0500,71.423,71.227,0.011,0.011
13.04.2021 08:37:07.488 GMT-0500,71.422,71.298,0.011,0.0075
13.04.2021 08:37:08.017 GMT-0500,71.423,71.227,0.011,0.011
13.04.2021 08:37:08.826 GMT-0500,71.412,71.238,0.0075,0.0075
13.04.2021 08:37:08.926 GMT-0500,71.423,71.227,0.011,0.011
13.04.2021 08:37:09.810 GMT-0500,71.432,71.22800000000001,0.011,0.011
13.04.2021 08:37:09.861 GMT-0500,71.403,71.227,0.011,0.011
13.04.2021 08:37:10.364 GMT-0500,71.393,71.227,0.0008,0.011
13.04.2021 08:37:10.464 GMT-0500,71.403,71.227,0.011,0.011
13.04.2021 08:37:10.515 GMT-0500,71.412,71.22800000000001,0.011,0.011
13.04.2021 08:37:10.573 GMT-0500,71.382,71.22800000000001,0.0008,0.011
13.04.2021 08:37:12.918 GMT-0500,71.373,71.237,0.0075,0.0075
13.04.2021 08:37:13.156 GMT-0500,71.38300000000001,71.227,0.011,0.011
13.04.2021 08:37:14.063 GMT-0500,71.382,71.19800000000001,0.011,0.011
13.04.2021 08:37:14.113 GMT-0500,71.373,71.247,0.011,0.011
13.04.2021 08:37:14.184 GMT-0500,71.38300000000001,71.237,0.011,0.011
13.04.2021 08:37:14.739 GMT-0500,71.373,71.237,0.011,0.011
13.04.2021 08:37:14.789 GMT-0500,71.38300000000001,71.237,0.011,0.011
13.04.2021 08:37:16.023 GMT-0500,71.373,71.237,0.0008,0.011
13.04.2021 08:37:16.192 GMT-0500,71.382,71.238,0.011,0.011
13.04.2021 08:37:17.324 GMT-0500,71.382,71.288,0.011,0.0075
13.04.2021 08:37:17.374 GMT-0500,71.373,71.207,0.011,0.011
13.04.2021 08:37:17.425 GMT-0500,71.38300000000001,71.227,0.011,0.011
13.04.2021 08:37:17.821 GMT-0500,71.382,71.22800000000001,0.011,0.011
13.04.2021 08:37:17.872 GMT-0500,71.38300000000001,71.197,0.011,0.011
13.04.2021 08:37:17.922 GMT-0500,71.38300000000001,71.217,0.011,0.011
13.04.2021 08:37:18.448 GMT-0500,71.382,71.218,0.011,0.011
13.04.2021 08:37:19.028 GMT-0500,71.373,71.207,0.011,0.011
13.04.2021 08:37:19.078 GMT-0500,71.38300000000001,71.227,0.011,0.011
13.04.2021 08:37:19.802 GMT-0500,71.333,71.227,0.0008,0.011
13.04.2021 08:37:19.903 GMT-0500,71.332,71.238,0.011,0.011
13.04.2021 08:37:19.953 GMT-0500,71.283,71.177,0.011,0.011
13.04.2021 08:37:20.149 GMT-0500,71.282,71.168,0.011,0.011
13.04.2021 08:37:23.095 GMT-0500,71.252,71.168,0.011,0.011
13.04.2021 08:37:23.145 GMT-0500,71.263,71.167,0.011,0.011
13.04.2021 08:37:25.024 GMT-0500,71.262,71.178,0.011,0.011
13.04.2021 08:37:25.074 GMT-0500,71.263,71.167,0.011,0.011
13.04.2021 08:37:25.125 GMT-0500,71.363,71.167,0.011,0.011
13.04.2021 08:37:25.175 GMT-0500,71.32300000000001,71.167,0.011,0.011
13.04.2021 08:37:25.287 GMT-0500,71.313,71.167,0.0075,0.011
13.04.2021 08:37:25.389 GMT-0500,71.32300000000001,71.167,0.011,0.011
13.04.2021 08:37:26.659 GMT-0500,71.312,71.168,0.0075,0.011
13.04.2021 08:37:26.710 GMT-0500,71.322,71.168,0.011,0.011
13.04.2021 08:37:27.175 GMT-0500,71.313,71.177,0.0075,0.0075
13.04.2021 08:37:27.596 GMT-0500,71.32300000000001,71.167,0.011,0.011
13.04.2021 08:37:28.491 GMT-0500,71.313,71.177,0.011,0.011
13.04.2021 08:37:28.593 GMT-0500,71.322,71.238,0.011,0.011
13.04.2021 08:37:28.995 GMT-0500,71.32300000000001,71.167,0.011,0.011
13.04.2021 08:37:29.649 GMT-0500,71.313,71.177,0.011,0.011
13.04.2021 08:37:29.757 GMT-0500,71.283,71.127,0.011,0.011
13.04.2021 08:37:29.808 GMT-0500,71.283,71.157,0.011,0.011
13.04.2021 08:37:29.968 GMT-0500,71.32300000000001,71.157,0.011,0.011
13.04.2021 08:37:30.473 GMT-0500,71.32300000000001,71.157,0.011,0.011
13.04.2021 08:37:30.573 GMT-0500,71.32300000000001,71.157,0.011,0.011
13.04.2021 08:37:31.998 GMT-0500,71.322,71.158,0.011,0.011
13.04.2021 08:37:32.098 GMT-0500,71.322,71.158,0.011,0.011
13.04.2021 08:37:32.199 GMT-0500,71.32300000000001,71.137,0.011,0.011
13.04.2021 08:37:32.249 GMT-0500,71.322,71.178,0.011,0.011
13.04.2021 08:37:32.508 GMT-0500,71.32300000000001,71.137,0.011,0.011
13.04.2021 08:37:32.850 GMT-0500,71.322,71.138,0.011,0.011
13.04.2021 08:37:32.900 GMT-0500,71.322,71.188,0.011,0.011
13.04.2021 08:37:33.385 GMT-0500,71.322,71.238,0.011,0.0075
13.04.2021 08:37:33.486 GMT-0500,71.32300000000001,71.137,0.011,0.011
13.04.2021 08:37:33.556 GMT-0500,71.322,71.178,0.011,0.0075
13.04.2021 08:37:34.393 GMT-0500,71.32300000000001,71.177,0.011,0.011
13.04.2021 08:37:34.912 GMT-0500,71.322,71.188,0.011,0.011
13.04.2021 08:37:35.061 GMT-0500,71.322,71.238,0.011,0.0075
13.04.2021 08:37:35.314 GMT-0500,71.32300000000001,71.187,0.011,0.011
13.04.2021 08:37:35.604 GMT-0500,71.322,71.25800000000001,0.011,0.0075
13.04.2021 08:37:35.655 GMT-0500,71.363,71.257,0.011,0.011
13.04.2021 08:37:35.755 GMT-0500,71.373,71.227,0.011,0.011
13.04.2021 08:37:35.806 GMT-0500,71.363,71.227,0.011,0.011
13.04.2021 08:37:36.290 GMT-0500,71.363,71.237,0.011,0.0075
13.04.2021 08:37:36.391 GMT-0500,71.362,71.22800000000001,0.011,0.011
13.04.2021 08:37:36.508 GMT-0500,71.332,71.22800000000001,0.0008,0.011
13.04.2021 08:37:36.559 GMT-0500,71.332,71.218,0.011,0.011
13.04.2021 08:37:36.896 GMT-0500,71.333,71.227,0.011,0.011
13.04.2021 08:37:37.062 GMT-0500,71.332,71.218,0.011,0.011
13.04.2021 08:37:37.667 GMT-0500,71.343,71.227,0.011,0.011
13.04.2021 08:37:37.773 GMT-0500,71.342,71.188,0.011,0.011
13.04.2021 08:37:37.823 GMT-0500,71.343,71.237,0.011,0.011
13.04.2021 08:37:39.317 GMT-0500,71.342,71.238,0.011,0.011
13.04.2021 08:37:39.417 GMT-0500,71.342,71.238,0.011,0.011
13.04.2021 08:37:39.642 GMT-0500,71.413,71.237,0.011,0.011
13.04.2021 08:37:40.057 GMT-0500,71.403,71.237,0.0008,0.011
13.04.2021 08:37:40.107 GMT-0500,71.412,71.238,0.011,0.011
13.04.2021 08:37:40.157 GMT-0500,71.413,71.317,0.011,0.011
13.04.2021 08:37:40.598 GMT-0500,71.402,71.318,0.0075,0.011
13.04.2021 08:37:40.649 GMT-0500,71.373,71.237,0.011,0.011
13.04.2021 08:37:40.749 GMT-0500,71.372,71.268,0.011,0.011
13.04.2021 08:37:40.889 GMT-0500,71.372,71.25800000000001,0.011,0.011
13.04.2021 08:37:40.939 GMT-0500,71.372,71.318,0.011,0.011
13.04.2021 08:37:41.128 GMT-0500,71.372,71.268,0.011,0.011
13.04.2021 08:37:41.295 GMT-0500,71.373,71.267,0.011,0.011
13.04.2021 08:37:41.396 GMT-0500,71.372,71.268,0.011,0.011
13.04.2021 08:37:41.594 GMT-0500,71.373,71.267,0.0075,0.011
13.04.2021 08:37:41.644 GMT-0500,71.433,71.267,0.011,0.011
13.04.2021 08:37:41.745 GMT-0500,71.38300000000001,71.247,0.011,0.011
13.04.2021 08:37:43.409 GMT-0500,71.35300000000001,71.267,0.0008,0.011
13.04.2021 08:37:45.100 GMT-0500,71.35300000000001,71.277,0.011,0.011
13.04.2021 08:37:45.414 GMT-0500,71.352,71.268,0.011,0.011
13.04.2021 08:37:46.053 GMT-0500,71.352,71.278,0.011,0.0075
13.04.2021 08:37:46.217 GMT-0500,71.352,71.268,0.011,0.011
13.04.2021 08:37:46.737 GMT-0500,71.352,71.278,0.011,0.0075
13.04.2021 08:37:46.977 GMT-0500,71.35300000000001,71.267,0.011,0.011
13.04.2021 08:37:47.685 GMT-0500,71.35300000000001,71.327,0.0008,0.0075
13.04.2021 08:37:47.735 GMT-0500,71.392,71.268,0.011,0.011
13.04.2021 08:37:47.901 GMT-0500,71.392,71.33800000000001,0.0008,0.0075
13.04.2021 08:37:47.952 GMT-0500,71.453,71.357,0.011,0.011
13.04.2021 08:37:48.002 GMT-0500,71.393,71.317,0.011,0.011
13.04.2021 08:37:48.134 GMT-0500,71.392,71.33800000000001,0.011,0.0075
13.04.2021 08:37:48.234 GMT-0500,71.473,71.337,0.011,0.011
13.04.2021 08:37:48.287 GMT-0500,71.472,71.348,0.011,0.0075
13.04.2021 08:37:48.337 GMT-0500,71.472,71.33800000000001,0.011,0.011
13.04.2021 08:37:48.465 GMT-0500,71.472,71.348,0.011,0.0075
13.04.2021 08:37:48.516 GMT-0500,71.473,71.337,0.011,0.011
13.04.2021 08:37:48.601 GMT-0500,71.472,71.25800000000001,0.011,0.011
13.04.2021 08:37:48.840 GMT-0500,71.473,71.297,0.011,0.0075
13.04.2021 08:37:48.944 GMT-0500,71.462,71.308,0.0075,0.0075
13.04.2021 08:37:49.371 GMT-0500,71.413,71.297,0.0008,0.011
13.04.2021 08:37:49.960 GMT-0500,71.413,71.297,0.011,0.011
13.04.2021 08:37:50.061 GMT-0500,71.413,71.297,0.011,0.011
13.04.2021 08:37:51.868 GMT-0500,71.412,71.308,0.011,0.011
13.04.2021 08:37:51.918 GMT-0500,71.413,71.297,0.011,0.011
13.04.2021 08:37:52.971 GMT-0500,71.422,71.298,0.011,0.011
13.04.2021 08:37:53.082 GMT-0500,71.422,71.308,0.011,0.0075
13.04.2021 08:37:53.132 GMT-0500,71.492,71.308,0.011,0.011
13.04.2021 08:37:53.233 GMT-0500,71.503,71.267,0.011,0.011
13.04.2021 08:37:53.283 GMT-0500,71.502,71.328,0.011,0.011
13.04.2021 08:37:53.934 GMT-0500,71.502,71.39800000000001,0.011,0.0075
13.04.2021 08:37:54.118 GMT-0500,71.49300000000001,71.397,0.0008,0.011
13.04.2021 08:37:54.168 GMT-0500,71.503,71.397,0.011,0.011
13.04.2021 08:37:55.591 GMT-0500,71.492,71.39800000000001,0.0075,0.011
13.04.2021 08:37:55.692 GMT-0500,71.503,71.397,0.011,0.011
13.04.2021 08:37:56.624 GMT-0500,71.49300000000001,71.397,0.011,0.011
13.04.2021 08:37:56.862 GMT-0500,71.502,71.39800000000001,0.011,0.011
13.04.2021 08:37:57.396 GMT-0500,71.503,71.347,0.011,0.011
13.04.2021 08:37:57.447 GMT-0500,71.46300000000001,71.347,0.011,0.011
13.04.2021 08:37:58.187 GMT-0500,71.46300000000001,71.357,0.011,0.011
13.04.2021 08:37:58.404 GMT-0500,71.46300000000001,71.347,0.011,0.011
13.04.2021 08:37:58.504 GMT-0500,71.502,71.348,0.011,0.011
13.04.2021 08:37:59.016 GMT-0500,71.502,71.358,0.011,0.011
13.04.2021 08:37:59.139 GMT-0500,71.503,71.347,0.011,0.011
13.04.2021 08:37:59.263 GMT-0500,71.452,71.348,0.011,0.011
13.04.2021 08:37:59.314 GMT-0500,71.49300000000001,71.317,0.011,0.011
13.04.2021 08:37:59.364 GMT-0500,71.483,71.317,0.011,0.011
13.04.2021 08:37:59.548 GMT-0500,71.382,71.308,0.011,0.011
13.04.2021 08:37:59.706 GMT-0500,71.402,71.308,0.011,0.011
13.04.2021 08:37:59.795 GMT-0500,71.492,71.308,0.011,0.011
13.04.2021 08:37:59.845 GMT-0500,71.473,71.307,0.011,0.011
13.04.2021 08:37:59.970 GMT-0500,71.472,71.348,0.011,0.011
13.04.2021 08:38:00.083 GMT-0500,71.413,71.347,0.011,0.011
13.04.2021 08:38:00.605 GMT-0500,71.412,71.268,0.011,0.011
13.04.2021 08:38:00.655 GMT-0500,71.413,71.297,0.011,0.011
13.04.2021 08:38:00.756 GMT-0500,71.492,71.378,0.011,0.011
13.04.2021 08:38:00.923 GMT-0500,71.503,71.377,0.011,0.011
13.04.2021 08:38:01.159 GMT-0500,71.432,71.36800000000001,0.011,0.011
13.04.2021 08:38:01.260 GMT-0500,71.432,71.378,0.011,0.011
13.04.2021 08:38:01.705 GMT-0500,71.433,71.367,0.011,0.011
13.04.2021 08:38:01.990 GMT-0500,71.533,71.367,0.011,0.011
13.04.2021 08:38:02.041 GMT-0500,71.443,71.367,0.011,0.011
13.04.2021 08:38:02.091 GMT-0500,71.532,71.36800000000001,0.011,0.011
13.04.2021 08:38:02.141 GMT-0500,71.503,71.367,0.011,0.011
13.04.2021 08:38:02.251 GMT-0500,71.442,71.36800000000001,0.011,0.011
13.04.2021 08:38:02.602 GMT-0500,71.49300000000001,71.367,0.011,0.011
13.04.2021 08:38:03.754 GMT-0500,71.482,71.36800000000001,0.0075,0.011
13.04.2021 08:38:03.862 GMT-0500,71.442,71.36800000000001,0.011,0.011
13.04.2021 08:38:04.404 GMT-0500,71.413,71.277,0.0075,0.011
13.04.2021 08:38:04.455 GMT-0500,71.413,71.297,0.011,0.011
13.04.2021 08:38:04.820 GMT-0500,71.442,71.298,0.011,0.011
13.04.2021 08:38:05.736 GMT-0500,71.443,71.297,0.011,0.011
13.04.2021 08:38:06.471 GMT-0500,71.443,71.317,0.011,0.011
13.04.2021 08:38:07.317 GMT-0500,71.433,71.317,0.0008,0.011
13.04.2021 08:38:07.367 GMT-0500,71.443,71.367,0.011,0.011
13.04.2021 08:38:07.421 GMT-0500,71.402,71.268,0.0075,0.011
13.04.2021 08:38:07.472 GMT-0500,71.423,71.287,0.011,0.011
13.04.2021 08:38:07.586 GMT-0500,71.462,71.268,0.011,0.011
13.04.2021 08:38:07.687 GMT-0500,71.452,71.308,0.011,0.011
13.04.2021 08:38:07.737 GMT-0500,71.46300000000001,71.307,0.011,0.011
13.04.2021 08:38:09.168 GMT-0500,71.462,71.278,0.011,0.011
13.04.2021 08:38:09.238 GMT-0500,71.46300000000001,71.327,0.011,0.011
13.04.2021 08:38:11.793 GMT-0500,71.46300000000001,71.337,0.011,0.0075
13.04.2021 08:38:12.043 GMT-0500,71.46300000000001,71.327,0.011,0.011
13.04.2021 08:38:13.356 GMT-0500,71.46300000000001,71.337,0.011,0.011
13.04.2021 08:38:13.528 GMT-0500,71.46300000000001,71.327,0.011,0.011
13.04.2021 08:38:14.172 GMT-0500,71.46300000000001,71.327,0.011,0.011
13.04.2021 08:38:14.272 GMT-0500,71.46300000000001,71.337,0.011,0.011
13.04.2021 08:38:14.638 GMT-0500,71.462,71.328,0.011,0.011
13.04.2021 08:38:15.051 GMT-0500,71.462,71.33800000000001,0.011,0.0075
13.04.2021 08:38:15.152 GMT-0500,71.462,71.328,0.011,0.011
13.04.2021 08:38:15.459 GMT-0500,71.412,71.328,0.0075,0.011
13.04.2021 08:38:15.514 GMT-0500,71.46300000000001,71.327,0.011,0.011
13.04.2021 08:38:17.081 GMT-0500,71.442,71.328,0.0008,0.011
13.04.2021 08:38:17.182 GMT-0500,71.46300000000001,71.327,0.011,0.011
13.04.2021 08:38:17.363 GMT-0500,71.462,71.33800000000001,0.011,0.011
13.04.2021 08:38:17.502 GMT-0500,71.46300000000001,71.327,0.011,0.011
13.04.2021 08:38:18.084 GMT-0500,71.462,71.33800000000001,0.011,0.011
13.04.2021 08:38:18.135 GMT-0500,71.46300000000001,71.327,0.011,0.011
13.04.2021 08:38:18.635 GMT-0500,71.462,71.33800000000001,0.011,0.011
13.04.2021 08:38:18.736 GMT-0500,71.462,71.328,0.011,0.011
13.04.2021 08:38:18.939 GMT-0500,71.462,71.33800000000001,0.011,0.0075
13.04.2021 08:38:18.990 GMT-0500,71.46300000000001,71.327,0.011,0.011
13.04.2021 08:38:19.088 GMT-0500,71.443,71.327,0.0008,0.011
13.04.2021 08:38:19.138 GMT-0500,71.462,71.328,0.011,0.011
13.04.2021 08:38:19.192 GMT-0500,71.46300000000001,71.327,0.011,0.011
13.04.2021 08:38:19.243 GMT-0500,71.46300000000001,71.387,0.011,0.011
13.04.2021 08:38:21.520 GMT-0500,71.452,71.388,0.011,0.011
13.04.2021 08:38:21.848 GMT-0500,71.462,71.388,0.011,0.011
13.04.2021 08:38:23.708 GMT-0500,71.462,71.418,0.011,0.0075
13.04.2021 08:38:23.758 GMT-0500,71.46300000000001,71.387,0.011,0.011
13.04.2021 08:38:24.186 GMT-0500,71.443,71.387,0.011,0.011
13.04.2021 08:38:24.301 GMT-0500,71.432,71.388,0.0075,0.011
13.04.2021 08:38:27.172 GMT-0500,71.452,71.388,0.011,0.011
13.04.2021 08:38:30.125 GMT-0500,71.423,71.387,0.011,0.011
13.04.2021 08:38:30.175 GMT-0500,71.402,71.328,0.011,0.011
13.04.2021 08:38:30.275 GMT-0500,71.413,71.367,0.011,0.011
13.04.2021 08:38:30.326 GMT-0500,71.413,71.307,0.011,0.011
13.04.2021 08:38:30.731 GMT-0500,71.412,71.36800000000001,0.011,0.011
13.04.2021 08:38:30.852 GMT-0500,71.412,71.308,0.011,0.011
13.04.2021 08:38:32.096 GMT-0500,71.413,71.307,0.011,0.011
13.04.2021 08:38:32.196 GMT-0500,71.412,71.308,0.011,0.011
13.04.2021 08:38:33.154 GMT-0500,71.413,71.317,0.011,0.0075
13.04.2021 08:38:33.348 GMT-0500,71.412,71.308,0.011,0.011
13.04.2021 08:38:33.634 GMT-0500,71.393,71.307,0.0075,0.011
13.04.2021 08:38:33.685 GMT-0500,71.453,71.307,0.011,0.011
13.04.2021 08:38:34.330 GMT-0500,71.442,71.318,0.0075,0.0075
13.04.2021 08:38:34.431 GMT-0500,71.452,71.308,0.011,0.011
13.04.2021 08:38:35.881 GMT-0500,71.453,71.307,0.011,0.011
13.04.2021 08:38:36.038 GMT-0500,71.453,71.327,0.011,0.011
13.04.2021 08:38:37.146 GMT-0500,71.452,71.33800000000001,0.011,0.0075
13.04.2021 08:38:37.512 GMT-0500,71.453,71.327,0.011,0.011
13.04.2021 08:38:37.948 GMT-0500,71.422,71.378,0.0075,0.0075
13.04.2021 08:38:37.998 GMT-0500,71.452,71.378,0.011,0.011
13.04.2021 08:38:38.085 GMT-0500,71.453,71.287,0.011,0.011
13.04.2021 08:38:38.135 GMT-0500,71.432,71.268,0.011,0.011
13.04.2021 08:38:38.236 GMT-0500,71.453,71.307,0.011,0.011
13.04.2021 08:38:38.367 GMT-0500,71.433,71.307,0.0008,0.011
13.04.2021 08:38:39.253 GMT-0500,71.452,71.308,0.011,0.011
13.04.2021 08:38:39.338 GMT-0500,71.443,71.307,0.0008,0.011
13.04.2021 08:38:39.489 GMT-0500,71.453,71.307,0.011,0.011
13.04.2021 08:38:39.540 GMT-0500,71.452,71.388,0.011,0.011
13.04.2021 08:38:39.590 GMT-0500,71.453,71.317,0.011,0.011
13.04.2021 08:38:40.178 GMT-0500,71.453,71.317,0.011,0.011
13.04.2021 08:38:40.695 GMT-0500,71.412,71.328,0.0008,0.011
13.04.2021 08:38:40.745 GMT-0500,71.452,71.328,0.011,0.011
13.04.2021 08:38:40.968 GMT-0500,71.452,71.33800000000001,0.011,0.0075
13.04.2021 08:38:41.069 GMT-0500,71.452,71.378,0.011,0.011
13.04.2021 08:38:41.307 GMT-0500,71.453,71.377,0.0075,0.011
13.04.2021 08:38:41.357 GMT-0500,71.46300000000001,71.397,0.011,0.011
13.04.2021 08:38:41.408 GMT-0500,71.462,71.388,0.011,0.011
13.04.2021 08:38:41.469 GMT-0500,71.46300000000001,71.407,0.011,0.0075
13.04.2021 08:38:41.520 GMT-0500,71.462,71.39800000000001,0.011,0.011
13.04.2021 08:38:41.791 GMT-0500,71.46300000000001,71.387,0.011,0.011
13.04.2021 08:38:42.136 GMT-0500,71.462,71.348,0.011,0.011
13.04.2021 08:38:43.709 GMT-0500,71.46300000000001,71.357,0.011,0.0075
13.04.2021 08:38:43.810 GMT-0500,71.46300000000001,71.347,0.011,0.011
13.04.2021 08:38:45.278 GMT-0500,71.462,71.33800000000001,0.011,0.011
13.04.2021 08:38:45.352 GMT-0500,71.462,71.358,0.011,0.0075
13.04.2021 08:38:46.124 GMT-0500,71.462,71.36800000000001,0.011,0.011
13.04.2021 08:38:46.175 GMT-0500,71.462,71.358,0.011,0.011
13.04.2021 08:38:46.767 GMT-0500,71.462,71.36800000000001,0.011,0.0075
13.04.2021 08:38:46.935 GMT-0500,71.462,71.358,0.011,0.011
13.04.2021 08:38:47.062 GMT-0500,71.482,71.358,0.011,0.011
13.04.2021 08:38:47.208 GMT-0500,71.492,71.358,0.011,0.011
13.04.2021 08:38:47.258 GMT-0500,71.473,71.357,0.011,0.011
13.04.2021 08:38:47.309 GMT-0500,71.482,71.358,0.011,0.011
13.04.2021 08:38:47.529 GMT-0500,71.52300000000001,71.357,0.011,0.011
13.04.2021 08:38:47.579 GMT-0500,71.52300000000001,71.387,0.011,0.011
13.04.2021 08:38:47.884 GMT-0500,71.522,71.358,0.011,0.011
13.04.2021 08:38:48.549 GMT-0500,71.52300000000001,71.367,0.011,0.011
13.04.2021 08:38:48.599 GMT-0500,71.52300000000001,71.357,0.011,0.011
13.04.2021 08:38:48.987 GMT-0500,71.532,71.358,0.011,0.011
13.04.2021 08:38:49.976 GMT-0500,71.533,71.357,0.011,0.011
13.04.2021 08:38:50.193 GMT-0500,71.532,71.33800000000001,0.011,0.011
13.04.2021 08:38:50.244 GMT-0500,71.533,71.367,0.011,0.011
13.04.2021 08:38:51.303 GMT-0500,71.522,71.378,0.0075,0.0075
13.04.2021 08:38:51.354 GMT-0500,71.533,71.367,0.011,0.011
13.04.2021 08:38:51.896 GMT-0500,71.522,71.36800000000001,0.0008,0.011
13.04.2021 08:38:52.168 GMT-0500,71.532,71.36800000000001,0.011,0.011
13.04.2021 08:38:53.053 GMT-0500,71.52300000000001,71.367,0.0008,0.011
13.04.2021 08:38:53.208 GMT-0500,71.533,71.367,0.011,0.011
13.04.2021 08:38:53.778 GMT-0500,71.52300000000001,71.437,0.011,0.011
13.04.2021 08:38:53.828 GMT-0500,71.533,71.437,0.011,0.011
13.04.2021 08:38:54.718 GMT-0500,71.532,71.44800000000001,0.011,0.0075
13.04.2021 08:38:55.215 GMT-0500,71.532,71.438,0.011,0.011
13.04.2021 08:38:56.050 GMT-0500,71.473,71.427,0.011,0.011
13.04.2021 08:38:56.500 GMT-0500,71.532,71.428,0.011,0.011
13.04.2021 08:38:57.135 GMT-0500,71.483,71.427,0.011,0.011
13.04.2021 08:38:57.186 GMT-0500,71.532,71.428,0.011,0.011
13.04.2021 08:38:57.529 GMT-0500,71.522,71.428,0.0075,0.011
13.04.2021 08:38:57.630 GMT-0500,71.533,71.447,0.011,0.011
13.04.2021 08:38:57.746 GMT-0500,71.533,71.427,0.011,0.011
13.04.2021 08:38:58.474 GMT-0500,71.46300000000001,71.428,0.0075,0.011
13.04.2021 08:38:58.524 GMT-0500,71.473,71.427,0.011,0.011
13.04.2021 08:38:59.272 GMT-0500,71.483,71.427,0.011,0.011
13.04.2021 08:38:59.996 GMT-0500,71.473,71.427,0.0008,0.011
13.04.2021 08:39:00.197 GMT-0500,71.522,71.438,0.011,0.011
13.04.2021 08:39:00.386 GMT-0500,71.46300000000001,71.427,0.0008,0.011
13.04.2021 08:39:00.436 GMT-0500,71.452,71.378,0.011,0.011
13.04.2021 08:39:00.486 GMT-0500,71.443,71.377,0.011,0.011
13.04.2021 08:39:00.537 GMT-0500,71.452,71.378,0.011,0.011
13.04.2021 08:39:01.214 GMT-0500,71.503,71.377,0.011,0.011
13.04.2021 08:39:02.090 GMT-0500,71.492,71.378,0.011,0.011
13.04.2021 08:39:02.159 GMT-0500,71.502,71.378,0.011,0.011
13.04.2021 08:39:02.280 GMT-0500,71.46300000000001,71.377,0.0008,0.011
13.04.2021 08:39:02.331 GMT-0500,71.503,71.377,0.011,0.011
13.04.2021 08:39:02.560 GMT-0500,71.462,71.378,0.011,0.011
13.04.2021 08:39:02.772 GMT-0500,71.473,71.377,0.011,0.011
13.04.2021 08:39:02.873 GMT-0500,71.503,71.377,0.011,0.011
13.04.2021 08:39:04.084 GMT-0500,71.46300000000001,71.397,0.0075,0.0075
13.04.2021 08:39:04.320 GMT-0500,71.453,71.317,0.0075,0.011
13.04.2021 08:39:04.370 GMT-0500,71.452,71.33800000000001,0.011,0.011
13.04.2021 08:39:06.185 GMT-0500,71.453,71.397,0.0008,0.0075
13.04.2021 08:39:06.236 GMT-0500,71.52300000000001,71.397,0.011,0.011
13.04.2021 08:39:06.301 GMT-0500,71.462,71.39800000000001,0.0008,0.011
13.04.2021 08:39:06.402 GMT-0500,71.52300000000001,71.397,0.011,0.011
13.04.2021 08:39:07.010 GMT-0500,71.443,71.327,0.0075,0.011
13.04.2021 08:39:07.061 GMT-0500,71.533,71.317,0.011,0.011
13.04.2021 08:39:07.118 GMT-0500,71.502,71.318,0.0075,0.011
13.04.2021 08:39:07.508 GMT-0500,71.49300000000001,71.337,0.0008,0.011
13.04.2021 08:39:07.559 GMT-0500,71.503,71.317,0.011,0.011
13.04.2021 08:39:07.609 GMT-0500,71.502,71.348,0.011,0.011
13.04.2021 08:39:07.859 GMT-0500,71.443,71.357,0.011,0.011
13.04.2021 08:39:07.909 GMT-0500,71.443,71.347,0.011,0.011
13.04.2021 08:39:08.385 GMT-0500,71.412,71.348,0.0075,0.011
13.04.2021 08:39:09.901 GMT-0500,71.423,71.347,0.011,0.011
13.04.2021 08:39:10.156 GMT-0500,71.422,71.348,0.011,0.011
13.04.2021 08:39:10.256 GMT-0500,71.52300000000001,71.367,0.011,0.011
13.04.2021 08:39:10.307 GMT-0500,71.472,71.36800000000001,0.011,0.011
13.04.2021 08:39:11.143 GMT-0500,71.462,71.36800000000001,0.0075,0.011
13.04.2021 08:39:11.279 GMT-0500,71.472,71.36800000000001,0.011,0.011
13.04.2021 08:39:11.780 GMT-0500,71.472,71.268,0.011,0.011
13.04.2021 08:39:11.830 GMT-0500,71.472,71.308,0.011,0.011
13.04.2021 08:39:12.033 GMT-0500,71.462,71.308,0.0008,0.011
13.04.2021 08:39:12.084 GMT-0500,71.472,71.268,0.011,0.011
13.04.2021 08:39:12.134 GMT-0500,71.472,71.298,0.011,0.011
13.04.2021 08:39:12.281 GMT-0500,71.403,71.297,0.011,0.011
13.04.2021 08:39:12.547 GMT-0500,71.482,71.298,0.011,0.011
13.04.2021 08:39:12.597 GMT-0500,71.46300000000001,71.297,0.011,0.011
13.04.2021 08:39:13.012 GMT-0500,71.403,71.297,0.0075,0.011
13.04.2021 08:39:13.063 GMT-0500,71.483,71.297,0.011,0.011
13.04.2021 08:39:13.113 GMT-0500,71.462,71.298,0.011,0.011
13.04.2021 08:39:13.571 GMT-0500,71.462,71.358,0.011,0.011
13.04.2021 08:39:13.822 GMT-0500,71.462,71.268,0.011,0.011
13.04.2021 08:39:13.872 GMT-0500,71.46300000000001,71.297,0.011,0.011
13.04.2021 08:39:14.213 GMT-0500,71.402,71.298,0.0008,0.011
13.04.2021 08:39:14.263 GMT-0500,71.46300000000001,71.297,0.011,0.011
13.04.2021 08:39:14.353 GMT-0500,71.462,71.358,0.011,0.0075
13.04.2021 08:39:14.454 GMT-0500,71.462,71.268,0.011,0.011
13.04.2021 08:39:14.504 GMT-0500,71.46300000000001,71.297,0.011,0.011
13.04.2021 08:39:16.093 GMT-0500,71.452,71.358,0.011,0.011
13.04.2021 08:39:16.225 GMT-0500,71.462,71.358,0.011,0.011
13.04.2021 08:39:17.509 GMT-0500,71.452,71.278,0.0075,0.011
13.04.2021 08:39:17.560 GMT-0500,71.46300000000001,71.297,0.011,0.011
13.04.2021 08:39:17.900 GMT-0500,71.473,71.297,0.011,0.011
13.04.2021 08:39:17.950 GMT-0500,71.442,71.298,0.011,0.011
13.04.2021 08:39:18.075 GMT-0500,71.392,71.298,0.011,0.011
13.04.2021 08:39:18.433 GMT-0500,71.393,71.347,0.011,0.0075
13.04.2021 08:39:18.569 GMT-0500,71.35300000000001,71.337,0.0008,0.0075
13.04.2021 08:39:18.619 GMT-0500,71.373,71.257,0.011,0.011
13.04.2021 08:39:18.670 GMT-0500,71.363,71.257,0.011,0.011
13.04.2021 08:39:21.082 GMT-0500,71.363,71.307,0.011,0.0075
13.04.2021 08:39:22.380 GMT-0500,71.363,71.257,0.011,0.011
13.04.2021 08:39:22.729 GMT-0500,71.362,71.268,0.011,0.011
13.04.2021 08:39:22.780 GMT-0500,71.362,71.25800000000001,0.011,0.011
13.04.2021 08:39:23.793 GMT-0500,71.352,71.25800000000001,0.0075,0.011
13.04.2021 08:39:23.843 GMT-0500,71.363,71.257,0.011,0.011
13.04.2021 08:39:24.185 GMT-0500,71.303,71.207,0.0075,0.011
13.04.2021 08:39:24.235 GMT-0500,71.363,71.197,0.011,0.011
13.04.2021 08:39:24.830 GMT-0500,71.362,71.248,0.011,0.011
13.04.2021 08:39:24.931 GMT-0500,71.362,71.278,0.011,0.011
13.04.2021 08:39:24.981 GMT-0500,71.362,71.268,0.011,0.011
13.04.2021 08:39:25.443 GMT-0500,71.333,71.267,0.0008,0.0075
13.04.2021 08:39:25.494 GMT-0500,71.312,71.208,0.011,0.011
13.04.2021 08:39:25.710 GMT-0500,71.313,71.197,0.011,0.011
13.04.2021 08:39:25.761 GMT-0500,71.32300000000001,71.197,0.011,0.011
13.04.2021 08:39:25.897 GMT-0500,71.303,71.197,0.0008,0.011
13.04.2021 08:39:26.476 GMT-0500,71.303,71.207,0.0008,0.0075
13.04.2021 08:39:26.526 GMT-0500,71.32300000000001,71.207,0.011,0.011
13.04.2021 08:39:26.641 GMT-0500,71.322,71.25800000000001,0.011,0.0075
13.04.2021 08:39:26.691 GMT-0500,71.322,71.208,0.011,0.011
13.04.2021 08:39:26.833 GMT-0500,71.322,71.25800000000001,0.011,0.0075
13.04.2021 08:39:26.933 GMT-0500,71.32300000000001,71.207,0.011,0.011
13.04.2021 08:39:27.901 GMT-0500,71.322,71.19800000000001,0.011,0.011
13.04.2021 08:39:28.564 GMT-0500,71.32300000000001,71.257,0.011,0.0075
13.04.2021 08:39:28.614 GMT-0500,71.32300000000001,71.207,0.011,0.011
13.04.2021 08:39:28.864 GMT-0500,71.322,71.218,0.011,0.0075
13.04.2021 08:39:29.193 GMT-0500,71.322,71.208,0.011,0.011
13.04.2021 08:39:29.337 GMT-0500,71.32300000000001,71.257,0.011,0.0075
13.04.2021 08:39:29.387 GMT-0500,71.322,71.208,0.011,0.011
13.04.2021 08:39:29.858 GMT-0500,71.32300000000001,71.287,0.0008,0.0075
13.04.2021 08:39:29.909 GMT-0500,71.363,71.277,0.011,0.011
13.04.2021 08:39:30.010 GMT-0500,71.32300000000001,71.207,0.011,0.011
13.04.2021 08:39:30.060 GMT-0500,71.362,71.288,0.011,0.011
13.04.2021 08:39:30.110 GMT-0500,71.363,71.277,0.011,0.011
13.04.2021 08:39:30.184 GMT-0500,71.362,71.288,0.011,0.0075
13.04.2021 08:39:30.285 GMT-0500,71.362,71.278,0.011,0.011
13.04.2021 08:39:30.732 GMT-0500,71.363,71.287,0.011,0.011
13.04.2021 08:39:30.833 GMT-0500,71.363,71.217,0.011,0.011
13.04.2021 08:39:31.586 GMT-0500,71.362,71.288,0.011,0.0075
13.04.2021 08:39:31.965 GMT-0500,71.362,71.288,0.0075,0.011
13.04.2021 08:39:32.015 GMT-0500,71.423,71.317,0.011,0.011
13.04.2021 08:39:32.157 GMT-0500,71.392,71.318,0.011,0.011
13.04.2021 08:39:32.208 GMT-0500,71.403,71.317,0.011,0.011
13.04.2021 08:39:32.430 GMT-0500,71.382,71.318,0.0008,0.0075
13.04.2021 08:39:32.481 GMT-0500,71.382,71.268,0.011,0.011
13.04.2021 08:39:32.581 GMT-0500,71.452,71.268,0.011,0.011
13.04.2021 08:39:32.952 GMT-0500,71.452,71.33800000000001,0.011,0.0075
13.04.2021 08:39:33.390 GMT-0500,71.482,71.268,0.011,0.011
13.04.2021 08:39:33.441 GMT-0500,71.432,71.268,0.011,0.011
13.04.2021 08:39:34.128 GMT-0500,71.423,71.277,0.0075,0.0075
13.04.2021 08:39:34.229 GMT-0500,71.433,71.267,0.011,0.011
13.04.2021 08:39:34.311 GMT-0500,71.433,71.347,0.011,0.011
13.04.2021 08:39:34.361 GMT-0500,71.432,71.33800000000001,0.011,0.011
13.04.2021 08:39:36.000 GMT-0500,71.433,71.267,0.011,0.011
13.04.2021 08:39:36.050 GMT-0500,71.433,71.277,0.011,0.011
13.04.2021 08:39:36.838 GMT-0500,71.433,71.287,0.011,0.0075
13.04.2021 08:39:37.180 GMT-0500,71.433,71.337,0.011,0.011
13.04.2021 08:39:37.526 GMT-0500,71.432,71.278,0.011,0.011
13.04.2021 08:39:38.051 GMT-0500,71.432,71.288,0.011,0.0075
13.04.2021 08:39:38.152 GMT-0500,71.432,71.278,0.011,0.011
13.04.2021 08:39:38.705 GMT-0500,71.432,71.278,0.011,0.011
13.04.2021 08:39:38.756 GMT-0500,71.433,71.347,0.011,0.011
13.04.2021 08:39:38.857 GMT-0500,71.432,71.278,0.011,0.011
13.04.2021 08:39:39.319 GMT-0500,71.432,71.268,0.011,0.011
13.04.2021 08:39:39.369 GMT-0500,71.432,71.298,0.011,0.011
13.04.2021 08:39:40.924 GMT-0500,71.433,71.297,0.011,0.011
13.04.2021 08:39:41.160 GMT-0500,71.433,71.297,0.011,0.011
13.04.2021 08:39:42.688 GMT-0500,71.393,71.297,0.0075,0.011
13.04.2021 08:39:42.789 GMT-0500,71.352,71.25800000000001,0.011,0.011
13.04.2021 08:39:42.839 GMT-0500,71.46300000000001,71.307,0.011,0.011
13.04.2021 08:39:42.890 GMT-0500,71.432,71.308,0.011,0.011
13.04.2021 08:39:43.461 GMT-0500,71.422,71.308,0.011,0.011
13.04.2021 08:39:43.575 GMT-0500,71.433,71.307,0.011,0.011
13.04.2021 08:39:43.925 GMT-0500,71.433,71.257,0.011,0.011
13.04.2021 08:39:43.975 GMT-0500,71.433,71.297,0.011,0.011
13.04.2021 08:39:44.351 GMT-0500,71.422,71.298,0.0075,0.011
13.04.2021 08:39:44.452 GMT-0500,71.433,71.297,0.011,0.011
13.04.2021 08:39:45.467 GMT-0500,71.423,71.297,0.0075,0.011
13.04.2021 08:39:45.568 GMT-0500,71.433,71.297,0.011,0.011
13.04.2021 08:39:45.895 GMT-0500,71.432,71.308,0.011,0.0075
13.04.2021 08:39:46.588 GMT-0500,71.382,71.308,0.0008,0.011
13.04.2021 08:39:46.738 GMT-0500,71.433,71.307,0.011,0.011
13.04.2021 08:39:46.922 GMT-0500,71.403,71.307,0.0075,0.011
13.04.2021 08:39:51.687 GMT-0500,71.35300000000001,71.307,0.011,0.011
13.04.2021 08:39:51.861 GMT-0500,71.322,71.22800000000001,0.0075,0.011
13.04.2021 08:39:51.912 GMT-0500,71.292,71.22800000000001,0.011,0.011
13.04.2021 08:39:52.225 GMT-0500,71.302,71.22800000000001,0.011,0.011
13.04.2021 08:39:52.746 GMT-0500,71.382,71.22800000000001,0.011,0.011
13.04.2021 08:39:52.797 GMT-0500,71.362,71.22800000000001,0.011,0.011
13.04.2021 08:39:52.954 GMT-0500,71.352,71.22800000000001,0.0075,0.011
13.04.2021 08:39:53.004 GMT-0500,71.363,71.227,0.011,0.011
13.04.2021 08:39:53.912 GMT-0500,71.363,71.257,0.011,0.0075
13.04.2021 08:39:54.089 GMT-0500,71.35300000000001,71.257,0.0075,0.011
13.04.2021 08:39:54.139 GMT-0500,71.313,71.207,0.011,0.011
13.04.2021 08:39:54.190 GMT-0500,71.363,71.207,0.011,0.011
13.04.2021 08:39:54.338 GMT-0500,71.363,71.207,0.011,0.011
13.04.2021 08:39:54.861 GMT-0500,71.352,71.25800000000001,0.0075,0.011
13.04.2021 08:39:54.961 GMT-0500,71.362,71.25800000000001,0.011,0.011
13.04.2021 08:39:55.650 GMT-0500,71.303,71.187,0.011,0.011
13.04.2021 08:39:56.029 GMT-0500,71.362,71.188,0.011,0.011
13.04.2021 08:39:56.305 GMT-0500,71.352,71.188,0.0008,0.011
13.04.2021 08:39:56.483 GMT-0500,71.363,71.187,0.011,0.011
13.04.2021 08:39:56.772 GMT-0500,71.302,71.188,0.0008,0.011
13.04.2021 08:39:57.054 GMT-0500,71.35300000000001,71.197,0.011,0.011
13.04.2021 08:39:57.109 GMT-0500,71.363,71.187,0.011,0.011
13.04.2021 08:39:57.160 GMT-0500,71.363,71.207,0.011,0.011
13.04.2021 08:39:57.359 GMT-0500,71.363,71.277,0.011,0.011
13.04.2021 08:39:57.410 GMT-0500,71.363,71.207,0.011,0.011
13.04.2021 08:39:57.460 GMT-0500,71.32300000000001,71.207,0.011,0.011
