Local time,Ask,Bid,AskVolume,BidVolume
06.04.2021 08:30:01.066 GMT-0500,79.653,78.717,0.001,0.001
06.04.2021 08:30:14.487 GMT-0500,79.422,79.298,0.001,0.001
06.04.2021 08:30:14.577 GMT-0500,79.433,79.297,0.001,0.001
06.04.2021 08:30:15.154 GMT-0500,79.422,79.318,0.001,0.001
06.04.2021 08:30:15.241 GMT-0500,79.432,79.318,0.001,0.001
06.04.2021 08:30:15.292 GMT-0500,79.432,79.298,0.001,0.001
06.04.2021 08:30:16.686 GMT-0500,79.432,79.218,0.001,0.001
06.04.2021 08:30:16.736 GMT-0500,79.432,79.318,0.001,0.001
06.04.2021 08:30:16.963 GMT-0500,79.532,79.348,0.001,0.001
06.04.2021 08:30:17.063 GMT-0500,79.423,79.317,0.001,0.001
06.04.2021 08:30:18.481 GMT-0500,79.422,79.328,0.001,0.001
06.04.2021 08:30:18.720 GMT-0500,79.533,79.317,0.001,0.001
06.04.2021 08:30:19.473 GMT-0500,79.452,79.218,0.001,0.001
06.04.2021 08:30:19.524 GMT-0500,79.462,79.218,0.001,0.001
06.04.2021 08:30:19.574 GMT-0500,79.462,79.328,0.001,0.001
06.04.2021 08:30:19.624 GMT-0500,79.46300000000001,79.217,0.001,0.001
06.04.2021 08:30:20.053 GMT-0500,79.413,79.297,0.001,0.001
06.04.2021 08:30:20.104 GMT-0500,79.46300000000001,79.297,0.001,0.001
06.04.2021 08:30:21.780 GMT-0500,79.46300000000001,79.307,0.001,0.001
06.04.2021 08:30:21.890 GMT-0500,79.442,79.308,0.001,0.001
06.04.2021 08:30:22.185 GMT-0500,79.442,79.318,0.001,0.001
06.04.2021 08:30:22.344 GMT-0500,79.432,79.318,0.001,0.001
06.04.2021 08:30:25.789 GMT-0500,79.452,79.318,0.001,0.001
06.04.2021 08:30:25.860 GMT-0500,79.452,79.308,0.001,0.001
06.04.2021 08:30:26.098 GMT-0500,79.453,79.327,0.001,0.001
06.04.2021 08:30:27.127 GMT-0500,79.452,79.408,0.001,0.001
06.04.2021 08:30:27.177 GMT-0500,79.452,79.358,0.001,0.001
06.04.2021 08:30:27.228 GMT-0500,79.452,79.33800000000001,0.001,0.001
06.04.2021 08:30:27.461 GMT-0500,79.452,79.328,0.001,0.001
06.04.2021 08:30:27.774 GMT-0500,79.452,79.33800000000001,0.001,0.001
06.04.2021 08:30:27.998 GMT-0500,79.452,79.358,0.001,0.001
06.04.2021 08:30:29.273 GMT-0500,79.452,79.348,0.001,0.001
06.04.2021 08:30:29.589 GMT-0500,79.46300000000001,79.347,0.001,0.001
06.04.2021 08:30:29.660 GMT-0500,79.46300000000001,79.337,0.001,0.001
06.04.2021 08:30:30.255 GMT-0500,79.46300000000001,79.367,0.001,0.001
06.04.2021 08:30:30.964 GMT-0500,79.46300000000001,79.347,0.001,0.001
06.04.2021 08:30:31.014 GMT-0500,79.46300000000001,79.357,0.001,0.001
06.04.2021 08:30:31.065 GMT-0500,79.462,79.348,0.001,0.001
06.04.2021 08:30:31.512 GMT-0500,79.453,79.347,0.001,0.001
06.04.2021 08:30:32.491 GMT-0500,79.453,79.337,0.001,0.001
06.04.2021 08:30:32.995 GMT-0500,79.453,79.327,0.001,0.001
06.04.2021 08:30:33.488 GMT-0500,79.473,79.347,0.001,0.001
06.04.2021 08:30:33.616 GMT-0500,79.462,79.358,0.001,0.001
06.04.2021 08:30:34.014 GMT-0500,79.472,79.358,0.001,0.001
06.04.2021 08:30:34.226 GMT-0500,79.473,79.347,0.001,0.001
06.04.2021 08:30:37.326 GMT-0500,79.472,79.358,0.001,0.001
06.04.2021 08:30:37.569 GMT-0500,79.472,79.348,0.001,0.001
06.04.2021 08:30:37.667 GMT-0500,79.462,79.348,0.001,0.001
06.04.2021 08:30:37.895 GMT-0500,79.452,79.33800000000001,0.001,0.001
06.04.2021 08:30:38.035 GMT-0500,79.462,79.358,0.001,0.001
06.04.2021 08:30:38.136 GMT-0500,79.452,79.358,0.001,0.001
06.04.2021 08:30:38.287 GMT-0500,79.452,79.348,0.001,0.001
06.04.2021 08:30:38.810 GMT-0500,79.452,79.358,0.001,0.001
06.04.2021 08:30:39.171 GMT-0500,79.472,79.358,0.001,0.001
06.04.2021 08:30:39.312 GMT-0500,79.473,79.347,0.001,0.001
06.04.2021 08:30:40.089 GMT-0500,79.492,79.39800000000001,0.001,0.001
06.04.2021 08:30:40.238 GMT-0500,79.492,79.408,0.001,0.001
06.04.2021 08:30:40.979 GMT-0500,79.482,79.378,0.001,0.001
06.04.2021 08:30:41.243 GMT-0500,79.49300000000001,79.367,0.001,0.001
06.04.2021 08:30:41.294 GMT-0500,79.473,79.367,0.001,0.001
06.04.2021 08:30:41.476 GMT-0500,79.482,79.36800000000001,0.001,0.001
06.04.2021 08:30:41.537 GMT-0500,79.49300000000001,79.367,0.001,0.001
06.04.2021 08:30:42.396 GMT-0500,79.49300000000001,79.377,0.001,0.001
06.04.2021 08:30:42.480 GMT-0500,79.502,79.378,0.001,0.001
06.04.2021 08:30:42.530 GMT-0500,79.483,79.387,0.001,0.001
06.04.2021 08:30:42.681 GMT-0500,79.482,79.408,0.001,0.001
06.04.2021 08:30:42.875 GMT-0500,79.473,79.407,0.001,0.001
06.04.2021 08:30:42.944 GMT-0500,79.483,79.407,0.001,0.001
06.04.2021 08:30:43.076 GMT-0500,79.483,79.387,0.001,0.001
06.04.2021 08:30:43.135 GMT-0500,79.483,79.407,0.001,0.001
06.04.2021 08:30:43.967 GMT-0500,79.472,79.408,0.001,0.001
06.04.2021 08:30:44.539 GMT-0500,79.49300000000001,79.407,0.001,0.001
06.04.2021 08:30:44.592 GMT-0500,79.473,79.407,0.001,0.001
06.04.2021 08:30:44.719 GMT-0500,79.482,79.408,0.001,0.001
06.04.2021 08:30:44.954 GMT-0500,79.49300000000001,79.407,0.001,0.001
06.04.2021 08:30:45.064 GMT-0500,79.483,79.407,0.001,0.001
06.04.2021 08:30:45.338 GMT-0500,79.49300000000001,79.407,0.001,0.001
06.04.2021 08:30:47.882 GMT-0500,79.482,79.408,0.001,0.001
06.04.2021 08:30:48.616 GMT-0500,79.492,79.408,0.001,0.001
06.04.2021 08:30:51.421 GMT-0500,79.503,79.407,0.001,0.001
06.04.2021 08:30:51.506 GMT-0500,79.492,79.408,0.001,0.001
06.04.2021 08:30:51.811 GMT-0500,79.482,79.408,0.001,0.001
06.04.2021 08:30:55.139 GMT-0500,79.472,79.408,0.001,0.001
06.04.2021 08:30:55.617 GMT-0500,79.482,79.408,0.001,0.001
06.04.2021 08:30:56.492 GMT-0500,79.473,79.407,0.001,0.001
06.04.2021 08:30:56.637 GMT-0500,79.432,79.358,0.001,0.001
06.04.2021 08:30:56.687 GMT-0500,79.433,79.387,0.001,0.001
06.04.2021 08:30:56.738 GMT-0500,79.432,79.378,0.001,0.001
06.04.2021 08:30:56.924 GMT-0500,79.442,79.36800000000001,0.001,0.001
06.04.2021 08:30:58.264 GMT-0500,79.402,79.33800000000001,0.001,0.001
06.04.2021 08:30:58.402 GMT-0500,79.413,79.337,0.001,0.001
06.04.2021 08:30:58.612 GMT-0500,79.423,79.337,0.001,0.001
06.04.2021 08:30:59.097 GMT-0500,79.443,79.367,0.001,0.001
06.04.2021 08:30:59.371 GMT-0500,79.442,79.358,0.001,0.001
06.04.2021 08:31:00.074 GMT-0500,79.433,79.337,0.001,0.001
06.04.2021 08:31:00.148 GMT-0500,79.432,79.328,0.001,0.001
06.04.2021 08:31:00.198 GMT-0500,79.433,79.337,0.001,0.001
06.04.2021 08:31:02.084 GMT-0500,79.462,79.378,0.001,0.001
06.04.2021 08:31:02.769 GMT-0500,79.453,79.357,0.001,0.001
06.04.2021 08:31:02.819 GMT-0500,79.442,79.358,0.001,0.001
06.04.2021 08:31:03.114 GMT-0500,79.453,79.357,0.001,0.001
06.04.2021 08:31:03.164 GMT-0500,79.442,79.358,0.001,0.001
06.04.2021 08:31:03.215 GMT-0500,79.442,79.33800000000001,0.001,0.001
06.04.2021 08:31:03.265 GMT-0500,79.442,79.348,0.001,0.001
06.04.2021 08:31:03.582 GMT-0500,79.432,79.33800000000001,0.001,0.001
06.04.2021 08:31:03.987 GMT-0500,79.432,79.328,0.001,0.001
06.04.2021 08:31:04.747 GMT-0500,79.432,79.348,0.001,0.001
06.04.2021 08:31:04.855 GMT-0500,79.443,79.327,0.001,0.001
06.04.2021 08:31:05.022 GMT-0500,79.443,79.337,0.001,0.001
06.04.2021 08:31:05.906 GMT-0500,79.462,79.36800000000001,0.001,0.001
06.04.2021 08:31:06.336 GMT-0500,79.473,79.367,0.001,0.001
06.04.2021 08:31:06.387 GMT-0500,79.452,79.36800000000001,0.001,0.001
06.04.2021 08:31:06.583 GMT-0500,79.452,79.358,0.001,0.001
06.04.2021 08:31:06.892 GMT-0500,79.462,79.348,0.001,0.001
06.04.2021 08:31:06.942 GMT-0500,79.462,79.358,0.001,0.001
06.04.2021 08:31:07.108 GMT-0500,79.452,79.378,0.001,0.001
06.04.2021 08:31:07.329 GMT-0500,79.462,79.378,0.001,0.001
06.04.2021 08:31:07.379 GMT-0500,79.453,79.377,0.001,0.001
06.04.2021 08:31:07.772 GMT-0500,79.462,79.378,0.001,0.001
06.04.2021 08:31:08.056 GMT-0500,79.453,79.377,0.001,0.001
06.04.2021 08:31:08.106 GMT-0500,79.46300000000001,79.377,0.001,0.001
06.04.2021 08:31:08.707 GMT-0500,79.452,79.378,0.001,0.001
06.04.2021 08:31:08.794 GMT-0500,79.46300000000001,79.377,0.001,0.001
06.04.2021 08:31:11.173 GMT-0500,79.443,79.377,0.001,0.001
06.04.2021 08:31:11.223 GMT-0500,79.452,79.378,0.001,0.001
06.04.2021 08:31:12.029 GMT-0500,79.402,79.33800000000001,0.001,0.001
06.04.2021 08:31:12.089 GMT-0500,79.412,79.33800000000001,0.001,0.001
06.04.2021 08:31:12.281 GMT-0500,79.432,79.33800000000001,0.001,0.001
06.04.2021 08:31:12.385 GMT-0500,79.422,79.318,0.001,0.001
06.04.2021 08:31:12.757 GMT-0500,79.432,79.318,0.001,0.001
06.04.2021 08:31:12.930 GMT-0500,79.412,79.318,0.001,0.001
06.04.2021 08:31:12.986 GMT-0500,79.422,79.318,0.001,0.001
06.04.2021 08:31:18.459 GMT-0500,79.412,79.318,0.001,0.001
06.04.2021 08:31:19.214 GMT-0500,79.423,79.317,0.001,0.001
06.04.2021 08:31:19.337 GMT-0500,79.413,79.317,0.001,0.001
06.04.2021 08:31:19.601 GMT-0500,79.403,79.317,0.001,0.001
06.04.2021 08:31:19.655 GMT-0500,79.412,79.318,0.001,0.001
06.04.2021 08:31:19.711 GMT-0500,79.412,79.298,0.001,0.001
06.04.2021 08:31:19.846 GMT-0500,79.413,79.307,0.001,0.001
06.04.2021 08:31:19.976 GMT-0500,79.413,79.297,0.001,0.001
06.04.2021 08:31:20.095 GMT-0500,79.412,79.288,0.001,0.001
06.04.2021 08:31:20.170 GMT-0500,79.412,79.298,0.001,0.001
06.04.2021 08:31:20.220 GMT-0500,79.413,79.287,0.001,0.001
06.04.2021 08:31:20.356 GMT-0500,79.412,79.308,0.001,0.001
06.04.2021 08:31:20.549 GMT-0500,79.423,79.307,0.001,0.001
06.04.2021 08:31:20.599 GMT-0500,79.413,79.307,0.001,0.001
06.04.2021 08:31:21.389 GMT-0500,79.412,79.298,0.001,0.001
06.04.2021 08:31:23.709 GMT-0500,79.412,79.308,0.001,0.001
06.04.2021 08:31:24.512 GMT-0500,79.403,79.307,0.001,0.001
06.04.2021 08:31:24.563 GMT-0500,79.402,79.298,0.001,0.001
06.04.2021 08:31:24.634 GMT-0500,79.392,79.298,0.001,0.001
06.04.2021 08:31:24.684 GMT-0500,79.402,79.298,0.001,0.001
06.04.2021 08:31:24.880 GMT-0500,79.403,79.287,0.001,0.001
06.04.2021 08:31:24.930 GMT-0500,79.402,79.298,0.001,0.001
06.04.2021 08:31:25.018 GMT-0500,79.403,79.287,0.001,0.001
06.04.2021 08:31:25.068 GMT-0500,79.372,79.268,0.001,0.001
06.04.2021 08:31:25.924 GMT-0500,79.342,79.268,0.001,0.001
06.04.2021 08:31:26.124 GMT-0500,79.343,79.257,0.001,0.001
06.04.2021 08:31:26.573 GMT-0500,79.343,79.267,0.001,0.001
06.04.2021 08:31:26.928 GMT-0500,79.363,79.257,0.001,0.001
06.04.2021 08:31:27.081 GMT-0500,79.363,79.247,0.001,0.001
06.04.2021 08:31:28.074 GMT-0500,79.363,79.257,0.001,0.001
06.04.2021 08:31:28.176 GMT-0500,79.363,79.247,0.001,0.001
06.04.2021 08:31:28.287 GMT-0500,79.312,79.248,0.001,0.001
06.04.2021 08:31:28.338 GMT-0500,79.332,79.248,0.001,0.001
06.04.2021 08:31:29.204 GMT-0500,79.322,79.248,0.001,0.001
06.04.2021 08:31:29.254 GMT-0500,79.313,79.227,0.001,0.001
06.04.2021 08:31:29.447 GMT-0500,79.322,79.22800000000001,0.001,0.001
06.04.2021 08:31:29.578 GMT-0500,79.333,79.227,0.001,0.001
06.04.2021 08:31:29.935 GMT-0500,79.303,79.227,0.001,0.001
06.04.2021 08:31:30.348 GMT-0500,79.293,79.207,0.001,0.001
06.04.2021 08:31:30.827 GMT-0500,79.282,79.188,0.001,0.001
06.04.2021 08:31:30.925 GMT-0500,79.27300000000001,79.187,0.001,0.001
06.04.2021 08:31:31.298 GMT-0500,79.27300000000001,79.197,0.001,0.001
06.04.2021 08:31:32.643 GMT-0500,79.272,79.178,0.001,0.001
06.04.2021 08:31:32.693 GMT-0500,79.272,79.19800000000001,0.001,0.001
06.04.2021 08:31:33.272 GMT-0500,79.27300000000001,79.187,0.001,0.001
06.04.2021 08:31:35.152 GMT-0500,79.272,79.178,0.001,0.001
06.04.2021 08:31:35.284 GMT-0500,79.27300000000001,79.187,0.001,0.001
06.04.2021 08:31:35.444 GMT-0500,79.263,79.187,0.001,0.001
06.04.2021 08:31:35.646 GMT-0500,79.272,79.188,0.001,0.001
06.04.2021 08:31:35.795 GMT-0500,79.262,79.188,0.001,0.001
06.04.2021 08:31:36.164 GMT-0500,79.27300000000001,79.187,0.001,0.001
06.04.2021 08:31:36.767 GMT-0500,79.293,79.187,0.001,0.001
06.04.2021 08:31:36.937 GMT-0500,79.27300000000001,79.177,0.001,0.001
06.04.2021 08:31:37.880 GMT-0500,79.283,79.177,0.001,0.001
06.04.2021 08:31:38.491 GMT-0500,79.282,79.188,0.001,0.001
06.04.2021 08:31:38.541 GMT-0500,79.282,79.178,0.001,0.001
06.04.2021 08:31:39.632 GMT-0500,79.283,79.187,0.001,0.001
06.04.2021 08:31:39.982 GMT-0500,79.272,79.178,0.001,0.001
06.04.2021 08:31:40.618 GMT-0500,79.282,79.178,0.001,0.001
06.04.2021 08:31:40.719 GMT-0500,79.27300000000001,79.177,0.001,0.001
06.04.2021 08:31:41.347 GMT-0500,79.24300000000001,79.177,0.001,0.001
06.04.2021 08:31:41.397 GMT-0500,79.272,79.178,0.001,0.001
06.04.2021 08:31:41.587 GMT-0500,79.272,79.168,0.001,0.001
06.04.2021 08:31:41.637 GMT-0500,79.272,79.178,0.001,0.001
06.04.2021 08:31:42.074 GMT-0500,79.272,79.168,0.001,0.001
06.04.2021 08:31:42.258 GMT-0500,79.283,79.167,0.001,0.001
06.04.2021 08:31:42.315 GMT-0500,79.27300000000001,79.177,0.001,0.001
06.04.2021 08:31:43.187 GMT-0500,79.27300000000001,79.207,0.001,0.001
06.04.2021 08:31:44.167 GMT-0500,79.282,79.208,0.001,0.001
06.04.2021 08:31:44.267 GMT-0500,79.292,79.208,0.001,0.001
06.04.2021 08:31:44.767 GMT-0500,79.283,79.207,0.001,0.001
06.04.2021 08:31:44.817 GMT-0500,79.293,79.207,0.001,0.001
06.04.2021 08:31:45.068 GMT-0500,79.283,79.207,0.001,0.001
06.04.2021 08:31:45.181 GMT-0500,79.293,79.207,0.001,0.001
06.04.2021 08:31:45.252 GMT-0500,79.283,79.207,0.001,0.001
06.04.2021 08:31:45.475 GMT-0500,79.303,79.207,0.001,0.001
06.04.2021 08:31:45.732 GMT-0500,79.292,79.22800000000001,0.001,0.001
06.04.2021 08:31:46.120 GMT-0500,79.302,79.22800000000001,0.001,0.001
06.04.2021 08:31:47.308 GMT-0500,79.293,79.227,0.001,0.001
06.04.2021 08:31:47.773 GMT-0500,79.283,79.227,0.001,0.001
06.04.2021 08:31:50.023 GMT-0500,79.292,79.22800000000001,0.001,0.001
06.04.2021 08:31:50.143 GMT-0500,79.283,79.227,0.001,0.001
06.04.2021 08:31:52.366 GMT-0500,79.24300000000001,79.187,0.001,0.001
06.04.2021 08:31:52.428 GMT-0500,79.253,79.187,0.001,0.001
06.04.2021 08:31:52.623 GMT-0500,79.272,79.188,0.001,0.001
06.04.2021 08:31:53.196 GMT-0500,79.282,79.188,0.001,0.001
06.04.2021 08:31:53.246 GMT-0500,79.283,79.197,0.001,0.001
06.04.2021 08:31:53.309 GMT-0500,79.283,79.187,0.001,0.001
06.04.2021 08:31:56.090 GMT-0500,79.282,79.178,0.001,0.001
06.04.2021 08:31:56.912 GMT-0500,79.292,79.178,0.001,0.001
06.04.2021 08:31:58.277 GMT-0500,79.292,79.188,0.001,0.001
06.04.2021 08:31:59.720 GMT-0500,79.293,79.177,0.001,0.001
06.04.2021 08:31:59.770 GMT-0500,79.282,79.178,0.001,0.001
06.04.2021 08:31:59.893 GMT-0500,79.283,79.187,0.001,0.001
06.04.2021 08:32:00.099 GMT-0500,79.292,79.188,0.001,0.001
06.04.2021 08:32:00.149 GMT-0500,79.282,79.188,0.001,0.001
06.04.2021 08:32:01.375 GMT-0500,79.293,79.187,0.001,0.001
06.04.2021 08:32:02.116 GMT-0500,79.292,79.208,0.001,0.001
06.04.2021 08:32:02.409 GMT-0500,79.283,79.207,0.001,0.001
06.04.2021 08:32:02.738 GMT-0500,79.292,79.208,0.001,0.001
06.04.2021 08:32:02.981 GMT-0500,79.282,79.208,0.001,0.001
06.04.2021 08:32:03.031 GMT-0500,79.293,79.207,0.001,0.001
06.04.2021 08:32:03.177 GMT-0500,79.283,79.207,0.001,0.001
06.04.2021 08:32:04.041 GMT-0500,79.292,79.208,0.001,0.001
06.04.2021 08:32:04.331 GMT-0500,79.283,79.207,0.001,0.001
06.04.2021 08:32:04.382 GMT-0500,79.293,79.207,0.001,0.001
06.04.2021 08:32:04.550 GMT-0500,79.262,79.208,0.001,0.001
06.04.2021 08:32:04.637 GMT-0500,79.292,79.208,0.001,0.001
06.04.2021 08:32:04.711 GMT-0500,79.263,79.207,0.001,0.001
06.04.2021 08:32:04.971 GMT-0500,79.293,79.257,0.001,0.001
06.04.2021 08:32:05.021 GMT-0500,79.343,79.267,0.001,0.001
06.04.2021 08:32:05.203 GMT-0500,79.363,79.287,0.001,0.001
06.04.2021 08:32:05.402 GMT-0500,79.362,79.278,0.001,0.001
06.04.2021 08:32:05.452 GMT-0500,79.373,79.287,0.001,0.001
06.04.2021 08:32:05.503 GMT-0500,79.382,79.288,0.001,0.001
06.04.2021 08:32:05.603 GMT-0500,79.392,79.288,0.001,0.001
06.04.2021 08:32:05.704 GMT-0500,79.392,79.278,0.001,0.001
06.04.2021 08:32:05.995 GMT-0500,79.403,79.327,0.001,0.001
06.04.2021 08:32:06.045 GMT-0500,79.452,79.318,0.001,0.001
06.04.2021 08:32:06.110 GMT-0500,79.442,79.328,0.001,0.001
06.04.2021 08:32:06.319 GMT-0500,79.433,79.317,0.001,0.001
06.04.2021 08:32:06.669 GMT-0500,79.442,79.318,0.001,0.001
06.04.2021 08:32:06.783 GMT-0500,79.443,79.307,0.001,0.001
06.04.2021 08:32:07.715 GMT-0500,79.442,79.318,0.001,0.001
06.04.2021 08:32:08.004 GMT-0500,79.443,79.297,0.001,0.001
06.04.2021 08:32:08.360 GMT-0500,79.443,79.337,0.001,0.001
06.04.2021 08:32:08.829 GMT-0500,79.413,79.337,0.001,0.001
06.04.2021 08:32:20.144 GMT-0500,79.403,79.337,0.001,0.001
06.04.2021 08:32:20.194 GMT-0500,79.372,79.288,0.001,0.001
06.04.2021 08:32:20.264 GMT-0500,79.382,79.288,0.001,0.001
06.04.2021 08:32:20.674 GMT-0500,79.373,79.287,0.001,0.001
06.04.2021 08:32:20.724 GMT-0500,79.38300000000001,79.287,0.001,0.001
06.04.2021 08:32:20.903 GMT-0500,79.38300000000001,79.277,0.001,0.001
06.04.2021 08:32:20.953 GMT-0500,79.342,79.278,0.001,0.001
06.04.2021 08:32:21.054 GMT-0500,79.332,79.25800000000001,0.001,0.001
06.04.2021 08:32:21.137 GMT-0500,79.333,79.247,0.001,0.001
06.04.2021 08:32:21.296 GMT-0500,79.342,79.238,0.001,0.001
06.04.2021 08:32:21.589 GMT-0500,79.342,79.22800000000001,0.001,0.001
06.04.2021 08:32:21.924 GMT-0500,79.32300000000001,79.227,0.001,0.001
06.04.2021 08:32:23.532 GMT-0500,79.312,79.238,0.001,0.001
06.04.2021 08:32:23.859 GMT-0500,79.313,79.227,0.001,0.001
06.04.2021 08:32:23.909 GMT-0500,79.322,79.238,0.001,0.001
06.04.2021 08:32:24.053 GMT-0500,79.312,79.238,0.001,0.001
06.04.2021 08:32:28.468 GMT-0500,79.302,79.22800000000001,0.001,0.001
06.04.2021 08:32:28.518 GMT-0500,79.303,79.217,0.001,0.001
06.04.2021 08:32:28.703 GMT-0500,79.302,79.208,0.001,0.001
06.04.2021 08:32:28.803 GMT-0500,79.302,79.218,0.001,0.001
06.04.2021 08:32:28.958 GMT-0500,79.293,79.207,0.001,0.001
06.04.2021 08:32:29.008 GMT-0500,79.292,79.19800000000001,0.001,0.001
06.04.2021 08:32:29.335 GMT-0500,79.292,79.208,0.001,0.001
06.04.2021 08:32:29.411 GMT-0500,79.293,79.197,0.001,0.001
06.04.2021 08:32:29.679 GMT-0500,79.293,79.207,0.001,0.001
06.04.2021 08:32:29.729 GMT-0500,79.293,79.197,0.001,0.001
06.04.2021 08:32:29.842 GMT-0500,79.293,79.187,0.001,0.001
06.04.2021 08:32:29.892 GMT-0500,79.293,79.197,0.001,0.001
06.04.2021 08:32:30.051 GMT-0500,79.293,79.187,0.001,0.001
06.04.2021 08:32:30.308 GMT-0500,79.292,79.19800000000001,0.001,0.001
06.04.2021 08:32:30.461 GMT-0500,79.292,79.188,0.001,0.001
06.04.2021 08:32:30.554 GMT-0500,79.292,79.19800000000001,0.001,0.001
06.04.2021 08:32:30.957 GMT-0500,79.292,79.188,0.001,0.001
06.04.2021 08:32:31.007 GMT-0500,79.283,79.197,0.001,0.001
06.04.2021 08:32:31.057 GMT-0500,79.292,79.19800000000001,0.001,0.001
06.04.2021 08:32:31.108 GMT-0500,79.292,79.188,0.001,0.001
06.04.2021 08:32:31.316 GMT-0500,79.292,79.19800000000001,0.001,0.001
06.04.2021 08:32:31.925 GMT-0500,79.303,79.217,0.001,0.001
06.04.2021 08:32:32.039 GMT-0500,79.302,79.19800000000001,0.001,0.001
06.04.2021 08:32:32.387 GMT-0500,79.303,79.207,0.001,0.001
06.04.2021 08:32:32.721 GMT-0500,79.342,79.238,0.001,0.001
06.04.2021 08:32:32.836 GMT-0500,79.352,79.238,0.001,0.001
06.04.2021 08:32:32.958 GMT-0500,79.333,79.237,0.001,0.001
06.04.2021 08:32:33.065 GMT-0500,79.332,79.22800000000001,0.001,0.001
06.04.2021 08:32:33.219 GMT-0500,79.333,79.247,0.001,0.001
06.04.2021 08:32:33.317 GMT-0500,79.343,79.247,0.001,0.001
06.04.2021 08:32:33.367 GMT-0500,79.322,79.248,0.001,0.001
06.04.2021 08:32:33.420 GMT-0500,79.333,79.247,0.001,0.001
06.04.2021 08:32:33.533 GMT-0500,79.332,79.25800000000001,0.001,0.001
06.04.2021 08:32:33.954 GMT-0500,79.322,79.248,0.001,0.001
06.04.2021 08:32:34.062 GMT-0500,79.333,79.247,0.001,0.001
06.04.2021 08:32:34.974 GMT-0500,79.343,79.247,0.001,0.001
06.04.2021 08:32:35.075 GMT-0500,79.35300000000001,79.247,0.001,0.001
06.04.2021 08:32:35.125 GMT-0500,79.343,79.257,0.001,0.001
06.04.2021 08:32:35.311 GMT-0500,79.352,79.25800000000001,0.001,0.001
06.04.2021 08:32:35.822 GMT-0500,79.35300000000001,79.267,0.001,0.001
06.04.2021 08:32:36.100 GMT-0500,79.343,79.267,0.001,0.001
06.04.2021 08:32:36.416 GMT-0500,79.352,79.268,0.001,0.001
06.04.2021 08:32:37.793 GMT-0500,79.313,79.267,0.001,0.001
06.04.2021 08:32:38.026 GMT-0500,79.312,79.278,0.001,0.001
06.04.2021 08:32:38.076 GMT-0500,79.313,79.267,0.001,0.001
06.04.2021 08:32:38.177 GMT-0500,79.313,79.277,0.001,0.001
06.04.2021 08:32:41.429 GMT-0500,79.332,79.278,0.001,0.001
06.04.2021 08:32:41.513 GMT-0500,79.303,79.277,0.001,0.001
06.04.2021 08:32:42.731 GMT-0500,79.332,79.278,0.001,0.001
06.04.2021 08:32:42.781 GMT-0500,79.362,79.308,0.001,0.001
06.04.2021 08:32:42.831 GMT-0500,79.363,79.287,0.001,0.001
06.04.2021 08:32:43.225 GMT-0500,79.363,79.277,0.001,0.001
06.04.2021 08:32:44.230 GMT-0500,79.35300000000001,79.317,0.001,0.001
06.04.2021 08:32:44.280 GMT-0500,79.35300000000001,79.307,0.001,0.001
06.04.2021 08:32:44.770 GMT-0500,79.362,79.298,0.001,0.001
06.04.2021 08:32:44.871 GMT-0500,79.352,79.298,0.001,0.001
06.04.2021 08:32:44.971 GMT-0500,79.363,79.297,0.001,0.001
06.04.2021 08:32:45.142 GMT-0500,79.363,79.317,0.001,0.001
06.04.2021 08:32:51.568 GMT-0500,79.402,79.328,0.001,0.001
06.04.2021 08:32:51.662 GMT-0500,79.403,79.317,0.001,0.001
06.04.2021 08:32:52.059 GMT-0500,79.402,79.348,0.001,0.001
06.04.2021 08:32:52.110 GMT-0500,79.432,79.318,0.001,0.001
06.04.2021 08:32:52.160 GMT-0500,79.433,79.337,0.001,0.001
06.04.2021 08:32:52.210 GMT-0500,79.432,79.328,0.001,0.001
06.04.2021 08:32:52.261 GMT-0500,79.452,79.328,0.001,0.001
06.04.2021 08:32:52.311 GMT-0500,79.453,79.337,0.001,0.001
06.04.2021 08:32:52.361 GMT-0500,79.453,79.327,0.001,0.001
06.04.2021 08:32:53.225 GMT-0500,79.453,79.367,0.001,0.001
06.04.2021 08:32:53.405 GMT-0500,79.46300000000001,79.367,0.001,0.001
06.04.2021 08:32:53.461 GMT-0500,79.46300000000001,79.357,0.001,0.001
06.04.2021 08:32:54.254 GMT-0500,79.443,79.357,0.001,0.001
06.04.2021 08:32:55.625 GMT-0500,79.422,79.358,0.001,0.001
06.04.2021 08:32:55.726 GMT-0500,79.412,79.358,0.001,0.001
06.04.2021 08:32:56.139 GMT-0500,79.423,79.357,0.001,0.001
06.04.2021 08:32:56.190 GMT-0500,79.412,79.318,0.001,0.001
06.04.2021 08:32:56.316 GMT-0500,79.38300000000001,79.317,0.001,0.001
06.04.2021 08:32:58.115 GMT-0500,79.38300000000001,79.297,0.001,0.001
06.04.2021 08:32:58.708 GMT-0500,79.382,79.33800000000001,0.001,0.001
06.04.2021 08:33:00.157 GMT-0500,79.403,79.347,0.001,0.001
06.04.2021 08:33:00.257 GMT-0500,79.413,79.347,0.001,0.001
06.04.2021 08:33:00.467 GMT-0500,79.423,79.347,0.001,0.001
06.04.2021 08:33:00.517 GMT-0500,79.412,79.348,0.001,0.001
06.04.2021 08:33:00.757 GMT-0500,79.422,79.348,0.001,0.001
06.04.2021 08:33:01.047 GMT-0500,79.412,79.33800000000001,0.001,0.001
06.04.2021 08:33:01.838 GMT-0500,79.403,79.337,0.001,0.001
06.04.2021 08:33:02.009 GMT-0500,79.413,79.337,0.001,0.001
06.04.2021 08:33:02.342 GMT-0500,79.403,79.337,0.001,0.001
06.04.2021 08:33:02.655 GMT-0500,79.413,79.337,0.001,0.001
06.04.2021 08:33:02.886 GMT-0500,79.342,79.298,0.001,0.001
06.04.2021 08:33:02.936 GMT-0500,79.343,79.277,0.001,0.001
06.04.2021 08:33:03.338 GMT-0500,79.373,79.287,0.001,0.001
06.04.2021 08:33:03.518 GMT-0500,79.382,79.288,0.001,0.001
06.04.2021 08:33:03.808 GMT-0500,79.382,79.278,0.001,0.001
06.04.2021 08:33:05.072 GMT-0500,79.382,79.268,0.001,0.001
06.04.2021 08:33:05.123 GMT-0500,79.373,79.257,0.001,0.001
06.04.2021 08:33:05.173 GMT-0500,79.382,79.25800000000001,0.001,0.001
06.04.2021 08:33:05.302 GMT-0500,79.38300000000001,79.277,0.001,0.001
06.04.2021 08:33:05.554 GMT-0500,79.372,79.278,0.001,0.001
06.04.2021 08:33:05.620 GMT-0500,79.38300000000001,79.277,0.001,0.001
06.04.2021 08:33:05.816 GMT-0500,79.382,79.268,0.001,0.001
06.04.2021 08:33:07.352 GMT-0500,79.38300000000001,79.277,0.001,0.001
06.04.2021 08:33:08.522 GMT-0500,79.372,79.278,0.001,0.001
06.04.2021 08:33:09.066 GMT-0500,79.373,79.267,0.001,0.001
06.04.2021 08:33:09.924 GMT-0500,79.343,79.267,0.001,0.001
06.04.2021 08:33:10.024 GMT-0500,79.363,79.267,0.001,0.001
06.04.2021 08:33:10.454 GMT-0500,79.372,79.25800000000001,0.001,0.001
06.04.2021 08:33:10.505 GMT-0500,79.35300000000001,79.257,0.001,0.001
06.04.2021 08:33:10.555 GMT-0500,79.363,79.257,0.001,0.001
06.04.2021 08:33:10.605 GMT-0500,79.363,79.267,0.001,0.001
06.04.2021 08:33:10.785 GMT-0500,79.372,79.268,0.001,0.001
06.04.2021 08:33:10.884 GMT-0500,79.362,79.288,0.001,0.001
06.04.2021 08:33:10.935 GMT-0500,79.372,79.288,0.001,0.001
06.04.2021 08:33:11.063 GMT-0500,79.372,79.278,0.001,0.001
06.04.2021 08:33:11.114 GMT-0500,79.373,79.287,0.001,0.001
06.04.2021 08:33:11.228 GMT-0500,79.382,79.288,0.001,0.001
06.04.2021 08:33:12.056 GMT-0500,79.373,79.287,0.001,0.001
06.04.2021 08:33:13.031 GMT-0500,79.362,79.288,0.001,0.001
06.04.2021 08:33:16.058 GMT-0500,79.343,79.287,0.001,0.001
06.04.2021 08:33:16.186 GMT-0500,79.332,79.268,0.001,0.001
06.04.2021 08:33:16.237 GMT-0500,79.333,79.257,0.001,0.001
06.04.2021 08:33:16.715 GMT-0500,79.342,79.25800000000001,0.001,0.001
06.04.2021 08:33:16.814 GMT-0500,79.342,79.248,0.001,0.001
06.04.2021 08:33:16.879 GMT-0500,79.333,79.247,0.001,0.001
06.04.2021 08:33:17.046 GMT-0500,79.343,79.247,0.001,0.001
06.04.2021 08:33:17.097 GMT-0500,79.313,79.247,0.001,0.001
06.04.2021 08:33:17.242 GMT-0500,79.313,79.237,0.001,0.001
06.04.2021 08:33:17.778 GMT-0500,79.312,79.25800000000001,0.001,0.001
06.04.2021 08:33:18.056 GMT-0500,79.322,79.25800000000001,0.001,0.001
06.04.2021 08:33:20.353 GMT-0500,79.313,79.237,0.001,0.001
06.04.2021 08:33:20.489 GMT-0500,79.312,79.248,0.001,0.001
06.04.2021 08:33:20.923 GMT-0500,79.32300000000001,79.247,0.001,0.001
06.04.2021 08:33:24.869 GMT-0500,79.35300000000001,79.247,0.001,0.001
06.04.2021 08:33:24.919 GMT-0500,79.352,79.268,0.001,0.001
06.04.2021 08:33:25.020 GMT-0500,79.372,79.298,0.001,0.001
06.04.2021 08:33:25.070 GMT-0500,79.38300000000001,79.297,0.001,0.001
06.04.2021 08:33:25.228 GMT-0500,79.392,79.298,0.001,0.001
06.04.2021 08:33:25.448 GMT-0500,79.402,79.288,0.001,0.001
06.04.2021 08:33:25.498 GMT-0500,79.403,79.297,0.001,0.001
06.04.2021 08:33:25.548 GMT-0500,79.403,79.287,0.001,0.001
06.04.2021 08:33:25.847 GMT-0500,79.403,79.297,0.001,0.001
06.04.2021 08:33:26.024 GMT-0500,79.403,79.287,0.001,0.001
06.04.2021 08:33:26.132 GMT-0500,79.403,79.297,0.001,0.001
06.04.2021 08:33:26.600 GMT-0500,79.392,79.298,0.001,0.001
06.04.2021 08:33:26.819 GMT-0500,79.392,79.328,0.001,0.001
06.04.2021 08:33:26.934 GMT-0500,79.402,79.33800000000001,0.001,0.001
06.04.2021 08:33:27.085 GMT-0500,79.382,79.328,0.001,0.001
06.04.2021 08:33:27.615 GMT-0500,79.413,79.337,0.001,0.001
06.04.2021 08:33:27.877 GMT-0500,79.38300000000001,79.327,0.001,0.001
06.04.2021 08:33:27.978 GMT-0500,79.392,79.328,0.001,0.001
06.04.2021 08:33:28.483 GMT-0500,79.403,79.327,0.001,0.001
06.04.2021 08:33:28.535 GMT-0500,79.392,79.328,0.001,0.001
06.04.2021 08:33:28.617 GMT-0500,79.402,79.328,0.001,0.001
06.04.2021 08:33:28.667 GMT-0500,79.392,79.358,0.001,0.001
06.04.2021 08:33:28.941 GMT-0500,79.412,79.358,0.001,0.001
06.04.2021 08:33:29.602 GMT-0500,79.422,79.358,0.001,0.001
06.04.2021 08:33:31.524 GMT-0500,79.403,79.357,0.001,0.001
06.04.2021 08:33:31.574 GMT-0500,79.412,79.358,0.001,0.001
06.04.2021 08:33:32.367 GMT-0500,79.373,79.327,0.001,0.001
06.04.2021 08:33:32.418 GMT-0500,79.402,79.318,0.001,0.001
06.04.2021 08:33:32.896 GMT-0500,79.403,79.307,0.001,0.001
06.04.2021 08:33:32.946 GMT-0500,79.38300000000001,79.307,0.001,0.001
06.04.2021 08:33:33.529 GMT-0500,79.382,79.298,0.001,0.001
06.04.2021 08:33:33.621 GMT-0500,79.393,79.297,0.001,0.001
06.04.2021 08:33:33.894 GMT-0500,79.393,79.287,0.001,0.001
06.04.2021 08:33:33.961 GMT-0500,79.393,79.297,0.001,0.001
06.04.2021 08:33:34.976 GMT-0500,79.382,79.298,0.001,0.001
06.04.2021 08:33:35.228 GMT-0500,79.392,79.298,0.001,0.001
06.04.2021 08:33:37.123 GMT-0500,79.403,79.307,0.001,0.001
06.04.2021 08:33:37.521 GMT-0500,79.412,79.308,0.001,0.001
06.04.2021 08:33:38.912 GMT-0500,79.412,79.298,0.001,0.001
06.04.2021 08:33:39.343 GMT-0500,79.403,79.297,0.001,0.001
06.04.2021 08:33:40.580 GMT-0500,79.412,79.298,0.001,0.001
06.04.2021 08:33:42.338 GMT-0500,79.413,79.307,0.001,0.001
06.04.2021 08:33:45.791 GMT-0500,79.402,79.308,0.001,0.001
06.04.2021 08:33:46.106 GMT-0500,79.382,79.298,0.001,0.001
06.04.2021 08:33:46.210 GMT-0500,79.392,79.298,0.001,0.001
06.04.2021 08:33:46.397 GMT-0500,79.393,79.307,0.001,0.001
06.04.2021 08:33:46.463 GMT-0500,79.402,79.308,0.001,0.001
06.04.2021 08:33:46.788 GMT-0500,79.402,79.298,0.001,0.001
06.04.2021 08:33:47.156 GMT-0500,79.373,79.297,0.001,0.001
06.04.2021 08:33:49.447 GMT-0500,79.373,79.307,0.001,0.001
06.04.2021 08:33:49.497 GMT-0500,79.373,79.297,0.001,0.001
06.04.2021 08:33:50.816 GMT-0500,79.372,79.308,0.001,0.001
06.04.2021 08:33:51.044 GMT-0500,79.372,79.298,0.001,0.001
06.04.2021 08:33:51.223 GMT-0500,79.373,79.307,0.001,0.001
06.04.2021 08:33:51.630 GMT-0500,79.373,79.297,0.001,0.001
06.04.2021 08:33:55.556 GMT-0500,79.332,79.278,0.001,0.001
06.04.2021 08:33:55.607 GMT-0500,79.343,79.277,0.001,0.001
06.04.2021 08:33:55.957 GMT-0500,79.363,79.267,0.001,0.001
06.04.2021 08:33:56.024 GMT-0500,79.362,79.278,0.001,0.001
06.04.2021 08:33:56.632 GMT-0500,79.373,79.317,0.001,0.001
06.04.2021 08:33:57.238 GMT-0500,79.392,79.328,0.001,0.001
06.04.2021 08:33:58.381 GMT-0500,79.392,79.318,0.001,0.001
06.04.2021 08:33:58.578 GMT-0500,79.392,79.308,0.001,0.001
06.04.2021 08:33:58.641 GMT-0500,79.393,79.317,0.001,0.001
06.04.2021 08:33:58.758 GMT-0500,79.403,79.317,0.001,0.001
06.04.2021 08:33:59.533 GMT-0500,79.382,79.298,0.001,0.001
06.04.2021 08:33:59.694 GMT-0500,79.363,79.307,0.001,0.001
06.04.2021 08:34:00.016 GMT-0500,79.35300000000001,79.307,0.001,0.001
06.04.2021 08:34:00.068 GMT-0500,79.363,79.307,0.001,0.001
06.04.2021 08:34:00.168 GMT-0500,79.38300000000001,79.307,0.001,0.001
06.04.2021 08:34:00.344 GMT-0500,79.38300000000001,79.297,0.001,0.001
06.04.2021 08:34:00.630 GMT-0500,79.38300000000001,79.287,0.001,0.001
06.04.2021 08:34:00.681 GMT-0500,79.372,79.288,0.001,0.001
06.04.2021 08:34:00.731 GMT-0500,79.382,79.288,0.001,0.001
06.04.2021 08:34:01.166 GMT-0500,79.322,79.288,0.001,0.001
06.04.2021 08:34:01.217 GMT-0500,79.32300000000001,79.277,0.001,0.001
06.04.2021 08:34:01.499 GMT-0500,79.35300000000001,79.317,0.001,0.001
06.04.2021 08:34:01.549 GMT-0500,79.362,79.308,0.001,0.001
06.04.2021 08:34:01.727 GMT-0500,79.362,79.298,0.001,0.001
06.04.2021 08:34:01.964 GMT-0500,79.38300000000001,79.297,0.001,0.001
06.04.2021 08:34:02.451 GMT-0500,79.38300000000001,79.327,0.001,0.001
06.04.2021 08:34:02.603 GMT-0500,79.343,79.307,0.001,0.001
06.04.2021 08:34:02.653 GMT-0500,79.343,79.297,0.001,0.001
06.04.2021 08:34:02.962 GMT-0500,79.35300000000001,79.297,0.001,0.001
06.04.2021 08:34:04.407 GMT-0500,79.35300000000001,79.287,0.001,0.001
06.04.2021 08:34:05.789 GMT-0500,79.352,79.278,0.001,0.001
06.04.2021 08:34:06.506 GMT-0500,79.352,79.268,0.001,0.001
06.04.2021 08:34:07.465 GMT-0500,79.342,79.268,0.001,0.001
06.04.2021 08:34:07.714 GMT-0500,79.313,79.257,0.001,0.001
06.04.2021 08:34:08.203 GMT-0500,79.342,79.298,0.001,0.001
06.04.2021 08:34:08.775 GMT-0500,79.322,79.278,0.001,0.001
06.04.2021 08:34:08.850 GMT-0500,79.333,79.267,0.001,0.001
06.04.2021 08:34:08.987 GMT-0500,79.32300000000001,79.267,0.001,0.001
06.04.2021 08:34:09.102 GMT-0500,79.32300000000001,79.257,0.001,0.001
06.04.2021 08:34:09.153 GMT-0500,79.333,79.257,0.001,0.001
06.04.2021 08:34:09.240 GMT-0500,79.322,79.268,0.001,0.001
06.04.2021 08:34:09.344 GMT-0500,79.32300000000001,79.257,0.001,0.001
06.04.2021 08:34:09.461 GMT-0500,79.293,79.267,0.001,0.001
06.04.2021 08:34:09.602 GMT-0500,79.293,79.257,0.001,0.001
06.04.2021 08:34:09.655 GMT-0500,79.292,79.268,0.001,0.001
06.04.2021 08:34:09.705 GMT-0500,79.293,79.257,0.001,0.001
06.04.2021 08:34:09.857 GMT-0500,79.272,79.238,0.001,0.001
06.04.2021 08:34:09.908 GMT-0500,79.292,79.238,0.001,0.001
06.04.2021 08:34:09.971 GMT-0500,79.293,79.227,0.001,0.001
06.04.2021 08:34:10.021 GMT-0500,79.293,79.237,0.001,0.001
06.04.2021 08:34:10.351 GMT-0500,79.292,79.22800000000001,0.001,0.001
06.04.2021 08:34:10.437 GMT-0500,79.293,79.237,0.001,0.001
06.04.2021 08:34:10.590 GMT-0500,79.293,79.227,0.001,0.001
06.04.2021 08:34:11.350 GMT-0500,79.292,79.238,0.001,0.001
06.04.2021 08:34:11.695 GMT-0500,79.293,79.227,0.001,0.001
06.04.2021 08:34:13.205 GMT-0500,79.293,79.237,0.001,0.001
06.04.2021 08:34:13.341 GMT-0500,79.292,79.22800000000001,0.001,0.001
06.04.2021 08:34:13.881 GMT-0500,79.293,79.237,0.001,0.001
06.04.2021 08:34:15.153 GMT-0500,79.292,79.22800000000001,0.001,0.001
06.04.2021 08:34:15.289 GMT-0500,79.303,79.227,0.001,0.001
06.04.2021 08:34:15.487 GMT-0500,79.303,79.217,0.001,0.001
06.04.2021 08:34:15.974 GMT-0500,79.263,79.217,0.001,0.001
06.04.2021 08:34:16.088 GMT-0500,79.272,79.218,0.001,0.001
06.04.2021 08:34:16.281 GMT-0500,79.292,79.208,0.001,0.001
06.04.2021 08:34:17.710 GMT-0500,79.302,79.208,0.001,0.001
06.04.2021 08:34:19.936 GMT-0500,79.303,79.217,0.001,0.001
06.04.2021 08:34:20.037 GMT-0500,79.303,79.207,0.001,0.001
06.04.2021 08:34:30.679 GMT-0500,79.293,79.207,0.001,0.001
06.04.2021 08:34:30.772 GMT-0500,79.303,79.207,0.001,0.001
06.04.2021 08:34:33.199 GMT-0500,79.303,79.217,0.001,0.001
06.04.2021 08:34:33.761 GMT-0500,79.303,79.207,0.001,0.001
06.04.2021 08:34:36.346 GMT-0500,79.302,79.218,0.001,0.001
06.04.2021 08:34:36.397 GMT-0500,79.303,79.207,0.001,0.001
06.04.2021 08:34:37.145 GMT-0500,79.302,79.25800000000001,0.001,0.001
06.04.2021 08:34:37.195 GMT-0500,79.302,79.248,0.001,0.001
06.04.2021 08:34:37.611 GMT-0500,79.302,79.238,0.001,0.001
06.04.2021 08:34:37.971 GMT-0500,79.302,79.22800000000001,0.001,0.001
06.04.2021 08:34:39.416 GMT-0500,79.303,79.257,0.001,0.001
06.04.2021 08:34:42.081 GMT-0500,79.293,79.257,0.001,0.001
06.04.2021 08:34:42.161 GMT-0500,79.302,79.25800000000001,0.001,0.001
06.04.2021 08:34:44.713 GMT-0500,79.293,79.257,0.001,0.001
06.04.2021 08:34:44.763 GMT-0500,79.303,79.257,0.001,0.001
06.04.2021 08:34:44.844 GMT-0500,79.282,79.25800000000001,0.001,0.001
06.04.2021 08:34:44.894 GMT-0500,79.292,79.25800000000001,0.001,0.001
06.04.2021 08:34:45.044 GMT-0500,79.283,79.257,0.001,0.001
06.04.2021 08:34:45.095 GMT-0500,79.293,79.257,0.001,0.001
06.04.2021 08:34:45.327 GMT-0500,79.283,79.257,0.001,0.001
06.04.2021 08:34:45.510 GMT-0500,79.293,79.257,0.001,0.001
06.04.2021 08:34:45.677 GMT-0500,79.302,79.25800000000001,0.001,0.001
06.04.2021 08:34:46.158 GMT-0500,79.293,79.257,0.001,0.001
06.04.2021 08:34:47.441 GMT-0500,79.302,79.25800000000001,0.001,0.001
06.04.2021 08:34:51.339 GMT-0500,79.293,79.227,0.001,0.001
06.04.2021 08:34:51.390 GMT-0500,79.252,79.19800000000001,0.001,0.001
06.04.2021 08:34:51.589 GMT-0500,79.253,79.187,0.001,0.001
06.04.2021 08:34:51.639 GMT-0500,79.252,79.19800000000001,0.001,0.001
06.04.2021 08:34:51.740 GMT-0500,79.252,79.188,0.001,0.001
06.04.2021 08:34:52.209 GMT-0500,79.242,79.188,0.001,0.001
06.04.2021 08:34:52.259 GMT-0500,79.252,79.188,0.001,0.001
06.04.2021 08:34:52.381 GMT-0500,79.242,79.188,0.001,0.001
06.04.2021 08:34:52.434 GMT-0500,79.253,79.187,0.001,0.001
06.04.2021 08:34:53.275 GMT-0500,79.24300000000001,79.187,0.001,0.001
06.04.2021 08:34:53.505 GMT-0500,79.252,79.188,0.001,0.001
06.04.2021 08:34:53.973 GMT-0500,79.252,79.168,0.001,0.001
06.04.2021 08:34:54.023 GMT-0500,79.242,79.178,0.001,0.001
06.04.2021 08:34:54.074 GMT-0500,79.252,79.178,0.001,0.001
06.04.2021 08:34:54.779 GMT-0500,79.253,79.167,0.001,0.001
06.04.2021 08:34:55.113 GMT-0500,79.24300000000001,79.167,0.001,0.001
06.04.2021 08:34:55.288 GMT-0500,79.252,79.168,0.001,0.001
06.04.2021 08:34:55.403 GMT-0500,79.253,79.177,0.001,0.001
06.04.2021 08:34:58.141 GMT-0500,79.253,79.187,0.001,0.001
06.04.2021 08:35:00.124 GMT-0500,79.252,79.19800000000001,0.001,0.001
06.04.2021 08:35:00.369 GMT-0500,79.253,79.187,0.001,0.001
06.04.2021 08:35:01.791 GMT-0500,79.253,79.177,0.001,0.001
06.04.2021 08:35:03.321 GMT-0500,79.252,79.218,0.001,0.001
06.04.2021 08:35:03.371 GMT-0500,79.252,79.208,0.001,0.001
06.04.2021 08:35:03.458 GMT-0500,79.252,79.218,0.001,0.001
06.04.2021 08:35:03.769 GMT-0500,79.252,79.208,0.001,0.001
06.04.2021 08:35:03.820 GMT-0500,79.253,79.217,0.001,0.001
06.04.2021 08:35:04.032 GMT-0500,79.252,79.238,0.001,0.001
06.04.2021 08:35:04.083 GMT-0500,79.283,79.237,0.001,0.001
06.04.2021 08:35:04.275 GMT-0500,79.27300000000001,79.217,0.001,0.001
06.04.2021 08:35:04.708 GMT-0500,79.252,79.208,0.001,0.001
06.04.2021 08:35:04.758 GMT-0500,79.263,79.207,0.001,0.001
06.04.2021 08:35:04.809 GMT-0500,79.272,79.208,0.001,0.001
06.04.2021 08:35:04.859 GMT-0500,79.27300000000001,79.217,0.001,0.001
06.04.2021 08:35:05.114 GMT-0500,79.272,79.208,0.001,0.001
06.04.2021 08:35:05.299 GMT-0500,79.272,79.218,0.001,0.001
06.04.2021 08:35:05.349 GMT-0500,79.27300000000001,79.207,0.001,0.001
06.04.2021 08:35:05.410 GMT-0500,79.272,79.218,0.001,0.001
06.04.2021 08:35:05.704 GMT-0500,79.263,79.227,0.001,0.001
06.04.2021 08:35:06.103 GMT-0500,79.24300000000001,79.217,0.001,0.001
06.04.2021 08:35:06.154 GMT-0500,79.253,79.217,0.001,0.001
06.04.2021 08:35:06.288 GMT-0500,79.263,79.217,0.001,0.001
06.04.2021 08:35:07.529 GMT-0500,79.233,79.217,0.001,0.001
06.04.2021 08:35:07.683 GMT-0500,79.242,79.218,0.001,0.001
06.04.2021 08:35:09.068 GMT-0500,79.233,79.217,0.001,0.001
06.04.2021 08:35:10.591 GMT-0500,79.233,79.197,0.001,0.001
06.04.2021 08:35:10.696 GMT-0500,79.232,79.178,0.001,0.001
06.04.2021 08:35:11.900 GMT-0500,79.223,79.177,0.001,0.001
06.04.2021 08:35:12.660 GMT-0500,79.233,79.167,0.001,0.001
06.04.2021 08:35:12.731 GMT-0500,79.222,79.168,0.001,0.001
06.04.2021 08:35:12.784 GMT-0500,79.222,79.158,0.001,0.001
06.04.2021 08:35:12.972 GMT-0500,79.232,79.158,0.001,0.001
06.04.2021 08:35:13.303 GMT-0500,79.222,79.168,0.001,0.001
06.04.2021 08:35:13.927 GMT-0500,79.222,79.158,0.001,0.001
06.04.2021 08:35:14.172 GMT-0500,79.21300000000001,79.177,0.001,0.001
06.04.2021 08:35:14.954 GMT-0500,79.21300000000001,79.147,0.001,0.001
06.04.2021 08:35:15.004 GMT-0500,79.212,79.168,0.001,0.001
06.04.2021 08:35:15.124 GMT-0500,79.21300000000001,79.177,0.001,0.001
06.04.2021 08:35:15.174 GMT-0500,79.223,79.177,0.001,0.001
06.04.2021 08:35:16.158 GMT-0500,79.212,79.178,0.001,0.001
06.04.2021 08:35:17.159 GMT-0500,79.222,79.178,0.001,0.001
06.04.2021 08:35:17.418 GMT-0500,79.232,79.178,0.001,0.001
06.04.2021 08:35:19.751 GMT-0500,79.233,79.197,0.001,0.001
06.04.2021 08:35:20.029 GMT-0500,79.233,79.187,0.001,0.001
06.04.2021 08:35:20.101 GMT-0500,79.27300000000001,79.227,0.001,0.001
06.04.2021 08:35:20.151 GMT-0500,79.27300000000001,79.217,0.001,0.001
06.04.2021 08:35:21.050 GMT-0500,79.283,79.217,0.001,0.001
06.04.2021 08:35:21.264 GMT-0500,79.27300000000001,79.227,0.001,0.001
06.04.2021 08:35:21.579 GMT-0500,79.272,79.218,0.001,0.001
06.04.2021 08:35:22.046 GMT-0500,79.282,79.218,0.001,0.001
06.04.2021 08:35:22.821 GMT-0500,79.27300000000001,79.217,0.001,0.001
06.04.2021 08:35:23.067 GMT-0500,79.272,79.208,0.001,0.001
06.04.2021 08:35:24.056 GMT-0500,79.252,79.208,0.001,0.001
06.04.2021 08:35:26.325 GMT-0500,79.253,79.187,0.001,0.001
06.04.2021 08:35:26.535 GMT-0500,79.252,79.19800000000001,0.001,0.001
06.04.2021 08:35:26.719 GMT-0500,79.252,79.188,0.001,0.001
06.04.2021 08:35:27.205 GMT-0500,79.27300000000001,79.217,0.001,0.001
06.04.2021 08:35:27.388 GMT-0500,79.252,79.218,0.001,0.001
06.04.2021 08:35:27.438 GMT-0500,79.262,79.218,0.001,0.001
06.04.2021 08:35:27.550 GMT-0500,79.253,79.217,0.001,0.001
06.04.2021 08:35:27.651 GMT-0500,79.263,79.217,0.001,0.001
06.04.2021 08:35:27.701 GMT-0500,79.252,79.218,0.001,0.001
06.04.2021 08:35:27.804 GMT-0500,79.263,79.237,0.001,0.001
06.04.2021 08:35:27.854 GMT-0500,79.262,79.22800000000001,0.001,0.001
06.04.2021 08:35:28.304 GMT-0500,79.27300000000001,79.227,0.001,0.001
06.04.2021 08:35:28.572 GMT-0500,79.272,79.238,0.001,0.001
06.04.2021 08:35:28.733 GMT-0500,79.282,79.238,0.001,0.001
06.04.2021 08:35:28.805 GMT-0500,79.272,79.238,0.001,0.001
06.04.2021 08:35:28.876 GMT-0500,79.283,79.237,0.001,0.001
06.04.2021 08:35:28.927 GMT-0500,79.272,79.22800000000001,0.001,0.001
06.04.2021 08:35:29.033 GMT-0500,79.27300000000001,79.217,0.001,0.001
06.04.2021 08:35:29.083 GMT-0500,79.283,79.227,0.001,0.001
06.04.2021 08:35:29.344 GMT-0500,79.282,79.218,0.001,0.001
06.04.2021 08:35:29.403 GMT-0500,79.283,79.227,0.001,0.001
06.04.2021 08:35:29.796 GMT-0500,79.292,79.22800000000001,0.001,0.001
06.04.2021 08:35:29.897 GMT-0500,79.283,79.227,0.001,0.001
06.04.2021 08:35:30.128 GMT-0500,79.27300000000001,79.227,0.001,0.001
06.04.2021 08:35:30.178 GMT-0500,79.292,79.238,0.001,0.001
06.04.2021 08:35:30.229 GMT-0500,79.282,79.238,0.001,0.001
06.04.2021 08:35:30.354 GMT-0500,79.263,79.227,0.001,0.001
06.04.2021 08:35:30.459 GMT-0500,79.283,79.237,0.001,0.001
06.04.2021 08:35:30.521 GMT-0500,79.283,79.227,0.001,0.001
06.04.2021 08:35:30.622 GMT-0500,79.293,79.227,0.001,0.001
06.04.2021 08:35:30.673 GMT-0500,79.292,79.248,0.001,0.001
06.04.2021 08:35:30.723 GMT-0500,79.303,79.247,0.001,0.001
06.04.2021 08:35:30.889 GMT-0500,79.282,79.248,0.001,0.001
06.04.2021 08:35:30.956 GMT-0500,79.283,79.237,0.001,0.001
06.04.2021 08:35:31.196 GMT-0500,79.282,79.25800000000001,0.001,0.001
06.04.2021 08:35:31.530 GMT-0500,79.303,79.257,0.001,0.001
06.04.2021 08:35:33.263 GMT-0500,79.282,79.25800000000001,0.001,0.001
06.04.2021 08:35:33.323 GMT-0500,79.293,79.257,0.001,0.001
06.04.2021 08:35:33.464 GMT-0500,79.283,79.257,0.001,0.001
06.04.2021 08:35:33.615 GMT-0500,79.292,79.25800000000001,0.001,0.001
06.04.2021 08:35:35.786 GMT-0500,79.303,79.257,0.001,0.001
06.04.2021 08:35:40.796 GMT-0500,79.313,79.257,0.001,0.001
06.04.2021 08:35:41.041 GMT-0500,79.302,79.25800000000001,0.001,0.001
06.04.2021 08:35:51.218 GMT-0500,79.302,79.248,0.001,0.001
06.04.2021 08:35:51.420 GMT-0500,79.303,79.237,0.001,0.001
06.04.2021 08:35:52.008 GMT-0500,79.282,79.238,0.001,0.001
06.04.2021 08:35:52.058 GMT-0500,79.303,79.237,0.001,0.001
06.04.2021 08:35:52.109 GMT-0500,79.292,79.238,0.001,0.001
06.04.2021 08:35:52.352 GMT-0500,79.303,79.237,0.001,0.001
06.04.2021 08:35:52.924 GMT-0500,79.312,79.238,0.001,0.001
06.04.2021 08:35:54.455 GMT-0500,79.303,79.237,0.001,0.001
06.04.2021 08:35:54.689 GMT-0500,79.302,79.218,0.001,0.001
06.04.2021 08:35:55.068 GMT-0500,79.312,79.218,0.001,0.001
06.04.2021 08:35:55.414 GMT-0500,79.293,79.227,0.001,0.001
06.04.2021 08:35:55.928 GMT-0500,79.283,79.217,0.001,0.001
06.04.2021 08:35:56.121 GMT-0500,79.282,79.238,0.001,0.001
06.04.2021 08:35:56.256 GMT-0500,79.283,79.227,0.001,0.001
06.04.2021 08:35:56.643 GMT-0500,79.282,79.238,0.001,0.001
06.04.2021 08:35:56.991 GMT-0500,79.293,79.267,0.001,0.001
06.04.2021 08:35:57.041 GMT-0500,79.292,79.248,0.001,0.001
06.04.2021 08:35:57.257 GMT-0500,79.282,79.218,0.001,0.001
06.04.2021 08:35:57.308 GMT-0500,79.283,79.237,0.001,0.001
06.04.2021 08:35:57.535 GMT-0500,79.292,79.238,0.001,0.001
06.04.2021 08:35:57.635 GMT-0500,79.293,79.257,0.001,0.001
06.04.2021 08:35:57.730 GMT-0500,79.303,79.257,0.001,0.001
06.04.2021 08:35:59.401 GMT-0500,79.262,79.238,0.001,0.001
06.04.2021 08:35:59.451 GMT-0500,79.292,79.25800000000001,0.001,0.001
06.04.2021 08:35:59.787 GMT-0500,79.302,79.25800000000001,0.001,0.001
06.04.2021 08:35:59.871 GMT-0500,79.302,79.238,0.001,0.001
06.04.2021 08:36:00.024 GMT-0500,79.303,79.227,0.001,0.001
06.04.2021 08:36:00.239 GMT-0500,79.302,79.238,0.001,0.001
06.04.2021 08:36:00.289 GMT-0500,79.312,79.238,0.001,0.001
06.04.2021 08:36:00.504 GMT-0500,79.303,79.237,0.001,0.001
06.04.2021 08:36:00.640 GMT-0500,79.302,79.248,0.001,0.001
06.04.2021 08:36:00.837 GMT-0500,79.302,79.238,0.001,0.001
06.04.2021 08:36:01.589 GMT-0500,79.303,79.247,0.001,0.001
06.04.2021 08:36:01.757 GMT-0500,79.302,79.238,0.001,0.001
06.04.2021 08:36:01.815 GMT-0500,79.303,79.257,0.001,0.001
06.04.2021 08:36:01.865 GMT-0500,79.303,79.247,0.001,0.001
06.04.2021 08:36:01.916 GMT-0500,79.303,79.237,0.001,0.001
06.04.2021 08:36:02.816 GMT-0500,79.313,79.237,0.001,0.001
06.04.2021 08:36:02.916 GMT-0500,79.312,79.22800000000001,0.001,0.001
06.04.2021 08:36:02.968 GMT-0500,79.302,79.22800000000001,0.001,0.001
06.04.2021 08:36:03.301 GMT-0500,79.313,79.227,0.001,0.001
06.04.2021 08:36:03.511 GMT-0500,79.303,79.227,0.001,0.001
06.04.2021 08:36:03.611 GMT-0500,79.313,79.227,0.001,0.001
06.04.2021 08:36:04.703 GMT-0500,79.312,79.238,0.001,0.001
06.04.2021 08:36:05.121 GMT-0500,79.312,79.22800000000001,0.001,0.001
06.04.2021 08:36:05.252 GMT-0500,79.313,79.237,0.001,0.001
06.04.2021 08:36:05.701 GMT-0500,79.303,79.247,0.001,0.001
06.04.2021 08:36:06.010 GMT-0500,79.313,79.247,0.001,0.001
06.04.2021 08:36:06.061 GMT-0500,79.312,79.25800000000001,0.001,0.001
06.04.2021 08:36:06.201 GMT-0500,79.303,79.247,0.001,0.001
06.04.2021 08:36:06.435 GMT-0500,79.303,79.257,0.001,0.001
06.04.2021 08:36:08.004 GMT-0500,79.303,79.247,0.001,0.001
06.04.2021 08:36:08.177 GMT-0500,79.302,79.238,0.001,0.001
06.04.2021 08:36:09.113 GMT-0500,79.303,79.247,0.001,0.001
06.04.2021 08:36:09.385 GMT-0500,79.303,79.237,0.001,0.001
06.04.2021 08:36:09.445 GMT-0500,79.302,79.248,0.001,0.001
06.04.2021 08:36:10.004 GMT-0500,79.313,79.287,0.001,0.001
06.04.2021 08:36:10.055 GMT-0500,79.313,79.277,0.001,0.001
06.04.2021 08:36:10.268 GMT-0500,79.322,79.298,0.001,0.001
06.04.2021 08:36:10.318 GMT-0500,79.322,79.288,0.001,0.001
06.04.2021 08:36:10.369 GMT-0500,79.312,79.278,0.001,0.001
06.04.2021 08:36:10.526 GMT-0500,79.32300000000001,79.287,0.001,0.001
06.04.2021 08:36:10.854 GMT-0500,79.32300000000001,79.277,0.001,0.001
06.04.2021 08:36:11.195 GMT-0500,79.322,79.288,0.001,0.001
06.04.2021 08:36:11.250 GMT-0500,79.322,79.268,0.001,0.001
06.04.2021 08:36:11.300 GMT-0500,79.313,79.277,0.001,0.001
06.04.2021 08:36:11.538 GMT-0500,79.32300000000001,79.277,0.001,0.001
06.04.2021 08:36:11.760 GMT-0500,79.292,79.278,0.001,0.001
06.04.2021 08:36:11.810 GMT-0500,79.293,79.247,0.001,0.001
06.04.2021 08:36:12.127 GMT-0500,79.292,79.25800000000001,0.001,0.001
06.04.2021 08:36:12.519 GMT-0500,79.292,79.268,0.001,0.001
06.04.2021 08:36:12.569 GMT-0500,79.292,79.25800000000001,0.001,0.001
06.04.2021 08:36:13.012 GMT-0500,79.27300000000001,79.237,0.001,0.001
06.04.2021 08:36:13.062 GMT-0500,79.293,79.247,0.001,0.001
06.04.2021 08:36:13.207 GMT-0500,79.292,79.25800000000001,0.001,0.001
06.04.2021 08:36:13.836 GMT-0500,79.292,79.248,0.001,0.001
06.04.2021 08:36:13.939 GMT-0500,79.292,79.238,0.001,0.001
06.04.2021 08:36:14.040 GMT-0500,79.27300000000001,79.237,0.001,0.001
06.04.2021 08:36:14.229 GMT-0500,79.293,79.257,0.001,0.001
06.04.2021 08:36:14.585 GMT-0500,79.302,79.268,0.001,0.001
06.04.2021 08:36:14.635 GMT-0500,79.303,79.257,0.001,0.001
06.04.2021 08:36:14.746 GMT-0500,79.303,79.247,0.001,0.001
06.04.2021 08:36:14.816 GMT-0500,79.303,79.267,0.001,0.001
06.04.2021 08:36:14.867 GMT-0500,79.302,79.25800000000001,0.001,0.001
06.04.2021 08:36:15.219 GMT-0500,79.313,79.257,0.001,0.001
06.04.2021 08:36:15.329 GMT-0500,79.303,79.257,0.001,0.001
06.04.2021 08:36:15.791 GMT-0500,79.302,79.268,0.001,0.001
06.04.2021 08:36:15.900 GMT-0500,79.313,79.267,0.001,0.001
06.04.2021 08:36:16.562 GMT-0500,79.303,79.267,0.001,0.001
06.04.2021 08:36:16.623 GMT-0500,79.313,79.267,0.001,0.001
06.04.2021 08:36:16.749 GMT-0500,79.292,79.25800000000001,0.001,0.001
06.04.2021 08:36:17.027 GMT-0500,79.303,79.247,0.001,0.001
06.04.2021 08:36:17.526 GMT-0500,79.302,79.25800000000001,0.001,0.001
06.04.2021 08:36:17.818 GMT-0500,79.302,79.268,0.001,0.001
06.04.2021 08:36:18.401 GMT-0500,79.303,79.257,0.001,0.001
06.04.2021 08:36:18.470 GMT-0500,79.303,79.267,0.001,0.001
06.04.2021 08:36:18.561 GMT-0500,79.302,79.25800000000001,0.001,0.001
06.04.2021 08:36:19.061 GMT-0500,79.302,79.248,0.001,0.001
06.04.2021 08:36:19.112 GMT-0500,79.292,79.25800000000001,0.001,0.001
06.04.2021 08:36:19.321 GMT-0500,79.303,79.257,0.001,0.001
06.04.2021 08:36:19.817 GMT-0500,79.283,79.247,0.001,0.001
06.04.2021 08:36:20.099 GMT-0500,79.302,79.248,0.001,0.001
06.04.2021 08:36:20.343 GMT-0500,79.302,79.25800000000001,0.001,0.001
06.04.2021 08:36:20.578 GMT-0500,79.302,79.248,0.001,0.001
06.04.2021 08:36:20.861 GMT-0500,79.303,79.237,0.001,0.001
06.04.2021 08:36:21.702 GMT-0500,79.303,79.247,0.001,0.001
06.04.2021 08:36:21.803 GMT-0500,79.293,79.237,0.001,0.001
06.04.2021 08:36:22.116 GMT-0500,79.302,79.238,0.001,0.001
06.04.2021 08:36:22.182 GMT-0500,79.302,79.22800000000001,0.001,0.001
06.04.2021 08:36:22.232 GMT-0500,79.293,79.237,0.001,0.001
06.04.2021 08:36:22.584 GMT-0500,79.293,79.227,0.001,0.001
06.04.2021 08:36:22.739 GMT-0500,79.292,79.238,0.001,0.001
06.04.2021 08:36:22.891 GMT-0500,79.292,79.22800000000001,0.001,0.001
06.04.2021 08:36:23.028 GMT-0500,79.292,79.248,0.001,0.001
06.04.2021 08:36:23.679 GMT-0500,79.303,79.247,0.001,0.001
06.04.2021 08:36:26.794 GMT-0500,79.283,79.237,0.001,0.001
06.04.2021 08:36:26.978 GMT-0500,79.262,79.248,0.001,0.001
06.04.2021 08:36:27.028 GMT-0500,79.263,79.227,0.001,0.001
06.04.2021 08:36:27.164 GMT-0500,79.282,79.22800000000001,0.001,0.001
06.04.2021 08:36:27.214 GMT-0500,79.27300000000001,79.227,0.001,0.001
06.04.2021 08:36:27.321 GMT-0500,79.283,79.227,0.001,0.001
06.04.2021 08:36:27.580 GMT-0500,79.283,79.247,0.001,0.001
06.04.2021 08:36:28.054 GMT-0500,79.272,79.248,0.001,0.001
06.04.2021 08:36:29.051 GMT-0500,79.283,79.247,0.001,0.001
06.04.2021 08:36:29.829 GMT-0500,79.293,79.247,0.001,0.001
06.04.2021 08:36:30.515 GMT-0500,79.27300000000001,79.247,0.001,0.001
06.04.2021 08:36:30.565 GMT-0500,79.282,79.248,0.001,0.001
06.04.2021 08:36:32.231 GMT-0500,79.293,79.247,0.001,0.001
06.04.2021 08:36:33.345 GMT-0500,79.292,79.25800000000001,0.001,0.001
06.04.2021 08:36:33.676 GMT-0500,79.293,79.247,0.001,0.001
06.04.2021 08:36:33.726 GMT-0500,79.292,79.25800000000001,0.001,0.001
06.04.2021 08:36:33.777 GMT-0500,79.293,79.247,0.001,0.001
06.04.2021 08:36:33.877 GMT-0500,79.292,79.25800000000001,0.001,0.001
06.04.2021 08:36:34.089 GMT-0500,79.303,79.257,0.001,0.001
06.04.2021 08:36:34.146 GMT-0500,79.292,79.25800000000001,0.001,0.001
06.04.2021 08:36:36.398 GMT-0500,79.283,79.247,0.001,0.001
06.04.2021 08:36:36.499 GMT-0500,79.283,79.237,0.001,0.001
06.04.2021 08:36:36.634 GMT-0500,79.282,79.22800000000001,0.001,0.001
06.04.2021 08:36:36.895 GMT-0500,79.282,79.218,0.001,0.001
06.04.2021 08:36:37.174 GMT-0500,79.292,79.218,0.001,0.001
06.04.2021 08:36:37.225 GMT-0500,79.293,79.227,0.001,0.001
06.04.2021 08:36:37.558 GMT-0500,79.282,79.22800000000001,0.001,0.001
06.04.2021 08:36:38.627 GMT-0500,79.282,79.218,0.001,0.001
06.04.2021 08:36:40.892 GMT-0500,79.282,79.22800000000001,0.001,0.001
06.04.2021 08:36:41.106 GMT-0500,79.282,79.218,0.001,0.001
06.04.2021 08:36:41.545 GMT-0500,79.282,79.22800000000001,0.001,0.001
06.04.2021 08:36:41.694 GMT-0500,79.302,79.22800000000001,0.001,0.001
06.04.2021 08:36:41.745 GMT-0500,79.293,79.247,0.001,0.001
06.04.2021 08:36:42.699 GMT-0500,79.282,79.22800000000001,0.001,0.001
06.04.2021 08:36:44.491 GMT-0500,79.282,79.218,0.001,0.001
06.04.2021 08:36:44.634 GMT-0500,79.283,79.207,0.001,0.001
06.04.2021 08:36:44.846 GMT-0500,79.283,79.217,0.001,0.001
06.04.2021 08:36:44.897 GMT-0500,79.282,79.208,0.001,0.001
06.04.2021 08:36:44.967 GMT-0500,79.263,79.207,0.001,0.001
06.04.2021 08:36:45.017 GMT-0500,79.27300000000001,79.207,0.001,0.001
06.04.2021 08:36:46.805 GMT-0500,79.24300000000001,79.207,0.001,0.001
06.04.2021 08:36:46.905 GMT-0500,79.263,79.217,0.001,0.001
06.04.2021 08:36:51.165 GMT-0500,79.272,79.218,0.001,0.001
06.04.2021 08:36:51.368 GMT-0500,79.262,79.218,0.001,0.001
06.04.2021 08:36:52.229 GMT-0500,79.263,79.227,0.001,0.001
06.04.2021 08:36:52.280 GMT-0500,79.262,79.218,0.001,0.001
06.04.2021 08:36:52.632 GMT-0500,79.262,79.22800000000001,0.001,0.001
06.04.2021 08:36:52.834 GMT-0500,79.27300000000001,79.227,0.001,0.001
06.04.2021 08:36:54.127 GMT-0500,79.27300000000001,79.237,0.001,0.001
06.04.2021 08:36:54.820 GMT-0500,79.283,79.237,0.001,0.001
06.04.2021 08:36:54.899 GMT-0500,79.27300000000001,79.227,0.001,0.001
06.04.2021 08:36:55.172 GMT-0500,79.27300000000001,79.237,0.001,0.001
06.04.2021 08:36:55.222 GMT-0500,79.272,79.22800000000001,0.001,0.001
06.04.2021 08:36:55.515 GMT-0500,79.272,79.238,0.001,0.001
06.04.2021 08:36:55.616 GMT-0500,79.27300000000001,79.227,0.001,0.001
06.04.2021 08:36:56.118 GMT-0500,79.27300000000001,79.207,0.001,0.001
06.04.2021 08:36:56.180 GMT-0500,79.272,79.218,0.001,0.001
06.04.2021 08:36:56.291 GMT-0500,79.27300000000001,79.237,0.001,0.001
06.04.2021 08:37:00.161 GMT-0500,79.262,79.238,0.001,0.001
06.04.2021 08:37:00.856 GMT-0500,79.263,79.217,0.001,0.001
06.04.2021 08:37:00.907 GMT-0500,79.263,79.227,0.001,0.001
06.04.2021 08:37:01.030 GMT-0500,79.272,79.238,0.001,0.001
06.04.2021 08:37:02.515 GMT-0500,79.283,79.237,0.001,0.001
06.04.2021 08:37:02.968 GMT-0500,79.283,79.247,0.001,0.001
06.04.2021 08:37:03.155 GMT-0500,79.27300000000001,79.237,0.001,0.001
06.04.2021 08:37:03.694 GMT-0500,79.282,79.248,0.001,0.001
06.04.2021 08:37:04.130 GMT-0500,79.293,79.247,0.001,0.001
06.04.2021 08:37:04.180 GMT-0500,79.282,79.248,0.001,0.001
06.04.2021 08:37:04.337 GMT-0500,79.293,79.247,0.001,0.001
06.04.2021 08:37:04.417 GMT-0500,79.303,79.257,0.001,0.001
06.04.2021 08:37:04.689 GMT-0500,79.302,79.268,0.001,0.001
06.04.2021 08:37:05.103 GMT-0500,79.333,79.287,0.001,0.001
06.04.2021 08:37:05.154 GMT-0500,79.333,79.297,0.001,0.001
06.04.2021 08:37:05.361 GMT-0500,79.343,79.297,0.001,0.001
06.04.2021 08:37:05.411 GMT-0500,79.322,79.298,0.001,0.001
06.04.2021 08:37:05.609 GMT-0500,79.332,79.298,0.001,0.001
06.04.2021 08:37:05.744 GMT-0500,79.343,79.297,0.001,0.001
06.04.2021 08:37:06.861 GMT-0500,79.322,79.288,0.001,0.001
06.04.2021 08:37:07.012 GMT-0500,79.322,79.298,0.001,0.001
06.04.2021 08:37:07.124 GMT-0500,79.342,79.298,0.001,0.001
06.04.2021 08:37:07.174 GMT-0500,79.333,79.297,0.001,0.001
06.04.2021 08:37:07.480 GMT-0500,79.342,79.298,0.001,0.001
06.04.2021 08:37:07.605 GMT-0500,79.332,79.298,0.001,0.001
06.04.2021 08:37:08.225 GMT-0500,79.32300000000001,79.287,0.001,0.001
06.04.2021 08:37:09.134 GMT-0500,79.32300000000001,79.297,0.001,0.001
06.04.2021 08:37:09.184 GMT-0500,79.333,79.297,0.001,0.001
06.04.2021 08:37:09.988 GMT-0500,79.343,79.307,0.001,0.001
06.04.2021 08:37:10.127 GMT-0500,79.332,79.298,0.001,0.001
06.04.2021 08:37:10.579 GMT-0500,79.343,79.307,0.001,0.001
06.04.2021 08:37:11.133 GMT-0500,79.352,79.318,0.001,0.001
06.04.2021 08:37:11.458 GMT-0500,79.342,79.318,0.001,0.001
06.04.2021 08:37:11.508 GMT-0500,79.352,79.318,0.001,0.001
06.04.2021 08:37:13.133 GMT-0500,79.342,79.318,0.001,0.001
06.04.2021 08:37:13.225 GMT-0500,79.342,79.308,0.001,0.001
06.04.2021 08:37:13.923 GMT-0500,79.35300000000001,79.307,0.001,0.001
06.04.2021 08:37:14.047 GMT-0500,79.352,79.298,0.001,0.001
06.04.2021 08:37:14.097 GMT-0500,79.332,79.298,0.001,0.001
06.04.2021 08:37:15.013 GMT-0500,79.322,79.298,0.001,0.001
06.04.2021 08:37:15.149 GMT-0500,79.332,79.298,0.001,0.001
06.04.2021 08:37:15.444 GMT-0500,79.322,79.288,0.001,0.001
06.04.2021 08:37:15.620 GMT-0500,79.322,79.298,0.001,0.001
06.04.2021 08:37:15.676 GMT-0500,79.332,79.298,0.001,0.001
06.04.2021 08:37:17.300 GMT-0500,79.32300000000001,79.297,0.001,0.001
06.04.2021 08:37:19.661 GMT-0500,79.343,79.307,0.001,0.001
06.04.2021 08:37:27.670 GMT-0500,79.333,79.307,0.001,0.001
06.04.2021 08:37:28.130 GMT-0500,79.343,79.307,0.001,0.001
06.04.2021 08:37:28.705 GMT-0500,79.373,79.337,0.001,0.001
06.04.2021 08:37:28.755 GMT-0500,79.393,79.347,0.001,0.001
06.04.2021 08:37:31.864 GMT-0500,79.392,79.358,0.001,0.001
06.04.2021 08:37:32.759 GMT-0500,79.402,79.358,0.001,0.001
06.04.2021 08:37:32.876 GMT-0500,79.393,79.357,0.001,0.001
06.04.2021 08:37:33.548 GMT-0500,79.402,79.358,0.001,0.001
06.04.2021 08:37:33.857 GMT-0500,79.403,79.387,0.001,0.001
06.04.2021 08:37:33.954 GMT-0500,79.393,79.367,0.001,0.001
06.04.2021 08:37:34.004 GMT-0500,79.382,79.358,0.001,0.001
06.04.2021 08:37:34.949 GMT-0500,79.363,79.337,0.001,0.001
06.04.2021 08:37:34.999 GMT-0500,79.362,79.328,0.001,0.001
06.04.2021 08:37:35.099 GMT-0500,79.372,79.328,0.001,0.001
06.04.2021 08:37:35.566 GMT-0500,79.373,79.347,0.001,0.001
06.04.2021 08:37:36.761 GMT-0500,79.382,79.348,0.001,0.001
06.04.2021 08:37:37.006 GMT-0500,79.382,79.358,0.001,0.001
06.04.2021 08:37:37.056 GMT-0500,79.392,79.358,0.001,0.001
06.04.2021 08:37:37.256 GMT-0500,79.403,79.357,0.001,0.001
06.04.2021 08:37:38.888 GMT-0500,79.392,79.358,0.001,0.001
06.04.2021 08:37:40.082 GMT-0500,79.38300000000001,79.347,0.001,0.001
06.04.2021 08:37:40.470 GMT-0500,79.372,79.328,0.001,0.001
06.04.2021 08:37:40.613 GMT-0500,79.352,79.298,0.001,0.001
06.04.2021 08:37:40.663 GMT-0500,79.363,79.327,0.001,0.001
06.04.2021 08:37:41.960 GMT-0500,79.373,79.337,0.001,0.001
06.04.2021 08:37:42.330 GMT-0500,79.38300000000001,79.347,0.001,0.001
06.04.2021 08:37:42.789 GMT-0500,79.393,79.357,0.001,0.001
06.04.2021 08:37:43.112 GMT-0500,79.403,79.357,0.001,0.001
06.04.2021 08:37:43.295 GMT-0500,79.382,79.348,0.001,0.001
06.04.2021 08:37:45.970 GMT-0500,79.382,79.358,0.001,0.001
06.04.2021 08:37:46.578 GMT-0500,79.403,79.357,0.001,0.001
06.04.2021 08:37:47.704 GMT-0500,79.382,79.358,0.001,0.001
06.04.2021 08:37:49.491 GMT-0500,79.382,79.348,0.001,0.001
06.04.2021 08:37:50.748 GMT-0500,79.403,79.357,0.001,0.001
06.04.2021 08:37:54.581 GMT-0500,79.393,79.357,0.001,0.001
06.04.2021 08:37:54.900 GMT-0500,79.402,79.358,0.001,0.001
06.04.2021 08:37:55.319 GMT-0500,79.392,79.358,0.001,0.001
06.04.2021 08:37:55.788 GMT-0500,79.402,79.358,0.001,0.001
06.04.2021 08:37:56.081 GMT-0500,79.382,79.358,0.001,0.001
06.04.2021 08:37:56.132 GMT-0500,79.392,79.358,0.001,0.001
06.04.2021 08:37:56.554 GMT-0500,79.382,79.33800000000001,0.001,0.001
06.04.2021 08:37:57.519 GMT-0500,79.373,79.337,0.001,0.001
06.04.2021 08:37:57.969 GMT-0500,79.362,79.328,0.001,0.001
06.04.2021 08:37:58.647 GMT-0500,79.35300000000001,79.317,0.001,0.001
06.04.2021 08:37:59.038 GMT-0500,79.363,79.327,0.001,0.001
06.04.2021 08:38:00.243 GMT-0500,79.352,79.328,0.001,0.001
06.04.2021 08:38:00.293 GMT-0500,79.362,79.328,0.001,0.001
06.04.2021 08:38:00.900 GMT-0500,79.352,79.328,0.001,0.001
06.04.2021 08:38:01.149 GMT-0500,79.35300000000001,79.307,0.001,0.001
06.04.2021 08:38:01.846 GMT-0500,79.352,79.328,0.001,0.001
06.04.2021 08:38:01.897 GMT-0500,79.35300000000001,79.317,0.001,0.001
06.04.2021 08:38:02.207 GMT-0500,79.362,79.328,0.001,0.001
06.04.2021 08:38:02.494 GMT-0500,79.352,79.328,0.001,0.001
06.04.2021 08:38:02.544 GMT-0500,79.352,79.318,0.001,0.001
06.04.2021 08:38:04.594 GMT-0500,79.343,79.307,0.001,0.001
06.04.2021 08:38:04.669 GMT-0500,79.35300000000001,79.307,0.001,0.001
06.04.2021 08:38:04.818 GMT-0500,79.363,79.327,0.001,0.001
06.04.2021 08:38:05.727 GMT-0500,79.38300000000001,79.347,0.001,0.001
06.04.2021 08:38:05.828 GMT-0500,79.372,79.33800000000001,0.001,0.001
06.04.2021 08:38:06.075 GMT-0500,79.35300000000001,79.317,0.001,0.001
06.04.2021 08:38:06.232 GMT-0500,79.352,79.328,0.001,0.001
06.04.2021 08:38:06.283 GMT-0500,79.352,79.308,0.001,0.001
06.04.2021 08:38:06.807 GMT-0500,79.362,79.328,0.001,0.001
06.04.2021 08:38:06.914 GMT-0500,79.352,79.308,0.001,0.001
06.04.2021 08:38:07.099 GMT-0500,79.35300000000001,79.297,0.001,0.001
06.04.2021 08:38:07.217 GMT-0500,79.35300000000001,79.307,0.001,0.001
06.04.2021 08:38:07.334 GMT-0500,79.352,79.328,0.001,0.001
06.04.2021 08:38:07.384 GMT-0500,79.35300000000001,79.307,0.001,0.001
06.04.2021 08:38:07.623 GMT-0500,79.352,79.298,0.001,0.001
06.04.2021 08:38:08.031 GMT-0500,79.35300000000001,79.307,0.001,0.001
06.04.2021 08:38:08.142 GMT-0500,79.342,79.318,0.001,0.001
06.04.2021 08:38:08.446 GMT-0500,79.35300000000001,79.317,0.001,0.001
06.04.2021 08:38:08.933 GMT-0500,79.342,79.308,0.001,0.001
06.04.2021 08:38:09.151 GMT-0500,79.352,79.318,0.001,0.001
06.04.2021 08:38:09.349 GMT-0500,79.342,79.318,0.001,0.001
06.04.2021 08:38:10.939 GMT-0500,79.35300000000001,79.317,0.001,0.001
06.04.2021 08:38:11.849 GMT-0500,79.342,79.318,0.001,0.001
06.04.2021 08:38:16.498 GMT-0500,79.333,79.307,0.001,0.001
06.04.2021 08:38:16.548 GMT-0500,79.322,79.288,0.001,0.001
06.04.2021 08:38:16.785 GMT-0500,79.312,79.288,0.001,0.001
06.04.2021 08:38:16.914 GMT-0500,79.312,79.278,0.001,0.001
06.04.2021 08:38:17.602 GMT-0500,79.303,79.277,0.001,0.001
06.04.2021 08:38:17.866 GMT-0500,79.302,79.268,0.001,0.001
06.04.2021 08:38:20.088 GMT-0500,79.293,79.267,0.001,0.001
06.04.2021 08:38:20.362 GMT-0500,79.292,79.25800000000001,0.001,0.001
06.04.2021 08:38:20.502 GMT-0500,79.293,79.267,0.001,0.001
06.04.2021 08:38:20.891 GMT-0500,79.293,79.257,0.001,0.001
06.04.2021 08:38:21.230 GMT-0500,79.293,79.267,0.001,0.001
06.04.2021 08:38:21.573 GMT-0500,79.303,79.267,0.001,0.001
06.04.2021 08:38:23.752 GMT-0500,79.312,79.288,0.001,0.001
06.04.2021 08:38:23.802 GMT-0500,79.312,79.278,0.001,0.001
06.04.2021 08:38:25.133 GMT-0500,79.302,79.278,0.001,0.001
06.04.2021 08:38:25.206 GMT-0500,79.303,79.267,0.001,0.001
06.04.2021 08:38:26.551 GMT-0500,79.292,79.268,0.001,0.001
06.04.2021 08:38:26.601 GMT-0500,79.302,79.268,0.001,0.001
06.04.2021 08:38:26.651 GMT-0500,79.293,79.267,0.001,0.001
06.04.2021 08:38:26.789 GMT-0500,79.292,79.25800000000001,0.001,0.001
06.04.2021 08:38:28.272 GMT-0500,79.303,79.267,0.001,0.001
06.04.2021 08:38:29.651 GMT-0500,79.293,79.257,0.001,0.001
06.04.2021 08:38:30.714 GMT-0500,79.292,79.268,0.001,0.001
06.04.2021 08:38:30.765 GMT-0500,79.303,79.267,0.001,0.001
06.04.2021 08:38:30.878 GMT-0500,79.313,79.277,0.001,0.001
06.04.2021 08:38:31.167 GMT-0500,79.302,79.288,0.001,0.001
06.04.2021 08:38:31.489 GMT-0500,79.313,79.287,0.001,0.001
06.04.2021 08:38:32.770 GMT-0500,79.302,79.288,0.001,0.001
06.04.2021 08:38:33.883 GMT-0500,79.313,79.287,0.001,0.001
06.04.2021 08:38:35.077 GMT-0500,79.303,79.287,0.001,0.001
06.04.2021 08:38:37.281 GMT-0500,79.302,79.278,0.001,0.001
06.04.2021 08:38:37.331 GMT-0500,79.292,79.268,0.001,0.001
06.04.2021 08:38:37.625 GMT-0500,79.292,79.25800000000001,0.001,0.001
06.04.2021 08:38:38.496 GMT-0500,79.292,79.268,0.001,0.001
06.04.2021 08:38:39.511 GMT-0500,79.293,79.257,0.001,0.001
06.04.2021 08:38:39.613 GMT-0500,79.293,79.267,0.001,0.001
06.04.2021 08:38:41.317 GMT-0500,79.293,79.257,0.001,0.001
06.04.2021 08:38:41.962 GMT-0500,79.293,79.267,0.001,0.001
06.04.2021 08:38:42.179 GMT-0500,79.293,79.257,0.001,0.001
06.04.2021 08:38:44.392 GMT-0500,79.293,79.267,0.001,0.001
06.04.2021 08:38:44.751 GMT-0500,79.293,79.257,0.001,0.001
06.04.2021 08:38:44.802 GMT-0500,79.293,79.267,0.001,0.001
06.04.2021 08:38:49.718 GMT-0500,79.292,79.25800000000001,0.001,0.001
06.04.2021 08:38:49.943 GMT-0500,79.293,79.267,0.001,0.001
06.04.2021 08:38:50.338 GMT-0500,79.292,79.25800000000001,0.001,0.001
06.04.2021 08:38:50.735 GMT-0500,79.293,79.267,0.001,0.001
06.04.2021 08:38:50.785 GMT-0500,79.303,79.267,0.001,0.001
06.04.2021 08:38:51.455 GMT-0500,79.293,79.257,0.001,0.001
06.04.2021 08:38:51.992 GMT-0500,79.293,79.267,0.001,0.001
06.04.2021 08:38:52.392 GMT-0500,79.293,79.257,0.001,0.001
06.04.2021 08:38:53.088 GMT-0500,79.283,79.257,0.001,0.001
06.04.2021 08:38:53.645 GMT-0500,79.283,79.267,0.001,0.001
06.04.2021 08:38:53.859 GMT-0500,79.282,79.25800000000001,0.001,0.001
06.04.2021 08:38:54.072 GMT-0500,79.292,79.25800000000001,0.001,0.001
06.04.2021 08:38:54.502 GMT-0500,79.302,79.268,0.001,0.001
06.04.2021 08:38:55.814 GMT-0500,79.292,79.268,0.001,0.001
06.04.2021 08:38:55.948 GMT-0500,79.302,79.268,0.001,0.001
06.04.2021 08:38:58.711 GMT-0500,79.303,79.277,0.001,0.001
06.04.2021 08:38:58.761 GMT-0500,79.303,79.267,0.001,0.001
06.04.2021 08:39:00.282 GMT-0500,79.282,79.25800000000001,0.001,0.001
06.04.2021 08:39:00.332 GMT-0500,79.292,79.25800000000001,0.001,0.001
06.04.2021 08:39:00.516 GMT-0500,79.303,79.267,0.001,0.001
06.04.2021 08:39:01.331 GMT-0500,79.303,79.277,0.001,0.001
06.04.2021 08:39:01.636 GMT-0500,79.302,79.268,0.001,0.001
06.04.2021 08:39:01.792 GMT-0500,79.292,79.268,0.001,0.001
06.04.2021 08:39:01.842 GMT-0500,79.303,79.267,0.001,0.001
06.04.2021 08:39:02.343 GMT-0500,79.303,79.277,0.001,0.001
06.04.2021 08:39:02.500 GMT-0500,79.292,79.278,0.001,0.001
06.04.2021 08:39:03.708 GMT-0500,79.292,79.25800000000001,0.001,0.001
06.04.2021 08:39:03.758 GMT-0500,79.282,79.25800000000001,0.001,0.001
06.04.2021 08:39:03.859 GMT-0500,79.292,79.25800000000001,0.001,0.001
06.04.2021 08:39:05.100 GMT-0500,79.292,79.268,0.001,0.001
06.04.2021 08:39:05.226 GMT-0500,79.302,79.288,0.001,0.001
06.04.2021 08:39:05.276 GMT-0500,79.322,79.288,0.001,0.001
06.04.2021 08:39:05.574 GMT-0500,79.302,79.278,0.001,0.001
06.04.2021 08:39:05.683 GMT-0500,79.303,79.267,0.001,0.001
06.04.2021 08:39:05.984 GMT-0500,79.303,79.277,0.001,0.001
06.04.2021 08:39:06.034 GMT-0500,79.312,79.278,0.001,0.001
06.04.2021 08:39:06.085 GMT-0500,79.303,79.277,0.001,0.001
06.04.2021 08:39:06.483 GMT-0500,79.303,79.267,0.001,0.001
06.04.2021 08:39:07.019 GMT-0500,79.303,79.277,0.001,0.001
06.04.2021 08:39:07.108 GMT-0500,79.313,79.277,0.001,0.001
06.04.2021 08:39:08.801 GMT-0500,79.303,79.277,0.001,0.001
06.04.2021 08:39:09.138 GMT-0500,79.302,79.268,0.001,0.001
06.04.2021 08:39:09.548 GMT-0500,79.303,79.277,0.001,0.001
06.04.2021 08:39:09.599 GMT-0500,79.302,79.268,0.001,0.001
06.04.2021 08:39:09.906 GMT-0500,79.303,79.277,0.001,0.001
06.04.2021 08:39:10.132 GMT-0500,79.313,79.277,0.001,0.001
06.04.2021 08:39:10.914 GMT-0500,79.313,79.287,0.001,0.001
06.04.2021 08:39:11.090 GMT-0500,79.322,79.288,0.001,0.001
06.04.2021 08:39:13.380 GMT-0500,79.322,79.298,0.001,0.001
06.04.2021 08:39:13.953 GMT-0500,79.333,79.297,0.001,0.001
06.04.2021 08:39:15.275 GMT-0500,79.333,79.287,0.001,0.001
06.04.2021 08:39:15.326 GMT-0500,79.322,79.288,0.001,0.001
06.04.2021 08:39:15.430 GMT-0500,79.313,79.277,0.001,0.001
06.04.2021 08:39:15.602 GMT-0500,79.302,79.278,0.001,0.001
06.04.2021 08:39:16.075 GMT-0500,79.292,79.278,0.001,0.001
06.04.2021 08:39:16.323 GMT-0500,79.293,79.267,0.001,0.001
06.04.2021 08:39:16.981 GMT-0500,79.302,79.278,0.001,0.001
06.04.2021 08:39:18.059 GMT-0500,79.313,79.277,0.001,0.001
06.04.2021 08:39:18.184 GMT-0500,79.303,79.277,0.001,0.001
06.04.2021 08:39:18.981 GMT-0500,79.313,79.277,0.001,0.001
06.04.2021 08:39:20.070 GMT-0500,79.32300000000001,79.287,0.001,0.001
06.04.2021 08:39:20.922 GMT-0500,79.312,79.288,0.001,0.001
06.04.2021 08:39:21.314 GMT-0500,79.322,79.288,0.001,0.001
06.04.2021 08:39:21.562 GMT-0500,79.313,79.287,0.001,0.001
06.04.2021 08:39:26.117 GMT-0500,79.32300000000001,79.287,0.001,0.001
06.04.2021 08:39:26.256 GMT-0500,79.332,79.288,0.001,0.001
06.04.2021 08:39:26.306 GMT-0500,79.322,79.288,0.001,0.001
06.04.2021 08:39:27.160 GMT-0500,79.343,79.307,0.001,0.001
06.04.2021 08:39:28.007 GMT-0500,79.333,79.317,0.001,0.001
06.04.2021 08:39:28.333 GMT-0500,79.343,79.317,0.001,0.001
06.04.2021 08:39:29.087 GMT-0500,79.332,79.318,0.001,0.001
06.04.2021 08:39:29.293 GMT-0500,79.342,79.318,0.001,0.001
06.04.2021 08:39:30.443 GMT-0500,79.352,79.318,0.001,0.001
06.04.2021 08:39:30.493 GMT-0500,79.342,79.318,0.001,0.001
06.04.2021 08:39:34.120 GMT-0500,79.333,79.317,0.001,0.001
06.04.2021 08:39:34.227 GMT-0500,79.332,79.308,0.001,0.001
06.04.2021 08:39:34.691 GMT-0500,79.322,79.308,0.001,0.001
06.04.2021 08:39:36.512 GMT-0500,79.332,79.308,0.001,0.001
06.04.2021 08:39:37.027 GMT-0500,79.322,79.308,0.001,0.001
06.04.2021 08:39:37.700 GMT-0500,79.312,79.288,0.001,0.001
06.04.2021 08:39:37.952 GMT-0500,79.312,79.278,0.001,0.001
06.04.2021 08:39:38.042 GMT-0500,79.312,79.288,0.001,0.001
06.04.2021 08:39:38.092 GMT-0500,79.313,79.277,0.001,0.001
06.04.2021 08:39:38.351 GMT-0500,79.303,79.277,0.001,0.001
06.04.2021 08:39:39.697 GMT-0500,79.302,79.268,0.001,0.001
06.04.2021 08:39:39.747 GMT-0500,79.313,79.287,0.001,0.001
06.04.2021 08:39:40.234 GMT-0500,79.312,79.278,0.001,0.001
06.04.2021 08:39:40.530 GMT-0500,79.302,79.268,0.001,0.001
06.04.2021 08:39:40.948 GMT-0500,79.303,79.277,0.001,0.001
06.04.2021 08:39:40.998 GMT-0500,79.313,79.277,0.001,0.001
06.04.2021 08:39:41.354 GMT-0500,79.322,79.298,0.001,0.001
06.04.2021 08:39:41.404 GMT-0500,79.333,79.287,0.001,0.001
06.04.2021 08:39:41.454 GMT-0500,79.322,79.298,0.001,0.001
06.04.2021 08:39:41.505 GMT-0500,79.333,79.297,0.001,0.001
06.04.2021 08:39:43.122 GMT-0500,79.333,79.307,0.001,0.001
06.04.2021 08:39:43.172 GMT-0500,79.35300000000001,79.307,0.001,0.001
06.04.2021 08:39:43.273 GMT-0500,79.373,79.337,0.001,0.001
06.04.2021 08:39:43.489 GMT-0500,79.362,79.328,0.001,0.001
06.04.2021 08:39:43.792 GMT-0500,79.362,79.33800000000001,0.001,0.001
06.04.2021 08:39:43.842 GMT-0500,79.373,79.337,0.001,0.001
06.04.2021 08:39:44.432 GMT-0500,79.362,79.328,0.001,0.001
06.04.2021 08:39:45.361 GMT-0500,79.372,79.33800000000001,0.001,0.001
06.04.2021 08:39:45.979 GMT-0500,79.363,79.337,0.001,0.001
06.04.2021 08:39:48.034 GMT-0500,79.38300000000001,79.347,0.001,0.001
06.04.2021 08:39:48.272 GMT-0500,79.393,79.357,0.001,0.001
06.04.2021 08:39:48.382 GMT-0500,79.393,79.347,0.001,0.001
06.04.2021 08:39:48.817 GMT-0500,79.38300000000001,79.347,0.001,0.001
06.04.2021 08:39:50.182 GMT-0500,79.372,79.33800000000001,0.001,0.001
06.04.2021 08:39:50.294 GMT-0500,79.372,79.348,0.001,0.001
06.04.2021 08:39:51.436 GMT-0500,79.38300000000001,79.347,0.001,0.001
06.04.2021 08:39:52.887 GMT-0500,79.372,79.348,0.001,0.001
06.04.2021 08:39:53.471 GMT-0500,79.35300000000001,79.337,0.001,0.001
06.04.2021 08:39:53.521 GMT-0500,79.362,79.33800000000001,0.001,0.001
06.04.2021 08:39:55.125 GMT-0500,79.373,79.347,0.001,0.001
06.04.2021 08:39:56.595 GMT-0500,79.38300000000001,79.347,0.001,0.001
06.04.2021 08:39:56.645 GMT-0500,79.403,79.367,0.001,0.001
06.04.2021 08:39:56.954 GMT-0500,79.393,79.367,0.001,0.001
06.04.2021 08:39:57.133 GMT-0500,79.402,79.36800000000001,0.001,0.001
06.04.2021 08:39:57.184 GMT-0500,79.412,79.378,0.001,0.001
06.04.2021 08:39:59.174 GMT-0500,79.402,79.378,0.001,0.001
06.04.2021 08:39:59.290 GMT-0500,79.412,79.378,0.001,0.001
06.04.2021 08:39:59.450 GMT-0500,79.423,79.387,0.001,0.001
06.04.2021 08:39:59.600 GMT-0500,79.412,79.388,0.001,0.001
06.04.2021 08:40:00.501 GMT-0500,79.433,79.387,0.001,0.001
06.04.2021 08:40:02.463 GMT-0500,79.412,79.388,0.001,0.001
06.04.2021 08:40:04.324 GMT-0500,79.433,79.387,0.001,0.001
06.04.2021 08:40:04.764 GMT-0500,79.432,79.39800000000001,0.001,0.001
06.04.2021 08:40:05.129 GMT-0500,79.452,79.408,0.001,0.001
06.04.2021 08:40:05.179 GMT-0500,79.443,79.407,0.001,0.001
06.04.2021 08:40:06.261 GMT-0500,79.442,79.418,0.001,0.001
06.04.2021 08:40:06.540 GMT-0500,79.46300000000001,79.417,0.001,0.001
06.04.2021 08:40:06.590 GMT-0500,79.452,79.418,0.001,0.001
06.04.2021 08:40:07.077 GMT-0500,79.452,79.428,0.001,0.001
06.04.2021 08:40:08.426 GMT-0500,79.442,79.418,0.001,0.001
06.04.2021 08:40:08.576 GMT-0500,79.432,79.408,0.001,0.001
06.04.2021 08:40:09.215 GMT-0500,79.442,79.408,0.001,0.001
06.04.2021 08:40:09.315 GMT-0500,79.453,79.407,0.001,0.001
06.04.2021 08:40:09.465 GMT-0500,79.443,79.417,0.001,0.001
06.04.2021 08:40:11.259 GMT-0500,79.433,79.397,0.001,0.001
06.04.2021 08:40:11.362 GMT-0500,79.422,79.39800000000001,0.001,0.001
06.04.2021 08:40:11.551 GMT-0500,79.413,79.377,0.001,0.001
06.04.2021 08:40:11.601 GMT-0500,79.413,79.387,0.001,0.001
06.04.2021 08:40:11.738 GMT-0500,79.423,79.387,0.001,0.001
06.04.2021 08:40:12.245 GMT-0500,79.423,79.397,0.001,0.001
06.04.2021 08:40:13.214 GMT-0500,79.423,79.407,0.001,0.001
06.04.2021 08:40:13.495 GMT-0500,79.443,79.417,0.001,0.001
06.04.2021 08:40:13.546 GMT-0500,79.442,79.408,0.001,0.001
06.04.2021 08:40:13.760 GMT-0500,79.433,79.407,0.001,0.001
06.04.2021 08:40:13.907 GMT-0500,79.432,79.39800000000001,0.001,0.001
06.04.2021 08:40:13.957 GMT-0500,79.432,79.408,0.001,0.001
06.04.2021 08:40:14.287 GMT-0500,79.432,79.39800000000001,0.001,0.001
06.04.2021 08:40:14.671 GMT-0500,79.433,79.407,0.001,0.001
06.04.2021 08:40:14.806 GMT-0500,79.442,79.408,0.001,0.001
06.04.2021 08:40:15.569 GMT-0500,79.443,79.417,0.001,0.001
06.04.2021 08:40:15.620 GMT-0500,79.453,79.417,0.001,0.001
06.04.2021 08:40:15.670 GMT-0500,79.452,79.428,0.001,0.001
06.04.2021 08:40:16.462 GMT-0500,79.442,79.408,0.001,0.001
06.04.2021 08:40:16.562 GMT-0500,79.452,79.418,0.001,0.001
06.04.2021 08:40:16.695 GMT-0500,79.452,79.408,0.001,0.001
06.04.2021 08:40:16.758 GMT-0500,79.442,79.408,0.001,0.001
06.04.2021 08:40:17.315 GMT-0500,79.433,79.407,0.001,0.001
06.04.2021 08:40:17.365 GMT-0500,79.432,79.39800000000001,0.001,0.001
06.04.2021 08:40:18.219 GMT-0500,79.432,79.408,0.001,0.001
06.04.2021 08:40:18.348 GMT-0500,79.432,79.39800000000001,0.001,0.001
06.04.2021 08:40:18.398 GMT-0500,79.433,79.407,0.001,0.001
06.04.2021 08:40:18.450 GMT-0500,79.433,79.397,0.001,0.001
06.04.2021 08:40:22.440 GMT-0500,79.443,79.407,0.001,0.001
06.04.2021 08:40:23.788 GMT-0500,79.433,79.407,0.001,0.001
06.04.2021 08:40:24.051 GMT-0500,79.433,79.397,0.001,0.001
06.04.2021 08:40:24.160 GMT-0500,79.442,79.408,0.001,0.001
06.04.2021 08:40:24.268 GMT-0500,79.433,79.407,0.001,0.001
06.04.2021 08:40:24.318 GMT-0500,79.442,79.408,0.001,0.001
06.04.2021 08:40:25.905 GMT-0500,79.442,79.428,0.001,0.001
06.04.2021 08:40:25.955 GMT-0500,79.443,79.417,0.001,0.001
06.04.2021 08:40:26.018 GMT-0500,79.443,79.407,0.001,0.001
06.04.2021 08:40:26.068 GMT-0500,79.442,79.418,0.001,0.001
06.04.2021 08:40:26.337 GMT-0500,79.443,79.407,0.001,0.001
06.04.2021 08:40:26.650 GMT-0500,79.443,79.397,0.001,0.001
06.04.2021 08:40:27.679 GMT-0500,79.433,79.397,0.001,0.001
06.04.2021 08:40:27.902 GMT-0500,79.432,79.408,0.001,0.001
06.04.2021 08:40:28.089 GMT-0500,79.443,79.407,0.001,0.001
06.04.2021 08:40:28.593 GMT-0500,79.443,79.417,0.001,0.001
06.04.2021 08:40:29.607 GMT-0500,79.442,79.428,0.001,0.001
06.04.2021 08:40:30.115 GMT-0500,79.443,79.417,0.001,0.001
06.04.2021 08:40:30.884 GMT-0500,79.452,79.428,0.001,0.001
06.04.2021 08:40:31.196 GMT-0500,79.462,79.428,0.001,0.001
06.04.2021 08:40:31.662 GMT-0500,79.453,79.417,0.001,0.001
06.04.2021 08:40:31.818 GMT-0500,79.442,79.418,0.001,0.001
06.04.2021 08:40:31.869 GMT-0500,79.443,79.407,0.001,0.001
06.04.2021 08:40:31.919 GMT-0500,79.442,79.418,0.001,0.001
06.04.2021 08:40:31.969 GMT-0500,79.442,79.408,0.001,0.001
06.04.2021 08:40:33.301 GMT-0500,79.452,79.418,0.001,0.001
06.04.2021 08:40:35.628 GMT-0500,79.453,79.407,0.001,0.001
06.04.2021 08:40:36.341 GMT-0500,79.442,79.408,0.001,0.001
06.04.2021 08:40:37.255 GMT-0500,79.442,79.418,0.001,0.001
06.04.2021 08:40:37.355 GMT-0500,79.443,79.407,0.001,0.001
06.04.2021 08:40:37.537 GMT-0500,79.443,79.417,0.001,0.001
06.04.2021 08:40:37.731 GMT-0500,79.442,79.428,0.001,0.001
06.04.2021 08:40:37.781 GMT-0500,79.443,79.417,0.001,0.001
06.04.2021 08:40:38.306 GMT-0500,79.442,79.408,0.001,0.001
06.04.2021 08:40:38.418 GMT-0500,79.443,79.427,0.001,0.001
06.04.2021 08:40:38.469 GMT-0500,79.443,79.417,0.001,0.001
06.04.2021 08:40:38.988 GMT-0500,79.452,79.418,0.001,0.001
06.04.2021 08:40:39.177 GMT-0500,79.453,79.427,0.001,0.001
06.04.2021 08:40:39.228 GMT-0500,79.452,79.418,0.001,0.001
06.04.2021 08:40:39.389 GMT-0500,79.442,79.418,0.001,0.001
06.04.2021 08:40:39.440 GMT-0500,79.443,79.407,0.001,0.001
06.04.2021 08:40:41.057 GMT-0500,79.442,79.418,0.001,0.001
06.04.2021 08:40:41.158 GMT-0500,79.443,79.407,0.001,0.001
06.04.2021 08:40:42.526 GMT-0500,79.423,79.387,0.001,0.001
06.04.2021 08:40:42.646 GMT-0500,79.433,79.407,0.001,0.001
06.04.2021 08:40:42.696 GMT-0500,79.432,79.39800000000001,0.001,0.001
06.04.2021 08:40:44.089 GMT-0500,79.433,79.407,0.001,0.001
06.04.2021 08:40:45.276 GMT-0500,79.432,79.39800000000001,0.001,0.001
06.04.2021 08:40:45.326 GMT-0500,79.422,79.39800000000001,0.001,0.001
06.04.2021 08:40:45.377 GMT-0500,79.422,79.388,0.001,0.001
06.04.2021 08:40:46.084 GMT-0500,79.413,79.387,0.001,0.001
06.04.2021 08:40:46.258 GMT-0500,79.413,79.377,0.001,0.001
06.04.2021 08:40:46.308 GMT-0500,79.403,79.377,0.001,0.001
06.04.2021 08:40:46.881 GMT-0500,79.402,79.36800000000001,0.001,0.001
06.04.2021 08:40:46.932 GMT-0500,79.403,79.377,0.001,0.001
06.04.2021 08:40:47.052 GMT-0500,79.412,79.378,0.001,0.001
06.04.2021 08:40:47.230 GMT-0500,79.423,79.387,0.001,0.001
06.04.2021 08:40:49.252 GMT-0500,79.432,79.408,0.001,0.001
06.04.2021 08:40:49.303 GMT-0500,79.442,79.408,0.001,0.001
06.04.2021 08:40:49.521 GMT-0500,79.443,79.417,0.001,0.001
06.04.2021 08:40:49.753 GMT-0500,79.443,79.407,0.001,0.001
06.04.2021 08:40:49.813 GMT-0500,79.443,79.417,0.001,0.001
06.04.2021 08:40:50.028 GMT-0500,79.442,79.408,0.001,0.001
06.04.2021 08:40:50.079 GMT-0500,79.442,79.418,0.001,0.001
06.04.2021 08:40:50.166 GMT-0500,79.452,79.418,0.001,0.001
06.04.2021 08:40:52.202 GMT-0500,79.443,79.417,0.001,0.001
06.04.2021 08:40:52.426 GMT-0500,79.432,79.39800000000001,0.001,0.001
06.04.2021 08:40:52.615 GMT-0500,79.423,79.387,0.001,0.001
06.04.2021 08:40:52.815 GMT-0500,79.433,79.397,0.001,0.001
06.04.2021 08:40:53.797 GMT-0500,79.423,79.397,0.001,0.001
06.04.2021 08:40:53.919 GMT-0500,79.432,79.39800000000001,0.001,0.001
06.04.2021 08:40:55.117 GMT-0500,79.433,79.407,0.001,0.001
06.04.2021 08:40:55.189 GMT-0500,79.442,79.408,0.001,0.001
06.04.2021 08:40:55.484 GMT-0500,79.443,79.417,0.001,0.001
06.04.2021 08:40:55.586 GMT-0500,79.442,79.408,0.001,0.001
06.04.2021 08:40:55.637 GMT-0500,79.453,79.417,0.001,0.001
06.04.2021 08:40:56.489 GMT-0500,79.442,79.408,0.001,0.001
06.04.2021 08:40:56.953 GMT-0500,79.443,79.417,0.001,0.001
06.04.2021 08:40:57.140 GMT-0500,79.453,79.417,0.001,0.001
06.04.2021 08:41:00.178 GMT-0500,79.443,79.417,0.001,0.001
06.04.2021 08:41:00.676 GMT-0500,79.442,79.408,0.001,0.001
06.04.2021 08:41:00.965 GMT-0500,79.432,79.39800000000001,0.001,0.001
06.04.2021 08:41:01.955 GMT-0500,79.423,79.397,0.001,0.001
06.04.2021 08:41:02.703 GMT-0500,79.422,79.388,0.001,0.001
06.04.2021 08:41:03.456 GMT-0500,79.433,79.397,0.001,0.001
06.04.2021 08:41:06.024 GMT-0500,79.422,79.39800000000001,0.001,0.001
06.04.2021 08:41:06.074 GMT-0500,79.433,79.397,0.001,0.001
06.04.2021 08:41:08.030 GMT-0500,79.443,79.417,0.001,0.001
06.04.2021 08:41:08.130 GMT-0500,79.442,79.408,0.001,0.001
06.04.2021 08:41:08.319 GMT-0500,79.442,79.418,0.001,0.001
06.04.2021 08:41:08.370 GMT-0500,79.443,79.407,0.001,0.001
06.04.2021 08:41:10.581 GMT-0500,79.433,79.407,0.001,0.001
06.04.2021 08:41:10.914 GMT-0500,79.432,79.39800000000001,0.001,0.001
06.04.2021 08:41:10.965 GMT-0500,79.432,79.408,0.001,0.001
06.04.2021 08:41:11.169 GMT-0500,79.443,79.407,0.001,0.001
06.04.2021 08:41:11.279 GMT-0500,79.433,79.407,0.001,0.001
06.04.2021 08:41:11.330 GMT-0500,79.443,79.407,0.001,0.001
06.04.2021 08:41:12.629 GMT-0500,79.432,79.39800000000001,0.001,0.001
06.04.2021 08:41:12.745 GMT-0500,79.443,79.407,0.001,0.001
06.04.2021 08:41:14.432 GMT-0500,79.433,79.407,0.001,0.001
06.04.2021 08:41:14.558 GMT-0500,79.433,79.397,0.001,0.001
06.04.2021 08:41:15.120 GMT-0500,79.423,79.397,0.001,0.001
06.04.2021 08:41:15.170 GMT-0500,79.432,79.39800000000001,0.001,0.001
06.04.2021 08:41:16.291 GMT-0500,79.423,79.387,0.001,0.001
06.04.2021 08:41:17.980 GMT-0500,79.433,79.407,0.001,0.001
06.04.2021 08:41:19.908 GMT-0500,79.423,79.407,0.001,0.001
06.04.2021 08:41:19.974 GMT-0500,79.433,79.407,0.001,0.001
06.04.2021 08:41:20.068 GMT-0500,79.422,79.408,0.001,0.001
06.04.2021 08:41:20.278 GMT-0500,79.412,79.388,0.001,0.001
06.04.2021 08:41:20.660 GMT-0500,79.422,79.388,0.001,0.001
06.04.2021 08:41:20.710 GMT-0500,79.433,79.397,0.001,0.001
06.04.2021 08:41:20.853 GMT-0500,79.442,79.408,0.001,0.001
06.04.2021 08:41:21.467 GMT-0500,79.443,79.417,0.001,0.001
06.04.2021 08:41:22.212 GMT-0500,79.453,79.417,0.001,0.001
06.04.2021 08:41:23.198 GMT-0500,79.46300000000001,79.427,0.001,0.001
06.04.2021 08:41:23.498 GMT-0500,79.46300000000001,79.437,0.001,0.001
06.04.2021 08:41:23.677 GMT-0500,79.49300000000001,79.457,0.001,0.001
06.04.2021 08:41:24.312 GMT-0500,79.502,79.44800000000001,0.001,0.001
06.04.2021 08:41:24.481 GMT-0500,79.492,79.44800000000001,0.001,0.001
06.04.2021 08:41:24.601 GMT-0500,79.502,79.44800000000001,0.001,0.001
06.04.2021 08:41:25.426 GMT-0500,79.502,79.458,0.001,0.001
06.04.2021 08:41:25.940 GMT-0500,79.512,79.458,0.001,0.001
06.04.2021 08:41:26.255 GMT-0500,79.503,79.457,0.001,0.001
06.04.2021 08:41:26.619 GMT-0500,79.473,79.437,0.001,0.001
06.04.2021 08:41:26.788 GMT-0500,79.49300000000001,79.457,0.001,0.001
06.04.2021 08:41:28.214 GMT-0500,79.512,79.458,0.001,0.001
06.04.2021 08:41:28.265 GMT-0500,79.513,79.467,0.001,0.001
06.04.2021 08:41:29.019 GMT-0500,79.513,79.477,0.001,0.001
06.04.2021 08:41:29.547 GMT-0500,79.503,79.467,0.001,0.001
06.04.2021 08:41:29.658 GMT-0500,79.503,79.477,0.001,0.001
06.04.2021 08:41:29.709 GMT-0500,79.513,79.477,0.001,0.001
06.04.2021 08:41:30.498 GMT-0500,79.502,79.47800000000001,0.001,0.001
06.04.2021 08:41:30.668 GMT-0500,79.502,79.468,0.001,0.001
06.04.2021 08:41:31.303 GMT-0500,79.52300000000001,79.487,0.001,0.001
06.04.2021 08:41:31.648 GMT-0500,79.522,79.47800000000001,0.001,0.001
06.04.2021 08:41:33.266 GMT-0500,79.502,79.47800000000001,0.001,0.001
06.04.2021 08:41:33.367 GMT-0500,79.503,79.467,0.001,0.001
06.04.2021 08:41:33.497 GMT-0500,79.503,79.477,0.001,0.001
06.04.2021 08:41:34.038 GMT-0500,79.503,79.467,0.001,0.001
06.04.2021 08:41:34.611 GMT-0500,79.503,79.477,0.001,0.001
06.04.2021 08:41:34.661 GMT-0500,79.512,79.47800000000001,0.001,0.001
06.04.2021 08:41:34.855 GMT-0500,79.52300000000001,79.477,0.001,0.001
06.04.2021 08:41:35.015 GMT-0500,79.512,79.47800000000001,0.001,0.001
06.04.2021 08:41:35.240 GMT-0500,79.522,79.47800000000001,0.001,0.001
06.04.2021 08:41:36.279 GMT-0500,79.513,79.477,0.001,0.001
06.04.2021 08:41:36.651 GMT-0500,79.502,79.468,0.001,0.001
06.04.2021 08:41:36.930 GMT-0500,79.503,79.477,0.001,0.001
06.04.2021 08:41:37.137 GMT-0500,79.503,79.467,0.001,0.001
06.04.2021 08:41:38.084 GMT-0500,79.513,79.487,0.001,0.001
06.04.2021 08:41:38.200 GMT-0500,79.52300000000001,79.487,0.001,0.001
06.04.2021 08:41:39.290 GMT-0500,79.52300000000001,79.497,0.001,0.001
06.04.2021 08:41:39.586 GMT-0500,79.52300000000001,79.507,0.001,0.001
06.04.2021 08:41:39.637 GMT-0500,79.512,79.488,0.001,0.001
06.04.2021 08:41:40.195 GMT-0500,79.512,79.498,0.001,0.001
06.04.2021 08:41:40.266 GMT-0500,79.513,79.487,0.001,0.001
06.04.2021 08:41:40.317 GMT-0500,79.502,79.47800000000001,0.001,0.001
06.04.2021 08:41:40.418 GMT-0500,79.492,79.468,0.001,0.001
06.04.2021 08:41:40.756 GMT-0500,79.502,79.47800000000001,0.001,0.001
06.04.2021 08:41:41.061 GMT-0500,79.512,79.47800000000001,0.001,0.001
06.04.2021 08:41:43.491 GMT-0500,79.513,79.487,0.001,0.001
06.04.2021 08:41:44.505 GMT-0500,79.522,79.488,0.001,0.001
06.04.2021 08:41:45.070 GMT-0500,79.512,79.488,0.001,0.001
06.04.2021 08:41:45.294 GMT-0500,79.522,79.488,0.001,0.001
06.04.2021 08:41:46.855 GMT-0500,79.52300000000001,79.497,0.001,0.001
06.04.2021 08:41:49.005 GMT-0500,79.533,79.507,0.001,0.001
06.04.2021 08:41:49.055 GMT-0500,79.532,79.498,0.001,0.001
06.04.2021 08:41:49.201 GMT-0500,79.533,79.507,0.001,0.001
06.04.2021 08:41:49.683 GMT-0500,79.542,79.518,0.001,0.001
06.04.2021 08:41:52.405 GMT-0500,79.552,79.518,0.001,0.001
06.04.2021 08:41:53.891 GMT-0500,79.52300000000001,79.507,0.001,0.001
06.04.2021 08:41:53.941 GMT-0500,79.52300000000001,79.487,0.001,0.001
06.04.2021 08:41:54.118 GMT-0500,79.512,79.488,0.001,0.001
06.04.2021 08:41:54.487 GMT-0500,79.52300000000001,79.497,0.001,0.001
06.04.2021 08:41:55.130 GMT-0500,79.513,79.487,0.001,0.001
06.04.2021 08:41:57.331 GMT-0500,79.502,79.47800000000001,0.001,0.001
06.04.2021 08:41:58.305 GMT-0500,79.49300000000001,79.467,0.001,0.001
06.04.2021 08:41:58.548 GMT-0500,79.492,79.47800000000001,0.001,0.001
06.04.2021 08:41:59.019 GMT-0500,79.513,79.487,0.001,0.001
06.04.2021 08:42:03.003 GMT-0500,79.512,79.47800000000001,0.001,0.001
06.04.2021 08:42:03.197 GMT-0500,79.49300000000001,79.467,0.001,0.001
06.04.2021 08:42:03.247 GMT-0500,79.503,79.467,0.001,0.001
06.04.2021 08:42:03.855 GMT-0500,79.503,79.457,0.001,0.001
06.04.2021 08:42:03.906 GMT-0500,79.502,79.468,0.001,0.001
06.04.2021 08:42:04.504 GMT-0500,79.503,79.457,0.001,0.001
06.04.2021 08:42:04.853 GMT-0500,79.503,79.467,0.001,0.001
06.04.2021 08:42:05.236 GMT-0500,79.503,79.477,0.001,0.001
06.04.2021 08:42:06.784 GMT-0500,79.502,79.468,0.001,0.001
06.04.2021 08:42:07.604 GMT-0500,79.502,79.47800000000001,0.001,0.001
06.04.2021 08:42:08.395 GMT-0500,79.513,79.487,0.001,0.001
06.04.2021 08:42:08.445 GMT-0500,79.522,79.488,0.001,0.001
06.04.2021 08:42:08.564 GMT-0500,79.513,79.487,0.001,0.001
06.04.2021 08:42:08.665 GMT-0500,79.52300000000001,79.497,0.001,0.001
06.04.2021 08:42:08.831 GMT-0500,79.52300000000001,79.507,0.001,0.001
06.04.2021 08:42:11.560 GMT-0500,79.503,79.487,0.001,0.001
06.04.2021 08:42:11.610 GMT-0500,79.512,79.47800000000001,0.001,0.001
06.04.2021 08:42:11.661 GMT-0500,79.503,79.477,0.001,0.001
06.04.2021 08:42:11.711 GMT-0500,79.503,79.467,0.001,0.001
06.04.2021 08:42:12.099 GMT-0500,79.503,79.477,0.001,0.001
06.04.2021 08:42:12.149 GMT-0500,79.502,79.468,0.001,0.001
06.04.2021 08:42:17.813 GMT-0500,79.503,79.477,0.001,0.001
06.04.2021 08:42:18.140 GMT-0500,79.513,79.477,0.001,0.001
06.04.2021 08:42:20.098 GMT-0500,79.513,79.487,0.001,0.001
06.04.2021 08:42:20.571 GMT-0500,79.522,79.498,0.001,0.001
06.04.2021 08:42:24.455 GMT-0500,79.522,79.488,0.001,0.001
06.04.2021 08:42:24.522 GMT-0500,79.513,79.477,0.001,0.001
06.04.2021 08:42:25.231 GMT-0500,79.512,79.488,0.001,0.001
06.04.2021 08:42:27.793 GMT-0500,79.512,79.498,0.001,0.001
06.04.2021 08:42:28.598 GMT-0500,79.513,79.477,0.001,0.001
06.04.2021 08:42:28.878 GMT-0500,79.502,79.468,0.001,0.001
06.04.2021 08:42:29.175 GMT-0500,79.502,79.47800000000001,0.001,0.001
06.04.2021 08:42:29.225 GMT-0500,79.503,79.467,0.001,0.001
06.04.2021 08:42:29.740 GMT-0500,79.503,79.477,0.001,0.001
06.04.2021 08:42:29.790 GMT-0500,79.502,79.468,0.001,0.001
06.04.2021 08:42:30.829 GMT-0500,79.492,79.468,0.001,0.001
06.04.2021 08:42:30.904 GMT-0500,79.503,79.467,0.001,0.001
06.04.2021 08:42:31.084 GMT-0500,79.492,79.458,0.001,0.001
06.04.2021 08:42:31.187 GMT-0500,79.49300000000001,79.467,0.001,0.001
06.04.2021 08:42:31.451 GMT-0500,79.492,79.44800000000001,0.001,0.001
06.04.2021 08:42:31.501 GMT-0500,79.492,79.458,0.001,0.001
06.04.2021 08:42:32.883 GMT-0500,79.492,79.468,0.001,0.001
06.04.2021 08:42:34.020 GMT-0500,79.492,79.458,0.001,0.001
06.04.2021 08:42:34.251 GMT-0500,79.49300000000001,79.467,0.001,0.001
06.04.2021 08:42:34.421 GMT-0500,79.49300000000001,79.457,0.001,0.001
06.04.2021 08:42:34.948 GMT-0500,79.503,79.467,0.001,0.001
06.04.2021 08:42:35.096 GMT-0500,79.49300000000001,79.467,0.001,0.001
06.04.2021 08:42:35.310 GMT-0500,79.503,79.467,0.001,0.001
06.04.2021 08:42:35.795 GMT-0500,79.49300000000001,79.457,0.001,0.001
06.04.2021 08:42:36.136 GMT-0500,79.49300000000001,79.467,0.001,0.001
06.04.2021 08:42:36.794 GMT-0500,79.492,79.458,0.001,0.001
06.04.2021 08:42:37.809 GMT-0500,79.492,79.468,0.001,0.001
06.04.2021 08:42:38.947 GMT-0500,79.49300000000001,79.457,0.001,0.001
06.04.2021 08:42:40.199 GMT-0500,79.49300000000001,79.467,0.001,0.001
06.04.2021 08:42:42.248 GMT-0500,79.49300000000001,79.457,0.001,0.001
06.04.2021 08:42:42.338 GMT-0500,79.492,79.468,0.001,0.001
06.04.2021 08:42:43.122 GMT-0500,79.492,79.458,0.001,0.001
06.04.2021 08:42:43.444 GMT-0500,79.492,79.468,0.001,0.001
06.04.2021 08:42:43.970 GMT-0500,79.492,79.458,0.001,0.001
06.04.2021 08:42:45.057 GMT-0500,79.482,79.44800000000001,0.001,0.001
06.04.2021 08:42:45.305 GMT-0500,79.473,79.427,0.001,0.001
06.04.2021 08:42:45.356 GMT-0500,79.462,79.438,0.001,0.001
06.04.2021 08:42:45.456 GMT-0500,79.462,79.428,0.001,0.001
06.04.2021 08:42:46.424 GMT-0500,79.452,79.418,0.001,0.001
06.04.2021 08:42:47.287 GMT-0500,79.462,79.428,0.001,0.001
06.04.2021 08:42:47.867 GMT-0500,79.453,79.417,0.001,0.001
06.04.2021 08:42:47.920 GMT-0500,79.46300000000001,79.417,0.001,0.001
06.04.2021 08:42:48.019 GMT-0500,79.453,79.417,0.001,0.001
06.04.2021 08:42:48.930 GMT-0500,79.462,79.418,0.001,0.001
06.04.2021 08:42:49.164 GMT-0500,79.452,79.418,0.001,0.001
06.04.2021 08:42:51.074 GMT-0500,79.433,79.407,0.001,0.001
06.04.2021 08:42:51.496 GMT-0500,79.433,79.397,0.001,0.001
06.04.2021 08:42:54.187 GMT-0500,79.442,79.39800000000001,0.001,0.001
06.04.2021 08:42:54.237 GMT-0500,79.433,79.397,0.001,0.001
06.04.2021 08:42:54.848 GMT-0500,79.442,79.39800000000001,0.001,0.001
06.04.2021 08:42:55.273 GMT-0500,79.443,79.417,0.001,0.001
06.04.2021 08:42:56.139 GMT-0500,79.433,79.417,0.001,0.001
06.04.2021 08:42:56.411 GMT-0500,79.433,79.407,0.001,0.001
06.04.2021 08:42:56.620 GMT-0500,79.432,79.39800000000001,0.001,0.001
06.04.2021 08:42:57.025 GMT-0500,79.432,79.408,0.001,0.001
06.04.2021 08:42:57.136 GMT-0500,79.433,79.397,0.001,0.001
06.04.2021 08:42:57.186 GMT-0500,79.423,79.397,0.001,0.001
06.04.2021 08:42:57.237 GMT-0500,79.433,79.397,0.001,0.001
06.04.2021 08:42:57.533 GMT-0500,79.423,79.397,0.001,0.001
06.04.2021 08:42:59.612 GMT-0500,79.422,79.388,0.001,0.001
06.04.2021 08:43:00.073 GMT-0500,79.412,79.378,0.001,0.001
06.04.2021 08:43:00.197 GMT-0500,79.392,79.358,0.001,0.001
06.04.2021 08:43:00.348 GMT-0500,79.393,79.367,0.001,0.001
06.04.2021 08:43:00.398 GMT-0500,79.382,79.348,0.001,0.001
06.04.2021 08:43:00.955 GMT-0500,79.372,79.33800000000001,0.001,0.001
06.04.2021 08:43:01.072 GMT-0500,79.38300000000001,79.347,0.001,0.001
06.04.2021 08:43:04.014 GMT-0500,79.372,79.33800000000001,0.001,0.001
06.04.2021 08:43:04.280 GMT-0500,79.372,79.328,0.001,0.001
06.04.2021 08:43:04.364 GMT-0500,79.373,79.337,0.001,0.001
06.04.2021 08:43:04.487 GMT-0500,79.363,79.337,0.001,0.001
06.04.2021 08:43:05.901 GMT-0500,79.352,79.328,0.001,0.001
06.04.2021 08:43:06.443 GMT-0500,79.362,79.328,0.001,0.001
06.04.2021 08:43:06.545 GMT-0500,79.352,79.328,0.001,0.001
06.04.2021 08:43:08.817 GMT-0500,79.352,79.318,0.001,0.001
06.04.2021 08:43:13.138 GMT-0500,79.352,79.328,0.001,0.001
06.04.2021 08:43:16.130 GMT-0500,79.342,79.328,0.001,0.001
06.04.2021 08:43:16.306 GMT-0500,79.333,79.307,0.001,0.001
06.04.2021 08:43:16.645 GMT-0500,79.342,79.318,0.001,0.001
06.04.2021 08:43:20.042 GMT-0500,79.373,79.337,0.001,0.001
06.04.2021 08:43:20.398 GMT-0500,79.372,79.328,0.001,0.001
06.04.2021 08:43:20.839 GMT-0500,79.372,79.33800000000001,0.001,0.001
06.04.2021 08:43:20.943 GMT-0500,79.373,79.327,0.001,0.001
06.04.2021 08:43:21.044 GMT-0500,79.342,79.328,0.001,0.001
06.04.2021 08:43:21.094 GMT-0500,79.343,79.307,0.001,0.001
06.04.2021 08:43:21.144 GMT-0500,79.332,79.308,0.001,0.001
06.04.2021 08:43:21.268 GMT-0500,79.343,79.307,0.001,0.001
06.04.2021 08:43:22.143 GMT-0500,79.352,79.308,0.001,0.001
06.04.2021 08:43:22.258 GMT-0500,79.362,79.308,0.001,0.001
06.04.2021 08:43:22.660 GMT-0500,79.362,79.328,0.001,0.001
06.04.2021 08:43:22.851 GMT-0500,79.352,79.318,0.001,0.001
06.04.2021 08:43:22.902 GMT-0500,79.363,79.317,0.001,0.001
06.04.2021 08:43:23.229 GMT-0500,79.352,79.318,0.001,0.001
06.04.2021 08:43:23.389 GMT-0500,79.342,79.308,0.001,0.001
06.04.2021 08:43:24.602 GMT-0500,79.343,79.317,0.001,0.001
06.04.2021 08:43:28.218 GMT-0500,79.333,79.297,0.001,0.001
06.04.2021 08:43:28.419 GMT-0500,79.322,79.288,0.001,0.001
06.04.2021 08:43:28.567 GMT-0500,79.312,79.288,0.001,0.001
06.04.2021 08:43:28.700 GMT-0500,79.322,79.288,0.001,0.001
06.04.2021 08:43:28.882 GMT-0500,79.332,79.288,0.001,0.001
06.04.2021 08:43:29.233 GMT-0500,79.332,79.298,0.001,0.001
06.04.2021 08:43:32.766 GMT-0500,79.322,79.298,0.001,0.001
06.04.2021 08:43:33.443 GMT-0500,79.333,79.297,0.001,0.001
06.04.2021 08:43:33.754 GMT-0500,79.342,79.318,0.001,0.001
06.04.2021 08:43:33.804 GMT-0500,79.35300000000001,79.317,0.001,0.001
06.04.2021 08:43:35.542 GMT-0500,79.343,79.307,0.001,0.001
06.04.2021 08:43:36.603 GMT-0500,79.332,79.298,0.001,0.001
06.04.2021 08:43:38.550 GMT-0500,79.342,79.298,0.001,0.001
06.04.2021 08:43:38.600 GMT-0500,79.342,79.308,0.001,0.001
06.04.2021 08:43:38.966 GMT-0500,79.342,79.318,0.001,0.001
06.04.2021 08:43:39.067 GMT-0500,79.362,79.328,0.001,0.001
06.04.2021 08:43:44.998 GMT-0500,79.362,79.318,0.001,0.001
06.04.2021 08:43:45.048 GMT-0500,79.333,79.297,0.001,0.001
06.04.2021 08:43:46.231 GMT-0500,79.35300000000001,79.327,0.001,0.001
06.04.2021 08:43:46.281 GMT-0500,79.35300000000001,79.317,0.001,0.001
06.04.2021 08:43:46.332 GMT-0500,79.352,79.308,0.001,0.001
06.04.2021 08:43:46.530 GMT-0500,79.352,79.318,0.001,0.001
06.04.2021 08:43:53.232 GMT-0500,79.363,79.337,0.001,0.001
06.04.2021 08:43:53.407 GMT-0500,79.373,79.337,0.001,0.001
06.04.2021 08:43:53.549 GMT-0500,79.382,79.33800000000001,0.001,0.001
06.04.2021 08:43:53.948 GMT-0500,79.372,79.33800000000001,0.001,0.001
06.04.2021 08:43:56.070 GMT-0500,79.363,79.327,0.001,0.001
06.04.2021 08:43:56.265 GMT-0500,79.373,79.327,0.001,0.001
06.04.2021 08:43:56.366 GMT-0500,79.362,79.328,0.001,0.001
06.04.2021 08:43:56.416 GMT-0500,79.372,79.328,0.001,0.001
06.04.2021 08:43:56.531 GMT-0500,79.363,79.327,0.001,0.001
06.04.2021 08:43:56.581 GMT-0500,79.372,79.328,0.001,0.001
06.04.2021 08:43:56.632 GMT-0500,79.362,79.328,0.001,0.001
06.04.2021 08:43:56.728 GMT-0500,79.372,79.328,0.001,0.001
06.04.2021 08:43:57.018 GMT-0500,79.363,79.327,0.001,0.001
06.04.2021 08:43:57.450 GMT-0500,79.38300000000001,79.347,0.001,0.001
06.04.2021 08:43:57.607 GMT-0500,79.373,79.337,0.001,0.001
06.04.2021 08:43:58.053 GMT-0500,79.382,79.348,0.001,0.001
06.04.2021 08:43:59.268 GMT-0500,79.362,79.348,0.001,0.001
06.04.2021 08:43:59.633 GMT-0500,79.372,79.348,0.001,0.001
06.04.2021 08:44:00.423 GMT-0500,79.382,79.348,0.001,0.001
06.04.2021 08:44:01.341 GMT-0500,79.382,79.36800000000001,0.001,0.001
06.04.2021 08:44:01.391 GMT-0500,79.393,79.367,0.001,0.001
06.04.2021 08:44:01.456 GMT-0500,79.413,79.377,0.001,0.001
06.04.2021 08:44:01.618 GMT-0500,79.423,79.377,0.001,0.001
06.04.2021 08:44:01.669 GMT-0500,79.403,79.377,0.001,0.001
06.04.2021 08:44:03.749 GMT-0500,79.393,79.357,0.001,0.001
06.04.2021 08:44:04.511 GMT-0500,79.403,79.357,0.001,0.001
06.04.2021 08:44:04.561 GMT-0500,79.403,79.367,0.001,0.001
06.04.2021 08:44:04.611 GMT-0500,79.402,79.358,0.001,0.001
06.04.2021 08:44:04.662 GMT-0500,79.402,79.36800000000001,0.001,0.001
06.04.2021 08:44:04.853 GMT-0500,79.402,79.378,0.001,0.001
06.04.2021 08:44:05.423 GMT-0500,79.403,79.367,0.001,0.001
06.04.2021 08:44:05.713 GMT-0500,79.403,79.377,0.001,0.001
06.04.2021 08:44:07.293 GMT-0500,79.402,79.388,0.001,0.001
06.04.2021 08:44:08.410 GMT-0500,79.403,79.377,0.001,0.001
06.04.2021 08:44:09.585 GMT-0500,79.403,79.367,0.001,0.001
06.04.2021 08:44:12.888 GMT-0500,79.393,79.367,0.001,0.001
06.04.2021 08:44:13.117 GMT-0500,79.393,79.357,0.001,0.001
06.04.2021 08:44:13.939 GMT-0500,79.393,79.377,0.001,0.001
06.04.2021 08:44:14.317 GMT-0500,79.402,79.388,0.001,0.001
06.04.2021 08:44:14.368 GMT-0500,79.422,79.388,0.001,0.001
06.04.2021 08:44:15.107 GMT-0500,79.423,79.397,0.001,0.001
06.04.2021 08:44:15.157 GMT-0500,79.422,79.388,0.001,0.001
06.04.2021 08:44:15.301 GMT-0500,79.423,79.397,0.001,0.001
06.04.2021 08:44:18.046 GMT-0500,79.423,79.387,0.001,0.001
06.04.2021 08:44:19.014 GMT-0500,79.412,79.388,0.001,0.001
06.04.2021 08:44:19.328 GMT-0500,79.393,79.357,0.001,0.001
06.04.2021 08:44:25.463 GMT-0500,79.372,79.33800000000001,0.001,0.001
06.04.2021 08:44:25.773 GMT-0500,79.363,79.337,0.001,0.001
06.04.2021 08:44:25.825 GMT-0500,79.363,79.327,0.001,0.001
06.04.2021 08:44:28.009 GMT-0500,79.373,79.337,0.001,0.001
06.04.2021 08:44:28.500 GMT-0500,79.372,79.328,0.001,0.001
06.04.2021 08:44:29.141 GMT-0500,79.373,79.337,0.001,0.001
06.04.2021 08:44:30.369 GMT-0500,79.363,79.337,0.001,0.001
06.04.2021 08:44:33.159 GMT-0500,79.372,79.348,0.001,0.001
06.04.2021 08:44:33.457 GMT-0500,79.392,79.358,0.001,0.001
06.04.2021 08:44:35.157 GMT-0500,79.382,79.358,0.001,0.001
06.04.2021 08:44:35.208 GMT-0500,79.392,79.358,0.001,0.001
06.04.2021 08:44:36.240 GMT-0500,79.402,79.36800000000001,0.001,0.001
06.04.2021 08:44:36.579 GMT-0500,79.403,79.377,0.001,0.001
06.04.2021 08:44:37.008 GMT-0500,79.422,79.378,0.001,0.001
06.04.2021 08:44:37.468 GMT-0500,79.412,79.378,0.001,0.001
06.04.2021 08:44:37.518 GMT-0500,79.413,79.367,0.001,0.001
06.04.2021 08:44:38.708 GMT-0500,79.413,79.377,0.001,0.001
06.04.2021 08:44:38.826 GMT-0500,79.423,79.377,0.001,0.001
06.04.2021 08:44:38.932 GMT-0500,79.423,79.387,0.001,0.001
06.04.2021 08:44:44.273 GMT-0500,79.433,79.387,0.001,0.001
06.04.2021 08:44:44.323 GMT-0500,79.443,79.397,0.001,0.001
06.04.2021 08:44:45.012 GMT-0500,79.442,79.408,0.001,0.001
06.04.2021 08:44:45.271 GMT-0500,79.442,79.39800000000001,0.001,0.001
06.04.2021 08:44:47.271 GMT-0500,79.452,79.39800000000001,0.001,0.001
06.04.2021 08:44:47.548 GMT-0500,79.442,79.39800000000001,0.001,0.001
06.04.2021 08:44:49.143 GMT-0500,79.413,79.387,0.001,0.001
06.04.2021 08:44:49.235 GMT-0500,79.423,79.387,0.001,0.001
06.04.2021 08:44:49.527 GMT-0500,79.422,79.378,0.001,0.001
06.04.2021 08:44:49.577 GMT-0500,79.402,79.378,0.001,0.001
06.04.2021 08:44:53.043 GMT-0500,79.402,79.388,0.001,0.001
06.04.2021 08:44:53.263 GMT-0500,79.422,79.388,0.001,0.001
06.04.2021 08:44:53.787 GMT-0500,79.413,79.387,0.001,0.001
06.04.2021 08:44:54.619 GMT-0500,79.402,79.378,0.001,0.001
06.04.2021 08:44:54.745 GMT-0500,79.402,79.388,0.001,0.001
06.04.2021 08:44:54.795 GMT-0500,79.402,79.378,0.001,0.001
06.04.2021 08:44:55.210 GMT-0500,79.412,79.388,0.001,0.001
06.04.2021 08:44:57.410 GMT-0500,79.403,79.377,0.001,0.001
06.04.2021 08:44:57.461 GMT-0500,79.413,79.377,0.001,0.001
06.04.2021 08:45:00.823 GMT-0500,79.402,79.378,0.001,0.001
06.04.2021 08:45:00.874 GMT-0500,79.393,79.357,0.001,0.001
06.04.2021 08:45:01.270 GMT-0500,79.392,79.348,0.001,0.001
06.04.2021 08:45:02.131 GMT-0500,79.373,79.347,0.001,0.001
06.04.2021 08:45:02.182 GMT-0500,79.372,79.33800000000001,0.001,0.001
06.04.2021 08:45:02.279 GMT-0500,79.373,79.327,0.001,0.001
06.04.2021 08:45:02.363 GMT-0500,79.372,79.33800000000001,0.001,0.001
06.04.2021 08:45:02.414 GMT-0500,79.372,79.328,0.001,0.001
06.04.2021 08:45:02.678 GMT-0500,79.363,79.327,0.001,0.001
06.04.2021 08:45:02.728 GMT-0500,79.372,79.328,0.001,0.001
06.04.2021 08:45:02.956 GMT-0500,79.382,79.358,0.001,0.001
06.04.2021 08:45:03.007 GMT-0500,79.403,79.367,0.001,0.001
06.04.2021 08:45:03.261 GMT-0500,79.392,79.36800000000001,0.001,0.001
06.04.2021 08:45:03.528 GMT-0500,79.402,79.36800000000001,0.001,0.001
06.04.2021 08:45:03.579 GMT-0500,79.393,79.367,0.001,0.001
06.04.2021 08:45:04.017 GMT-0500,79.403,79.367,0.001,0.001
06.04.2021 08:45:04.068 GMT-0500,79.402,79.358,0.001,0.001
06.04.2021 08:45:04.220 GMT-0500,79.403,79.367,0.001,0.001
06.04.2021 08:45:04.944 GMT-0500,79.403,79.377,0.001,0.001
06.04.2021 08:45:05.501 GMT-0500,79.403,79.367,0.001,0.001
06.04.2021 08:45:05.884 GMT-0500,79.402,79.378,0.001,0.001
06.04.2021 08:45:06.114 GMT-0500,79.413,79.387,0.001,0.001
06.04.2021 08:45:08.752 GMT-0500,79.412,79.39800000000001,0.001,0.001
06.04.2021 08:45:08.802 GMT-0500,79.443,79.397,0.001,0.001
06.04.2021 08:45:09.047 GMT-0500,79.433,79.397,0.001,0.001
06.04.2021 08:45:09.263 GMT-0500,79.433,79.407,0.001,0.001
06.04.2021 08:45:11.084 GMT-0500,79.423,79.397,0.001,0.001
06.04.2021 08:45:11.197 GMT-0500,79.413,79.397,0.001,0.001
06.04.2021 08:45:11.255 GMT-0500,79.422,79.39800000000001,0.001,0.001
06.04.2021 08:45:11.364 GMT-0500,79.432,79.408,0.001,0.001
06.04.2021 08:45:11.415 GMT-0500,79.433,79.397,0.001,0.001
06.04.2021 08:45:11.604 GMT-0500,79.423,79.397,0.001,0.001
06.04.2021 08:45:11.758 GMT-0500,79.412,79.388,0.001,0.001
06.04.2021 08:45:11.864 GMT-0500,79.403,79.387,0.001,0.001
06.04.2021 08:45:11.915 GMT-0500,79.412,79.388,0.001,0.001
06.04.2021 08:45:12.036 GMT-0500,79.402,79.388,0.001,0.001
06.04.2021 08:45:12.089 GMT-0500,79.413,79.387,0.001,0.001
06.04.2021 08:45:15.187 GMT-0500,79.393,79.367,0.001,0.001
06.04.2021 08:45:15.237 GMT-0500,79.413,79.377,0.001,0.001
06.04.2021 08:45:16.361 GMT-0500,79.423,79.387,0.001,0.001
06.04.2021 08:45:16.412 GMT-0500,79.423,79.377,0.001,0.001
06.04.2021 08:45:18.347 GMT-0500,79.413,79.377,0.001,0.001
06.04.2021 08:45:20.200 GMT-0500,79.402,79.36800000000001,0.001,0.001
06.04.2021 08:45:20.250 GMT-0500,79.413,79.367,0.001,0.001
06.04.2021 08:45:20.300 GMT-0500,79.413,79.377,0.001,0.001
06.04.2021 08:45:24.915 GMT-0500,79.403,79.377,0.001,0.001
06.04.2021 08:45:25.015 GMT-0500,79.413,79.377,0.001,0.001
06.04.2021 08:45:25.843 GMT-0500,79.413,79.387,0.001,0.001
06.04.2021 08:45:25.893 GMT-0500,79.413,79.377,0.001,0.001
06.04.2021 08:45:26.743 GMT-0500,79.412,79.388,0.001,0.001
06.04.2021 08:45:27.426 GMT-0500,79.412,79.378,0.001,0.001
06.04.2021 08:45:27.562 GMT-0500,79.412,79.388,0.001,0.001
06.04.2021 08:45:28.817 GMT-0500,79.423,79.397,0.001,0.001
06.04.2021 08:45:28.918 GMT-0500,79.412,79.388,0.001,0.001
06.04.2021 08:45:28.969 GMT-0500,79.422,79.388,0.001,0.001
06.04.2021 08:45:30.367 GMT-0500,79.432,79.39800000000001,0.001,0.001
06.04.2021 08:45:35.961 GMT-0500,79.402,79.378,0.001,0.001
06.04.2021 08:45:36.062 GMT-0500,79.393,79.367,0.001,0.001
06.04.2021 08:45:36.112 GMT-0500,79.403,79.367,0.001,0.001
