Local time,Ask,Bid,AskVolume,BidVolume
07.04.2021 08:30:01.078 GMT-0500,80.482,80.098,0.001,0.001
07.04.2021 08:30:12.534 GMT-0500,80.282,80.098,0.001,0.001
07.04.2021 08:30:12.584 GMT-0500,80.282,80.178,0.001,0.001
07.04.2021 08:30:13.485 GMT-0500,80.183,80.097,0.001,0.001
07.04.2021 08:30:13.536 GMT-0500,80.283,80.097,0.001,0.001
07.04.2021 08:30:13.666 GMT-0500,80.173,80.097,0.001,0.001
07.04.2021 08:30:15.558 GMT-0500,80.173,80.137,0.001,0.001
07.04.2021 08:30:23.263 GMT-0500,80.172,80.098,0.001,0.001
07.04.2021 08:30:29.871 GMT-0500,80.21300000000001,80.117,0.001,0.001
07.04.2021 08:30:32.691 GMT-0500,80.212,80.158,0.001,0.001
07.04.2021 08:30:32.742 GMT-0500,80.252,80.178,0.001,0.001
07.04.2021 08:30:34.356 GMT-0500,80.252,80.168,0.001,0.001
07.04.2021 08:30:34.705 GMT-0500,80.253,80.177,0.001,0.001
07.04.2021 08:30:35.071 GMT-0500,80.223,80.177,0.001,0.001
07.04.2021 08:30:35.184 GMT-0500,80.232,80.178,0.001,0.001
07.04.2021 08:30:35.702 GMT-0500,80.233,80.157,0.001,0.001
07.04.2021 08:30:36.447 GMT-0500,80.232,80.14800000000001,0.001,0.001
07.04.2021 08:30:36.730 GMT-0500,80.212,80.14800000000001,0.001,0.001
07.04.2021 08:30:36.971 GMT-0500,80.223,80.147,0.001,0.001
07.04.2021 08:30:37.994 GMT-0500,80.253,80.147,0.001,0.001
07.04.2021 08:30:39.284 GMT-0500,80.252,80.158,0.001,0.001
07.04.2021 08:30:40.043 GMT-0500,80.253,80.147,0.001,0.001
07.04.2021 08:30:40.728 GMT-0500,80.252,80.158,0.001,0.001
07.04.2021 08:30:41.634 GMT-0500,80.252,80.14800000000001,0.001,0.001
07.04.2021 08:30:42.060 GMT-0500,80.253,80.157,0.001,0.001
07.04.2021 08:30:44.822 GMT-0500,80.253,80.147,0.001,0.001
07.04.2021 08:30:46.867 GMT-0500,80.253,80.157,0.001,0.001
07.04.2021 08:30:48.782 GMT-0500,80.282,80.188,0.001,0.001
07.04.2021 08:30:52.882 GMT-0500,80.312,80.218,0.001,0.001
07.04.2021 08:30:59.061 GMT-0500,80.302,80.218,0.001,0.001
07.04.2021 08:30:59.465 GMT-0500,80.312,80.218,0.001,0.001
07.04.2021 08:31:00.053 GMT-0500,80.322,80.218,0.001,0.001
07.04.2021 08:31:00.811 GMT-0500,80.322,80.22800000000001,0.001,0.001
07.04.2021 08:31:00.862 GMT-0500,80.343,80.237,0.001,0.001
07.04.2021 08:31:01.517 GMT-0500,80.342,80.248,0.001,0.001
07.04.2021 08:31:03.505 GMT-0500,80.342,80.238,0.001,0.001
07.04.2021 08:31:03.555 GMT-0500,80.342,80.248,0.001,0.001
07.04.2021 08:31:04.082 GMT-0500,80.342,80.238,0.001,0.001
07.04.2021 08:31:05.423 GMT-0500,80.343,80.247,0.001,0.001
07.04.2021 08:31:13.164 GMT-0500,80.343,80.257,0.001,0.001
07.04.2021 08:31:13.214 GMT-0500,80.343,80.247,0.001,0.001
07.04.2021 08:31:16.289 GMT-0500,80.272,80.208,0.001,0.001
07.04.2021 08:31:18.193 GMT-0500,80.282,80.208,0.001,0.001
07.04.2021 08:31:18.318 GMT-0500,80.313,80.207,0.001,0.001
07.04.2021 08:31:18.457 GMT-0500,80.302,80.208,0.001,0.001
07.04.2021 08:31:20.645 GMT-0500,80.282,80.208,0.001,0.001
07.04.2021 08:31:20.872 GMT-0500,80.283,80.197,0.001,0.001
07.04.2021 08:31:21.669 GMT-0500,80.313,80.207,0.001,0.001
07.04.2021 08:31:21.719 GMT-0500,80.312,80.238,0.001,0.001
07.04.2021 08:31:22.742 GMT-0500,80.322,80.238,0.001,0.001
07.04.2021 08:31:28.976 GMT-0500,80.343,80.237,0.001,0.001
07.04.2021 08:31:35.656 GMT-0500,80.333,80.207,0.001,0.001
07.04.2021 08:31:37.501 GMT-0500,80.32300000000001,80.207,0.001,0.001
07.04.2021 08:32:02.020 GMT-0500,80.312,80.218,0.001,0.001
07.04.2021 08:32:02.390 GMT-0500,80.32300000000001,80.217,0.001,0.001
07.04.2021 08:32:08.548 GMT-0500,80.332,80.218,0.001,0.001
07.04.2021 08:32:08.599 GMT-0500,80.332,80.238,0.001,0.001
07.04.2021 08:32:08.997 GMT-0500,80.332,80.248,0.001,0.001
07.04.2021 08:32:14.033 GMT-0500,80.342,80.278,0.001,0.001
07.04.2021 08:32:15.795 GMT-0500,80.343,80.287,0.001,0.001
07.04.2021 08:32:16.017 GMT-0500,80.343,80.277,0.001,0.001
07.04.2021 08:32:18.567 GMT-0500,80.292,80.22800000000001,0.001,0.001
07.04.2021 08:32:18.617 GMT-0500,80.303,80.227,0.001,0.001
07.04.2021 08:32:18.668 GMT-0500,80.322,80.22800000000001,0.001,0.001
07.04.2021 08:32:24.099 GMT-0500,80.312,80.22800000000001,0.001,0.001
07.04.2021 08:32:24.276 GMT-0500,80.312,80.218,0.001,0.001
07.04.2021 08:32:24.672 GMT-0500,80.313,80.227,0.001,0.001
07.04.2021 08:32:26.116 GMT-0500,80.312,80.218,0.001,0.001
07.04.2021 08:32:29.920 GMT-0500,80.312,80.22800000000001,0.001,0.001
07.04.2021 08:32:32.061 GMT-0500,80.292,80.218,0.001,0.001
07.04.2021 08:32:32.389 GMT-0500,80.283,80.217,0.001,0.001
07.04.2021 08:32:34.676 GMT-0500,80.283,80.227,0.001,0.001
07.04.2021 08:32:35.120 GMT-0500,80.282,80.218,0.001,0.001
07.04.2021 08:32:37.605 GMT-0500,80.282,80.22800000000001,0.001,0.001
07.04.2021 08:32:37.863 GMT-0500,80.283,80.217,0.001,0.001
07.04.2021 08:32:40.070 GMT-0500,80.233,80.207,0.001,0.001
07.04.2021 08:32:40.120 GMT-0500,80.27300000000001,80.237,0.001,0.001
07.04.2021 08:32:40.410 GMT-0500,80.283,80.237,0.001,0.001
07.04.2021 08:32:40.574 GMT-0500,80.283,80.227,0.001,0.001
07.04.2021 08:32:42.447 GMT-0500,80.272,80.19800000000001,0.001,0.001
07.04.2021 08:32:44.109 GMT-0500,80.262,80.19800000000001,0.001,0.001
07.04.2021 08:32:44.806 GMT-0500,80.27300000000001,80.197,0.001,0.001
07.04.2021 08:32:44.872 GMT-0500,80.302,80.238,0.001,0.001
07.04.2021 08:32:45.070 GMT-0500,80.302,80.22800000000001,0.001,0.001
07.04.2021 08:32:46.264 GMT-0500,80.303,80.247,0.001,0.001
07.04.2021 08:32:46.480 GMT-0500,80.303,80.237,0.001,0.001
07.04.2021 08:32:46.945 GMT-0500,80.302,80.22800000000001,0.001,0.001
07.04.2021 08:32:48.262 GMT-0500,80.302,80.238,0.001,0.001
07.04.2021 08:32:48.452 GMT-0500,80.313,80.237,0.001,0.001
07.04.2021 08:32:49.650 GMT-0500,80.32300000000001,80.247,0.001,0.001
07.04.2021 08:32:51.377 GMT-0500,80.32300000000001,80.257,0.001,0.001
07.04.2021 08:32:52.654 GMT-0500,80.322,80.268,0.001,0.001
07.04.2021 08:32:53.061 GMT-0500,80.343,80.287,0.001,0.001
07.04.2021 08:32:53.112 GMT-0500,80.343,80.277,0.001,0.001
07.04.2021 08:32:54.204 GMT-0500,80.342,80.268,0.001,0.001
07.04.2021 08:32:54.937 GMT-0500,80.342,80.278,0.001,0.001
07.04.2021 08:33:01.526 GMT-0500,80.332,80.278,0.001,0.001
07.04.2021 08:33:03.954 GMT-0500,80.332,80.25800000000001,0.001,0.001
07.04.2021 08:33:04.004 GMT-0500,80.333,80.277,0.001,0.001
07.04.2021 08:33:04.251 GMT-0500,80.333,80.267,0.001,0.001
07.04.2021 08:33:04.607 GMT-0500,80.32300000000001,80.267,0.001,0.001
07.04.2021 08:33:07.228 GMT-0500,80.332,80.278,0.001,0.001
07.04.2021 08:33:08.320 GMT-0500,80.293,80.277,0.001,0.001
07.04.2021 08:33:08.370 GMT-0500,80.32300000000001,80.287,0.001,0.001
07.04.2021 08:33:08.462 GMT-0500,80.333,80.277,0.001,0.001
07.04.2021 08:33:08.867 GMT-0500,80.342,80.278,0.001,0.001
07.04.2021 08:33:09.111 GMT-0500,80.342,80.288,0.001,0.001
07.04.2021 08:33:09.907 GMT-0500,80.343,80.277,0.001,0.001
07.04.2021 08:33:10.714 GMT-0500,80.342,80.288,0.001,0.001
07.04.2021 08:33:11.066 GMT-0500,80.343,80.277,0.001,0.001
07.04.2021 08:33:11.999 GMT-0500,80.342,80.298,0.001,0.001
07.04.2021 08:33:12.058 GMT-0500,80.343,80.287,0.001,0.001
07.04.2021 08:33:14.073 GMT-0500,80.343,80.277,0.001,0.001
07.04.2021 08:33:14.123 GMT-0500,80.302,80.238,0.001,0.001
07.04.2021 08:33:15.109 GMT-0500,80.313,80.237,0.001,0.001
07.04.2021 08:33:16.360 GMT-0500,80.312,80.248,0.001,0.001
07.04.2021 08:33:18.431 GMT-0500,80.313,80.257,0.001,0.001
07.04.2021 08:33:20.260 GMT-0500,80.313,80.247,0.001,0.001
07.04.2021 08:33:20.859 GMT-0500,80.302,80.238,0.001,0.001
07.04.2021 08:33:21.310 GMT-0500,80.302,80.248,0.001,0.001
07.04.2021 08:33:21.411 GMT-0500,80.303,80.237,0.001,0.001
07.04.2021 08:33:22.009 GMT-0500,80.292,80.208,0.001,0.001
07.04.2021 08:33:22.060 GMT-0500,80.253,80.207,0.001,0.001
07.04.2021 08:33:22.110 GMT-0500,80.263,80.207,0.001,0.001
07.04.2021 08:33:22.367 GMT-0500,80.262,80.218,0.001,0.001
07.04.2021 08:33:22.745 GMT-0500,80.262,80.208,0.001,0.001
07.04.2021 08:33:24.416 GMT-0500,80.262,80.19800000000001,0.001,0.001
07.04.2021 08:33:33.988 GMT-0500,80.262,80.208,0.001,0.001
07.04.2021 08:33:37.474 GMT-0500,80.252,80.208,0.001,0.001
07.04.2021 08:33:37.526 GMT-0500,80.263,80.207,0.001,0.001
07.04.2021 08:33:44.658 GMT-0500,80.252,80.208,0.001,0.001
07.04.2021 08:33:44.709 GMT-0500,80.263,80.207,0.001,0.001
07.04.2021 08:33:51.128 GMT-0500,80.242,80.19800000000001,0.001,0.001
07.04.2021 08:33:51.178 GMT-0500,80.233,80.177,0.001,0.001
07.04.2021 08:33:51.548 GMT-0500,80.232,80.168,0.001,0.001
07.04.2021 08:33:51.599 GMT-0500,80.232,80.158,0.001,0.001
07.04.2021 08:33:51.649 GMT-0500,80.233,80.167,0.001,0.001
07.04.2021 08:33:52.966 GMT-0500,80.233,80.157,0.001,0.001
07.04.2021 08:33:53.331 GMT-0500,80.233,80.167,0.001,0.001
07.04.2021 08:33:53.796 GMT-0500,80.233,80.157,0.001,0.001
07.04.2021 08:33:55.478 GMT-0500,80.222,80.158,0.001,0.001
07.04.2021 08:33:55.892 GMT-0500,80.21300000000001,80.137,0.001,0.001
07.04.2021 08:33:55.953 GMT-0500,80.21300000000001,80.127,0.001,0.001
07.04.2021 08:34:04.120 GMT-0500,80.222,80.128,0.001,0.001
07.04.2021 08:34:06.620 GMT-0500,80.21300000000001,80.127,0.001,0.001
07.04.2021 08:34:08.162 GMT-0500,80.212,80.138,0.001,0.001
07.04.2021 08:34:10.663 GMT-0500,80.212,80.128,0.001,0.001
07.04.2021 08:34:11.439 GMT-0500,80.202,80.128,0.001,0.001
07.04.2021 08:34:11.557 GMT-0500,80.193,80.127,0.001,0.001
07.04.2021 08:34:11.973 GMT-0500,80.173,80.117,0.001,0.001
07.04.2021 08:34:12.023 GMT-0500,80.182,80.11800000000001,0.001,0.001
07.04.2021 08:34:14.177 GMT-0500,80.162,80.108,0.001,0.001
07.04.2021 08:34:15.338 GMT-0500,80.143,80.107,0.001,0.001
07.04.2021 08:34:15.439 GMT-0500,80.13300000000001,80.097,0.001,0.001
07.04.2021 08:34:15.526 GMT-0500,80.123,80.077,0.001,0.001
07.04.2021 08:34:15.577 GMT-0500,80.13300000000001,80.077,0.001,0.001
07.04.2021 08:34:15.908 GMT-0500,80.142,80.068,0.001,0.001
07.04.2021 08:34:17.323 GMT-0500,80.13300000000001,80.067,0.001,0.001
07.04.2021 08:34:18.163 GMT-0500,80.122,80.068,0.001,0.001
07.04.2021 08:34:18.500 GMT-0500,80.123,80.057,0.001,0.001
07.04.2021 08:34:19.216 GMT-0500,80.113,80.057,0.001,0.001
07.04.2021 08:34:21.336 GMT-0500,80.092,80.048,0.001,0.001
07.04.2021 08:34:21.732 GMT-0500,80.083,80.047,0.001,0.001
07.04.2021 08:34:24.677 GMT-0500,80.082,80.038,0.001,0.001
07.04.2021 08:34:28.747 GMT-0500,80.082,80.028,0.001,0.001
07.04.2021 08:34:28.798 GMT-0500,80.07300000000001,80.027,0.001,0.001
07.04.2021 08:34:29.807 GMT-0500,80.062,80.028,0.001,0.001
07.04.2021 08:34:29.857 GMT-0500,80.07300000000001,80.027,0.001,0.001
07.04.2021 08:34:30.209 GMT-0500,80.072,80.018,0.001,0.001
07.04.2021 08:34:30.751 GMT-0500,80.062,80.018,0.001,0.001
07.04.2021 08:34:35.045 GMT-0500,80.063,80.007,0.001,0.001
07.04.2021 08:34:35.095 GMT-0500,80.063,80.017,0.001,0.001
07.04.2021 08:34:38.556 GMT-0500,80.062,80.00800000000001,0.001,0.001
07.04.2021 08:34:38.806 GMT-0500,80.043,80.017,0.001,0.001
07.04.2021 08:34:38.856 GMT-0500,80.043,80.007,0.001,0.001
07.04.2021 08:34:38.907 GMT-0500,80.052,80.00800000000001,0.001,0.001
07.04.2021 08:34:39.607 GMT-0500,80.053,79.997,0.001,0.001
07.04.2021 08:34:39.753 GMT-0500,80.043,79.997,0.001,0.001
07.04.2021 08:34:42.523 GMT-0500,80.043,80.017,0.001,0.001
07.04.2021 08:34:42.574 GMT-0500,80.043,80.007,0.001,0.001
07.04.2021 08:34:43.572 GMT-0500,80.043,79.997,0.001,0.001
07.04.2021 08:34:43.657 GMT-0500,80.042,80.00800000000001,0.001,0.001
07.04.2021 08:34:44.014 GMT-0500,80.042,79.998,0.001,0.001
07.04.2021 08:34:44.366 GMT-0500,80.032,79.998,0.001,0.001
07.04.2021 08:34:44.417 GMT-0500,80.043,79.997,0.001,0.001
07.04.2021 08:34:44.658 GMT-0500,80.043,80.007,0.001,0.001
07.04.2021 08:34:44.708 GMT-0500,80.042,79.998,0.001,0.001
07.04.2021 08:34:45.453 GMT-0500,80.02300000000001,79.997,0.001,0.001
07.04.2021 08:34:45.503 GMT-0500,80.032,79.998,0.001,0.001
07.04.2021 08:34:45.774 GMT-0500,80.022,79.958,0.001,0.001
07.04.2021 08:34:46.779 GMT-0500,80.012,79.958,0.001,0.001
07.04.2021 08:34:51.150 GMT-0500,80.002,79.958,0.001,0.001
07.04.2021 08:34:52.621 GMT-0500,80.002,79.97800000000001,0.001,0.001
07.04.2021 08:34:52.671 GMT-0500,80.033,80.007,0.001,0.001
07.04.2021 08:34:52.746 GMT-0500,80.043,80.007,0.001,0.001
07.04.2021 08:34:53.770 GMT-0500,80.052,80.00800000000001,0.001,0.001
07.04.2021 08:34:54.771 GMT-0500,80.063,80.007,0.001,0.001
07.04.2021 08:34:54.822 GMT-0500,80.052,80.00800000000001,0.001,0.001
07.04.2021 08:34:58.926 GMT-0500,80.062,80.00800000000001,0.001,0.001
07.04.2021 08:35:00.320 GMT-0500,80.053,80.007,0.001,0.001
07.04.2021 08:35:00.418 GMT-0500,80.053,79.997,0.001,0.001
07.04.2021 08:35:00.468 GMT-0500,80.053,80.017,0.001,0.001
07.04.2021 08:35:03.475 GMT-0500,80.052,80.038,0.001,0.001
07.04.2021 08:35:03.525 GMT-0500,80.053,80.017,0.001,0.001
07.04.2021 08:35:03.637 GMT-0500,80.042,79.998,0.001,0.001
07.04.2021 08:35:03.968 GMT-0500,80.053,79.997,0.001,0.001
07.04.2021 08:35:04.076 GMT-0500,80.043,79.997,0.001,0.001
07.04.2021 08:35:05.939 GMT-0500,80.002,79.958,0.001,0.001
07.04.2021 08:35:06.224 GMT-0500,80.02300000000001,79.977,0.001,0.001
07.04.2021 08:35:06.441 GMT-0500,80.022,79.968,0.001,0.001
07.04.2021 08:35:07.404 GMT-0500,80.013,79.967,0.001,0.001
07.04.2021 08:35:07.580 GMT-0500,80.003,79.957,0.001,0.001
07.04.2021 08:35:07.681 GMT-0500,79.982,79.938,0.001,0.001
07.04.2021 08:35:07.859 GMT-0500,79.972,79.918,0.001,0.001
07.04.2021 08:35:08.052 GMT-0500,79.983,79.917,0.001,0.001
07.04.2021 08:35:10.463 GMT-0500,79.982,79.938,0.001,0.001
07.04.2021 08:35:10.514 GMT-0500,79.99300000000001,79.937,0.001,0.001
07.04.2021 08:35:12.011 GMT-0500,79.99300000000001,79.947,0.001,0.001
07.04.2021 08:35:13.975 GMT-0500,80.022,79.988,0.001,0.001
07.04.2021 08:35:14.025 GMT-0500,80.02300000000001,79.977,0.001,0.001
07.04.2021 08:35:14.285 GMT-0500,80.02300000000001,79.967,0.001,0.001
07.04.2021 08:35:14.617 GMT-0500,80.033,79.967,0.001,0.001
07.04.2021 08:35:15.058 GMT-0500,80.032,79.97800000000001,0.001,0.001
07.04.2021 08:35:15.164 GMT-0500,80.033,79.967,0.001,0.001
07.04.2021 08:35:15.983 GMT-0500,80.032,79.97800000000001,0.001,0.001
07.04.2021 08:35:20.300 GMT-0500,80.032,79.988,0.001,0.001
07.04.2021 08:35:24.679 GMT-0500,80.003,79.967,0.001,0.001
07.04.2021 08:35:24.729 GMT-0500,80.003,79.947,0.001,0.001
07.04.2021 08:35:24.813 GMT-0500,79.992,79.94800000000001,0.001,0.001
07.04.2021 08:35:24.863 GMT-0500,80.002,79.94800000000001,0.001,0.001
07.04.2021 08:35:25.038 GMT-0500,80.003,79.957,0.001,0.001
07.04.2021 08:35:25.240 GMT-0500,80.012,79.968,0.001,0.001
07.04.2021 08:35:26.222 GMT-0500,80.003,79.957,0.001,0.001
07.04.2021 08:35:26.403 GMT-0500,80.013,79.957,0.001,0.001
07.04.2021 08:35:27.546 GMT-0500,80.02300000000001,79.957,0.001,0.001
07.04.2021 08:35:28.488 GMT-0500,80.033,79.987,0.001,0.001
07.04.2021 08:35:28.741 GMT-0500,80.033,79.977,0.001,0.001
07.04.2021 08:35:28.939 GMT-0500,80.033,79.987,0.001,0.001
07.04.2021 08:35:29.710 GMT-0500,80.052,80.018,0.001,0.001
07.04.2021 08:35:29.760 GMT-0500,80.052,80.00800000000001,0.001,0.001
07.04.2021 08:35:30.025 GMT-0500,80.062,80.00800000000001,0.001,0.001
07.04.2021 08:35:30.075 GMT-0500,80.052,80.00800000000001,0.001,0.001
07.04.2021 08:35:30.393 GMT-0500,80.042,80.00800000000001,0.001,0.001
07.04.2021 08:35:30.444 GMT-0500,80.052,80.00800000000001,0.001,0.001
07.04.2021 08:35:32.654 GMT-0500,80.062,80.018,0.001,0.001
07.04.2021 08:35:33.025 GMT-0500,80.07300000000001,80.017,0.001,0.001
07.04.2021 08:35:34.710 GMT-0500,80.082,80.018,0.001,0.001
07.04.2021 08:35:35.103 GMT-0500,80.083,80.027,0.001,0.001
07.04.2021 08:35:35.303 GMT-0500,80.07300000000001,80.027,0.001,0.001
07.04.2021 08:35:36.434 GMT-0500,80.07300000000001,80.037,0.001,0.001
07.04.2021 08:35:36.767 GMT-0500,80.07300000000001,80.027,0.001,0.001
07.04.2021 08:35:36.903 GMT-0500,80.112,80.068,0.001,0.001
07.04.2021 08:35:38.494 GMT-0500,80.102,80.068,0.001,0.001
07.04.2021 08:35:38.545 GMT-0500,80.07300000000001,80.027,0.001,0.001
07.04.2021 08:35:38.595 GMT-0500,80.062,80.028,0.001,0.001
07.04.2021 08:35:39.218 GMT-0500,80.07300000000001,80.027,0.001,0.001
07.04.2021 08:35:39.553 GMT-0500,80.062,80.028,0.001,0.001
07.04.2021 08:35:41.003 GMT-0500,80.033,79.997,0.001,0.001
07.04.2021 08:35:41.053 GMT-0500,80.042,79.998,0.001,0.001
07.04.2021 08:35:41.891 GMT-0500,80.033,79.997,0.001,0.001
07.04.2021 08:35:42.356 GMT-0500,80.043,79.997,0.001,0.001
07.04.2021 08:35:42.762 GMT-0500,80.042,80.00800000000001,0.001,0.001
07.04.2021 08:35:42.812 GMT-0500,80.042,79.998,0.001,0.001
07.04.2021 08:35:46.434 GMT-0500,80.042,79.988,0.001,0.001
07.04.2021 08:35:46.739 GMT-0500,80.042,79.998,0.001,0.001
07.04.2021 08:35:47.154 GMT-0500,80.043,79.987,0.001,0.001
07.04.2021 08:35:50.587 GMT-0500,80.032,79.988,0.001,0.001
07.04.2021 08:35:51.805 GMT-0500,80.032,79.998,0.001,0.001
07.04.2021 08:35:52.534 GMT-0500,80.032,80.00800000000001,0.001,0.001
07.04.2021 08:35:55.849 GMT-0500,80.042,80.028,0.001,0.001
07.04.2021 08:35:55.899 GMT-0500,80.07300000000001,80.027,0.001,0.001
07.04.2021 08:35:56.237 GMT-0500,80.082,80.028,0.001,0.001
07.04.2021 08:35:56.294 GMT-0500,80.082,80.038,0.001,0.001
07.04.2021 08:35:56.344 GMT-0500,80.082,80.028,0.001,0.001
07.04.2021 08:35:56.685 GMT-0500,80.07300000000001,80.027,0.001,0.001
07.04.2021 08:35:57.169 GMT-0500,80.082,80.028,0.001,0.001
07.04.2021 08:35:57.457 GMT-0500,80.083,80.037,0.001,0.001
07.04.2021 08:35:57.647 GMT-0500,80.082,80.028,0.001,0.001
07.04.2021 08:35:57.898 GMT-0500,80.082,80.038,0.001,0.001
07.04.2021 08:36:01.100 GMT-0500,80.072,80.038,0.001,0.001
07.04.2021 08:36:01.564 GMT-0500,80.082,80.038,0.001,0.001
07.04.2021 08:36:01.966 GMT-0500,80.07300000000001,80.037,0.001,0.001
07.04.2021 08:36:02.423 GMT-0500,80.043,80.017,0.001,0.001
07.04.2021 08:36:02.473 GMT-0500,80.062,80.018,0.001,0.001
07.04.2021 08:36:06.352 GMT-0500,80.062,80.028,0.001,0.001
07.04.2021 08:36:06.425 GMT-0500,80.062,80.018,0.001,0.001
07.04.2021 08:36:06.944 GMT-0500,80.07300000000001,80.027,0.001,0.001
07.04.2021 08:36:07.127 GMT-0500,80.062,80.028,0.001,0.001
07.04.2021 08:36:07.659 GMT-0500,80.072,80.028,0.001,0.001
07.04.2021 08:36:07.949 GMT-0500,80.062,80.028,0.001,0.001
07.04.2021 08:36:08.128 GMT-0500,80.062,80.018,0.001,0.001
07.04.2021 08:36:14.847 GMT-0500,80.052,80.018,0.001,0.001
07.04.2021 08:36:14.898 GMT-0500,80.042,79.998,0.001,0.001
07.04.2021 08:36:15.249 GMT-0500,80.042,80.00800000000001,0.001,0.001
07.04.2021 08:36:15.442 GMT-0500,80.022,80.00800000000001,0.001,0.001
07.04.2021 08:36:15.492 GMT-0500,80.083,80.027,0.001,0.001
07.04.2021 08:36:15.543 GMT-0500,80.083,80.017,0.001,0.001
07.04.2021 08:36:15.838 GMT-0500,80.083,80.037,0.001,0.001
07.04.2021 08:36:15.889 GMT-0500,80.082,80.028,0.001,0.001
07.04.2021 08:36:17.106 GMT-0500,80.063,80.027,0.001,0.001
07.04.2021 08:36:17.531 GMT-0500,80.07300000000001,80.027,0.001,0.001
07.04.2021 08:36:20.445 GMT-0500,80.07300000000001,80.037,0.001,0.001
07.04.2021 08:36:20.695 GMT-0500,80.083,80.037,0.001,0.001
07.04.2021 08:36:20.772 GMT-0500,80.083,80.047,0.001,0.001
07.04.2021 08:36:21.059 GMT-0500,80.083,80.037,0.001,0.001
07.04.2021 08:36:21.209 GMT-0500,80.093,80.037,0.001,0.001
07.04.2021 08:36:22.991 GMT-0500,80.093,80.047,0.001,0.001
07.04.2021 08:36:26.365 GMT-0500,80.052,80.038,0.001,0.001
07.04.2021 08:36:26.415 GMT-0500,80.052,80.018,0.001,0.001
07.04.2021 08:36:26.515 GMT-0500,80.053,80.007,0.001,0.001
07.04.2021 08:36:26.566 GMT-0500,80.063,80.007,0.001,0.001
07.04.2021 08:36:26.996 GMT-0500,80.063,80.017,0.001,0.001
07.04.2021 08:36:27.554 GMT-0500,80.082,80.048,0.001,0.001
07.04.2021 08:36:27.604 GMT-0500,80.082,80.038,0.001,0.001
07.04.2021 08:36:28.016 GMT-0500,80.082,80.028,0.001,0.001
07.04.2021 08:36:29.206 GMT-0500,80.082,80.038,0.001,0.001
07.04.2021 08:36:32.948 GMT-0500,80.093,80.047,0.001,0.001
07.04.2021 08:36:33.228 GMT-0500,80.093,80.037,0.001,0.001
07.04.2021 08:36:33.305 GMT-0500,80.092,80.048,0.001,0.001
07.04.2021 08:36:34.219 GMT-0500,80.093,80.057,0.001,0.001
07.04.2021 08:36:34.270 GMT-0500,80.093,80.047,0.001,0.001
07.04.2021 08:36:35.719 GMT-0500,80.092,80.058,0.001,0.001
07.04.2021 08:36:36.770 GMT-0500,80.10300000000001,80.067,0.001,0.001
07.04.2021 08:36:36.820 GMT-0500,80.102,80.058,0.001,0.001
07.04.2021 08:36:37.965 GMT-0500,80.10300000000001,80.067,0.001,0.001
07.04.2021 08:36:38.073 GMT-0500,80.093,80.047,0.001,0.001
07.04.2021 08:36:38.808 GMT-0500,80.092,80.058,0.001,0.001
07.04.2021 08:36:40.653 GMT-0500,80.072,80.038,0.001,0.001
07.04.2021 08:36:40.753 GMT-0500,80.093,80.037,0.001,0.001
07.04.2021 08:36:41.171 GMT-0500,80.093,80.057,0.001,0.001
07.04.2021 08:36:41.409 GMT-0500,80.093,80.047,0.001,0.001
07.04.2021 08:36:41.459 GMT-0500,80.092,80.058,0.001,0.001
07.04.2021 08:36:41.965 GMT-0500,80.082,80.058,0.001,0.001
07.04.2021 08:36:42.534 GMT-0500,80.092,80.058,0.001,0.001
07.04.2021 08:36:43.733 GMT-0500,80.083,80.057,0.001,0.001
07.04.2021 08:36:44.031 GMT-0500,80.092,80.058,0.001,0.001
07.04.2021 08:36:45.938 GMT-0500,80.082,80.058,0.001,0.001
07.04.2021 08:36:46.191 GMT-0500,80.093,80.057,0.001,0.001
07.04.2021 08:36:48.035 GMT-0500,80.07300000000001,80.037,0.001,0.001
07.04.2021 08:36:48.086 GMT-0500,80.07300000000001,80.027,0.001,0.001
07.04.2021 08:36:48.679 GMT-0500,80.082,80.028,0.001,0.001
07.04.2021 08:36:49.833 GMT-0500,80.072,80.028,0.001,0.001
07.04.2021 08:36:50.152 GMT-0500,80.072,80.018,0.001,0.001
07.04.2021 08:36:51.300 GMT-0500,80.053,80.017,0.001,0.001
07.04.2021 08:36:51.350 GMT-0500,80.053,80.007,0.001,0.001
07.04.2021 08:36:51.692 GMT-0500,80.063,80.007,0.001,0.001
07.04.2021 08:36:53.600 GMT-0500,80.062,79.998,0.001,0.001
07.04.2021 08:36:53.841 GMT-0500,80.053,79.997,0.001,0.001
07.04.2021 08:36:54.919 GMT-0500,80.02300000000001,79.987,0.001,0.001
07.04.2021 08:36:55.022 GMT-0500,80.033,79.987,0.001,0.001
07.04.2021 08:36:55.726 GMT-0500,80.003,79.967,0.001,0.001
07.04.2021 08:36:55.777 GMT-0500,80.013,79.967,0.001,0.001
07.04.2021 08:36:56.900 GMT-0500,80.013,79.957,0.001,0.001
07.04.2021 08:36:57.197 GMT-0500,80.013,79.967,0.001,0.001
07.04.2021 08:36:57.564 GMT-0500,80.012,79.97800000000001,0.001,0.001
07.04.2021 08:36:58.334 GMT-0500,80.013,79.967,0.001,0.001
07.04.2021 08:36:58.854 GMT-0500,80.012,79.988,0.001,0.001
07.04.2021 08:36:58.954 GMT-0500,80.022,79.988,0.001,0.001
07.04.2021 08:36:59.179 GMT-0500,80.032,79.97800000000001,0.001,0.001
07.04.2021 08:37:01.008 GMT-0500,80.013,79.977,0.001,0.001
07.04.2021 08:37:01.371 GMT-0500,80.013,79.967,0.001,0.001
07.04.2021 08:37:01.666 GMT-0500,80.013,79.977,0.001,0.001
07.04.2021 08:37:02.093 GMT-0500,80.02300000000001,79.977,0.001,0.001
07.04.2021 08:37:02.407 GMT-0500,80.022,79.988,0.001,0.001
07.04.2021 08:37:02.475 GMT-0500,80.022,79.97800000000001,0.001,0.001
07.04.2021 08:37:03.010 GMT-0500,80.033,79.977,0.001,0.001
07.04.2021 08:37:03.390 GMT-0500,80.032,79.988,0.001,0.001
07.04.2021 08:37:03.510 GMT-0500,80.033,79.977,0.001,0.001
07.04.2021 08:37:05.008 GMT-0500,80.033,79.987,0.001,0.001
07.04.2021 08:37:05.231 GMT-0500,80.033,79.977,0.001,0.001
07.04.2021 08:37:07.116 GMT-0500,80.033,79.987,0.001,0.001
07.04.2021 08:37:09.011 GMT-0500,80.042,79.998,0.001,0.001
07.04.2021 08:37:09.062 GMT-0500,80.043,79.987,0.001,0.001
07.04.2021 08:37:10.194 GMT-0500,80.022,79.988,0.001,0.001
07.04.2021 08:37:13.109 GMT-0500,80.033,79.987,0.001,0.001
07.04.2021 08:37:13.328 GMT-0500,80.043,79.987,0.001,0.001
07.04.2021 08:37:13.919 GMT-0500,80.042,79.998,0.001,0.001
07.04.2021 08:37:14.043 GMT-0500,80.043,79.987,0.001,0.001
07.04.2021 08:37:14.093 GMT-0500,80.043,79.997,0.001,0.001
07.04.2021 08:37:14.533 GMT-0500,80.043,79.987,0.001,0.001
07.04.2021 08:37:14.938 GMT-0500,80.042,79.998,0.001,0.001
07.04.2021 08:37:17.293 GMT-0500,80.042,79.988,0.001,0.001
07.04.2021 08:37:17.369 GMT-0500,80.043,79.997,0.001,0.001
07.04.2021 08:37:17.420 GMT-0500,80.042,79.988,0.001,0.001
07.04.2021 08:37:17.649 GMT-0500,80.02300000000001,79.987,0.001,0.001
07.04.2021 08:37:17.899 GMT-0500,80.013,79.987,0.001,0.001
07.04.2021 08:37:17.950 GMT-0500,80.002,79.968,0.001,0.001
07.04.2021 08:37:18.041 GMT-0500,80.003,79.957,0.001,0.001
07.04.2021 08:37:18.202 GMT-0500,80.012,79.968,0.001,0.001
07.04.2021 08:37:18.337 GMT-0500,80.012,79.97800000000001,0.001,0.001
07.04.2021 08:37:18.809 GMT-0500,80.013,79.967,0.001,0.001
07.04.2021 08:37:19.343 GMT-0500,80.002,79.968,0.001,0.001
07.04.2021 08:37:19.722 GMT-0500,80.003,79.957,0.001,0.001
07.04.2021 08:37:19.871 GMT-0500,79.992,79.958,0.001,0.001
07.04.2021 08:37:20.684 GMT-0500,80.003,79.957,0.001,0.001
07.04.2021 08:37:20.798 GMT-0500,79.992,79.958,0.001,0.001
07.04.2021 08:37:23.024 GMT-0500,79.99300000000001,79.967,0.001,0.001
07.04.2021 08:37:23.415 GMT-0500,80.003,79.977,0.001,0.001
07.04.2021 08:37:23.466 GMT-0500,80.013,79.977,0.001,0.001
07.04.2021 08:37:24.478 GMT-0500,80.013,79.967,0.001,0.001
07.04.2021 08:37:24.801 GMT-0500,80.012,79.97800000000001,0.001,0.001
07.04.2021 08:37:25.233 GMT-0500,80.02300000000001,79.977,0.001,0.001
07.04.2021 08:37:29.867 GMT-0500,80.022,79.988,0.001,0.001
07.04.2021 08:37:29.917 GMT-0500,80.02300000000001,79.977,0.001,0.001
07.04.2021 08:37:30.617 GMT-0500,80.022,79.988,0.001,0.001
07.04.2021 08:37:31.675 GMT-0500,80.022,79.998,0.001,0.001
07.04.2021 08:37:31.745 GMT-0500,80.022,79.988,0.001,0.001
07.04.2021 08:37:32.043 GMT-0500,80.033,79.987,0.001,0.001
07.04.2021 08:37:32.378 GMT-0500,80.032,80.00800000000001,0.001,0.001
07.04.2021 08:37:36.702 GMT-0500,80.033,79.997,0.001,0.001
07.04.2021 08:37:37.366 GMT-0500,80.032,80.00800000000001,0.001,0.001
07.04.2021 08:37:37.799 GMT-0500,80.032,79.998,0.001,0.001
07.04.2021 08:37:38.408 GMT-0500,80.033,80.007,0.001,0.001
07.04.2021 08:37:40.993 GMT-0500,80.072,80.028,0.001,0.001
07.04.2021 08:37:41.043 GMT-0500,80.062,80.028,0.001,0.001
07.04.2021 08:37:41.234 GMT-0500,80.07300000000001,80.037,0.001,0.001
07.04.2021 08:37:43.869 GMT-0500,80.063,80.037,0.001,0.001
07.04.2021 08:37:43.919 GMT-0500,80.062,80.028,0.001,0.001
07.04.2021 08:37:43.970 GMT-0500,80.072,80.028,0.001,0.001
07.04.2021 08:37:44.023 GMT-0500,80.063,80.027,0.001,0.001
07.04.2021 08:37:44.155 GMT-0500,80.053,80.017,0.001,0.001
07.04.2021 08:37:44.256 GMT-0500,80.052,80.028,0.001,0.001
07.04.2021 08:37:44.634 GMT-0500,80.063,80.027,0.001,0.001
07.04.2021 08:37:45.045 GMT-0500,80.07300000000001,80.037,0.001,0.001
07.04.2021 08:37:45.095 GMT-0500,80.072,80.028,0.001,0.001
07.04.2021 08:37:45.166 GMT-0500,80.062,80.028,0.001,0.001
07.04.2021 08:37:45.372 GMT-0500,80.053,80.027,0.001,0.001
07.04.2021 08:37:45.422 GMT-0500,80.052,80.018,0.001,0.001
07.04.2021 08:37:45.898 GMT-0500,80.062,80.018,0.001,0.001
07.04.2021 08:37:47.473 GMT-0500,80.063,80.027,0.001,0.001
07.04.2021 08:37:48.892 GMT-0500,80.062,80.018,0.001,0.001
07.04.2021 08:37:51.155 GMT-0500,80.062,80.028,0.001,0.001
07.04.2021 08:37:51.335 GMT-0500,80.063,80.037,0.001,0.001
07.04.2021 08:37:51.385 GMT-0500,80.083,80.037,0.001,0.001
07.04.2021 08:37:52.360 GMT-0500,80.083,80.027,0.001,0.001
07.04.2021 08:37:52.522 GMT-0500,80.063,80.027,0.001,0.001
07.04.2021 08:37:53.063 GMT-0500,80.052,80.018,0.001,0.001
07.04.2021 08:37:54.133 GMT-0500,80.042,80.018,0.001,0.001
07.04.2021 08:38:00.472 GMT-0500,80.053,80.017,0.001,0.001
07.04.2021 08:38:01.367 GMT-0500,80.063,80.017,0.001,0.001
07.04.2021 08:38:01.417 GMT-0500,80.043,80.017,0.001,0.001
07.04.2021 08:38:01.917 GMT-0500,80.053,80.017,0.001,0.001
07.04.2021 08:38:02.861 GMT-0500,80.042,80.018,0.001,0.001
07.04.2021 08:38:03.680 GMT-0500,80.052,80.018,0.001,0.001
07.04.2021 08:38:04.309 GMT-0500,80.043,80.017,0.001,0.001
07.04.2021 08:38:04.731 GMT-0500,80.053,80.017,0.001,0.001
07.04.2021 08:38:04.902 GMT-0500,80.042,80.018,0.001,0.001
07.04.2021 08:38:04.952 GMT-0500,80.052,80.018,0.001,0.001
07.04.2021 08:38:05.860 GMT-0500,80.053,80.027,0.001,0.001
07.04.2021 08:38:06.986 GMT-0500,80.053,80.017,0.001,0.001
07.04.2021 08:38:07.036 GMT-0500,80.053,80.027,0.001,0.001
07.04.2021 08:38:07.087 GMT-0500,80.053,80.017,0.001,0.001
07.04.2021 08:38:08.079 GMT-0500,80.052,80.028,0.001,0.001
07.04.2021 08:38:08.235 GMT-0500,80.052,80.018,0.001,0.001
07.04.2021 08:38:08.440 GMT-0500,80.052,80.028,0.001,0.001
07.04.2021 08:38:08.632 GMT-0500,80.07300000000001,80.037,0.001,0.001
07.04.2021 08:38:08.683 GMT-0500,80.083,80.047,0.001,0.001
07.04.2021 08:38:08.750 GMT-0500,80.093,80.047,0.001,0.001
07.04.2021 08:38:10.465 GMT-0500,80.093,80.037,0.001,0.001
07.04.2021 08:38:11.231 GMT-0500,80.082,80.038,0.001,0.001
07.04.2021 08:38:11.635 GMT-0500,80.072,80.038,0.001,0.001
07.04.2021 08:38:11.778 GMT-0500,80.062,80.038,0.001,0.001
07.04.2021 08:38:12.135 GMT-0500,80.052,80.028,0.001,0.001
07.04.2021 08:38:15.468 GMT-0500,80.042,80.028,0.001,0.001
07.04.2021 08:38:21.173 GMT-0500,80.033,80.007,0.001,0.001
07.04.2021 08:38:21.582 GMT-0500,80.02300000000001,79.987,0.001,0.001
07.04.2021 08:38:22.118 GMT-0500,80.012,79.988,0.001,0.001
07.04.2021 08:38:22.169 GMT-0500,80.02300000000001,79.987,0.001,0.001
07.04.2021 08:38:23.807 GMT-0500,80.012,79.988,0.001,0.001
07.04.2021 08:38:23.857 GMT-0500,80.013,79.977,0.001,0.001
07.04.2021 08:38:23.907 GMT-0500,80.013,79.987,0.001,0.001
07.04.2021 08:38:23.965 GMT-0500,80.022,79.988,0.001,0.001
07.04.2021 08:38:28.496 GMT-0500,80.033,80.007,0.001,0.001
07.04.2021 08:38:28.555 GMT-0500,80.033,79.997,0.001,0.001
07.04.2021 08:38:28.917 GMT-0500,80.032,79.988,0.001,0.001
07.04.2021 08:38:28.982 GMT-0500,80.032,80.00800000000001,0.001,0.001
07.04.2021 08:38:32.287 GMT-0500,80.053,80.017,0.001,0.001
07.04.2021 08:38:32.388 GMT-0500,80.033,80.007,0.001,0.001
07.04.2021 08:38:32.663 GMT-0500,80.033,79.997,0.001,0.001
07.04.2021 08:38:32.718 GMT-0500,80.033,80.017,0.001,0.001
07.04.2021 08:38:33.496 GMT-0500,80.022,79.988,0.001,0.001
07.04.2021 08:38:34.107 GMT-0500,80.012,79.988,0.001,0.001
07.04.2021 08:38:34.157 GMT-0500,80.02300000000001,79.987,0.001,0.001
07.04.2021 08:38:35.239 GMT-0500,80.012,79.988,0.001,0.001
07.04.2021 08:38:35.976 GMT-0500,80.012,79.97800000000001,0.001,0.001
07.04.2021 08:38:36.247 GMT-0500,80.012,79.988,0.001,0.001
07.04.2021 08:38:36.344 GMT-0500,80.013,79.977,0.001,0.001
07.04.2021 08:38:37.871 GMT-0500,80.02300000000001,79.977,0.001,0.001
07.04.2021 08:38:37.921 GMT-0500,80.013,79.977,0.001,0.001
07.04.2021 08:38:38.235 GMT-0500,80.012,79.988,0.001,0.001
07.04.2021 08:38:40.146 GMT-0500,80.013,79.977,0.001,0.001
07.04.2021 08:38:41.193 GMT-0500,80.003,79.967,0.001,0.001
07.04.2021 08:38:41.802 GMT-0500,80.003,79.977,0.001,0.001
07.04.2021 08:38:42.055 GMT-0500,80.013,79.977,0.001,0.001
07.04.2021 08:38:42.105 GMT-0500,80.013,79.987,0.001,0.001
07.04.2021 08:38:44.162 GMT-0500,80.002,79.97800000000001,0.001,0.001
07.04.2021 08:38:44.552 GMT-0500,80.002,79.968,0.001,0.001
07.04.2021 08:38:44.602 GMT-0500,80.003,79.977,0.001,0.001
07.04.2021 08:38:45.044 GMT-0500,80.003,79.967,0.001,0.001
07.04.2021 08:38:45.771 GMT-0500,80.003,79.977,0.001,0.001
07.04.2021 08:38:46.128 GMT-0500,80.012,79.97800000000001,0.001,0.001
07.04.2021 08:38:46.803 GMT-0500,80.013,79.987,0.001,0.001
07.04.2021 08:38:46.925 GMT-0500,80.012,79.97800000000001,0.001,0.001
07.04.2021 08:38:49.093 GMT-0500,80.013,79.987,0.001,0.001
07.04.2021 08:38:49.392 GMT-0500,80.013,79.977,0.001,0.001
07.04.2021 08:38:50.782 GMT-0500,80.003,79.977,0.001,0.001
07.04.2021 08:38:50.862 GMT-0500,80.002,79.968,0.001,0.001
07.04.2021 08:38:50.912 GMT-0500,80.003,79.977,0.001,0.001
07.04.2021 08:38:51.084 GMT-0500,80.002,79.968,0.001,0.001
07.04.2021 08:38:51.159 GMT-0500,80.002,79.97800000000001,0.001,0.001
07.04.2021 08:38:51.792 GMT-0500,80.002,79.968,0.001,0.001
07.04.2021 08:38:51.996 GMT-0500,80.002,79.97800000000001,0.001,0.001
07.04.2021 08:38:52.585 GMT-0500,80.012,79.97800000000001,0.001,0.001
07.04.2021 08:38:52.822 GMT-0500,80.012,79.988,0.001,0.001
07.04.2021 08:38:53.186 GMT-0500,80.022,79.988,0.001,0.001
07.04.2021 08:38:53.237 GMT-0500,80.013,79.987,0.001,0.001
07.04.2021 08:38:53.345 GMT-0500,80.013,79.977,0.001,0.001
07.04.2021 08:38:53.451 GMT-0500,80.013,79.987,0.001,0.001
07.04.2021 08:38:53.573 GMT-0500,80.013,79.977,0.001,0.001
07.04.2021 08:38:54.472 GMT-0500,80.02300000000001,79.987,0.001,0.001
07.04.2021 08:38:54.582 GMT-0500,80.043,80.007,0.001,0.001
07.04.2021 08:38:54.713 GMT-0500,80.043,80.017,0.001,0.001
07.04.2021 08:38:54.890 GMT-0500,80.043,80.007,0.001,0.001
07.04.2021 08:38:55.320 GMT-0500,80.032,80.00800000000001,0.001,0.001
07.04.2021 08:38:59.198 GMT-0500,80.013,79.987,0.001,0.001
07.04.2021 08:38:59.498 GMT-0500,80.013,79.977,0.001,0.001
07.04.2021 08:39:01.095 GMT-0500,80.013,79.987,0.001,0.001
07.04.2021 08:39:01.482 GMT-0500,80.003,79.987,0.001,0.001
07.04.2021 08:39:01.849 GMT-0500,80.002,79.97800000000001,0.001,0.001
07.04.2021 08:39:02.189 GMT-0500,80.002,79.988,0.001,0.001
07.04.2021 08:39:04.656 GMT-0500,79.992,79.968,0.001,0.001
07.04.2021 08:39:04.707 GMT-0500,79.992,79.97800000000001,0.001,0.001
07.04.2021 08:39:04.757 GMT-0500,79.992,79.968,0.001,0.001
07.04.2021 08:39:04.937 GMT-0500,79.992,79.97800000000001,0.001,0.001
07.04.2021 08:39:08.642 GMT-0500,79.99300000000001,79.967,0.001,0.001
07.04.2021 08:39:08.692 GMT-0500,79.982,79.968,0.001,0.001
07.04.2021 08:39:10.083 GMT-0500,80.002,79.97800000000001,0.001,0.001
07.04.2021 08:39:11.394 GMT-0500,79.992,79.968,0.001,0.001
07.04.2021 08:39:11.581 GMT-0500,79.983,79.967,0.001,0.001
07.04.2021 08:39:11.835 GMT-0500,79.992,79.968,0.001,0.001
07.04.2021 08:39:12.744 GMT-0500,80.002,79.968,0.001,0.001
07.04.2021 08:39:13.064 GMT-0500,79.992,79.968,0.001,0.001
07.04.2021 08:39:13.726 GMT-0500,80.002,79.968,0.001,0.001
07.04.2021 08:39:13.776 GMT-0500,80.003,79.977,0.001,0.001
07.04.2021 08:39:13.848 GMT-0500,80.003,79.967,0.001,0.001
07.04.2021 08:39:15.096 GMT-0500,79.992,79.968,0.001,0.001
07.04.2021 08:39:17.109 GMT-0500,80.003,79.967,0.001,0.001
07.04.2021 08:39:19.286 GMT-0500,80.002,79.97800000000001,0.001,0.001
07.04.2021 08:39:19.337 GMT-0500,80.003,79.967,0.001,0.001
07.04.2021 08:39:20.962 GMT-0500,80.013,79.987,0.001,0.001
07.04.2021 08:39:21.013 GMT-0500,80.02300000000001,79.987,0.001,0.001
07.04.2021 08:39:21.424 GMT-0500,80.02300000000001,79.997,0.001,0.001
07.04.2021 08:39:21.710 GMT-0500,80.032,79.998,0.001,0.001
07.04.2021 08:39:22.809 GMT-0500,80.043,79.997,0.001,0.001
07.04.2021 08:39:23.483 GMT-0500,80.043,80.007,0.001,0.001
07.04.2021 08:39:25.746 GMT-0500,80.033,80.007,0.001,0.001
07.04.2021 08:39:26.166 GMT-0500,80.042,80.00800000000001,0.001,0.001
07.04.2021 08:39:27.988 GMT-0500,80.053,80.017,0.001,0.001
07.04.2021 08:39:28.307 GMT-0500,80.053,80.007,0.001,0.001
07.04.2021 08:39:28.407 GMT-0500,80.052,80.018,0.001,0.001
07.04.2021 08:39:30.495 GMT-0500,80.063,80.027,0.001,0.001
07.04.2021 08:39:31.281 GMT-0500,80.063,80.037,0.001,0.001
07.04.2021 08:39:32.003 GMT-0500,80.07300000000001,80.047,0.001,0.001
07.04.2021 08:39:32.276 GMT-0500,80.083,80.047,0.001,0.001
07.04.2021 08:39:32.326 GMT-0500,80.07300000000001,80.047,0.001,0.001
07.04.2021 08:39:32.595 GMT-0500,80.082,80.058,0.001,0.001
07.04.2021 08:39:32.977 GMT-0500,80.082,80.048,0.001,0.001
07.04.2021 08:39:33.335 GMT-0500,80.07300000000001,80.047,0.001,0.001
07.04.2021 08:39:34.031 GMT-0500,80.082,80.048,0.001,0.001
07.04.2021 08:39:34.250 GMT-0500,80.07300000000001,80.047,0.001,0.001
07.04.2021 08:39:34.425 GMT-0500,80.082,80.048,0.001,0.001
07.04.2021 08:39:34.818 GMT-0500,80.072,80.048,0.001,0.001
07.04.2021 08:39:38.646 GMT-0500,80.052,80.028,0.001,0.001
07.04.2021 08:39:39.002 GMT-0500,80.052,80.018,0.001,0.001
07.04.2021 08:39:39.052 GMT-0500,80.043,80.007,0.001,0.001
07.04.2021 08:39:39.280 GMT-0500,80.052,80.028,0.001,0.001
07.04.2021 08:39:39.535 GMT-0500,80.052,80.018,0.001,0.001
07.04.2021 08:39:39.677 GMT-0500,80.07300000000001,80.047,0.001,0.001
07.04.2021 08:39:39.727 GMT-0500,80.072,80.038,0.001,0.001
07.04.2021 08:39:39.925 GMT-0500,80.07300000000001,80.047,0.001,0.001
07.04.2021 08:39:40.026 GMT-0500,80.07300000000001,80.037,0.001,0.001
07.04.2021 08:39:42.395 GMT-0500,80.062,80.038,0.001,0.001
07.04.2021 08:39:42.445 GMT-0500,80.052,80.018,0.001,0.001
07.04.2021 08:39:42.516 GMT-0500,80.042,80.018,0.001,0.001
07.04.2021 08:39:42.698 GMT-0500,80.043,80.007,0.001,0.001
07.04.2021 08:39:43.519 GMT-0500,80.032,80.00800000000001,0.001,0.001
07.04.2021 08:39:44.527 GMT-0500,80.042,80.00800000000001,0.001,0.001
07.04.2021 08:39:45.167 GMT-0500,80.053,80.027,0.001,0.001
07.04.2021 08:39:45.218 GMT-0500,80.052,80.018,0.001,0.001
07.04.2021 08:39:45.343 GMT-0500,80.042,80.018,0.001,0.001
07.04.2021 08:39:45.654 GMT-0500,80.043,80.007,0.001,0.001
07.04.2021 08:39:49.702 GMT-0500,80.033,80.007,0.001,0.001
07.04.2021 08:39:50.002 GMT-0500,80.033,79.997,0.001,0.001
07.04.2021 08:39:50.122 GMT-0500,80.032,80.00800000000001,0.001,0.001
07.04.2021 08:39:51.523 GMT-0500,80.033,79.997,0.001,0.001
07.04.2021 08:39:54.194 GMT-0500,80.02300000000001,79.997,0.001,0.001
07.04.2021 08:39:54.276 GMT-0500,80.033,79.997,0.001,0.001
07.04.2021 08:39:54.397 GMT-0500,80.022,79.998,0.001,0.001
07.04.2021 08:39:54.879 GMT-0500,80.013,79.997,0.001,0.001
07.04.2021 08:40:00.185 GMT-0500,80.02300000000001,79.997,0.001,0.001
07.04.2021 08:40:01.393 GMT-0500,80.033,79.997,0.001,0.001
07.04.2021 08:40:02.745 GMT-0500,80.022,79.998,0.001,0.001
07.04.2021 08:40:12.238 GMT-0500,80.032,79.998,0.001,0.001
07.04.2021 08:40:12.420 GMT-0500,80.032,80.00800000000001,0.001,0.001
07.04.2021 08:40:12.629 GMT-0500,80.022,80.00800000000001,0.001,0.001
07.04.2021 08:40:12.722 GMT-0500,80.022,79.998,0.001,0.001
07.04.2021 08:40:12.823 GMT-0500,80.013,79.997,0.001,0.001
07.04.2021 08:40:12.873 GMT-0500,80.02300000000001,79.997,0.001,0.001
07.04.2021 08:40:12.973 GMT-0500,80.043,80.007,0.001,0.001
07.04.2021 08:40:13.057 GMT-0500,80.043,79.997,0.001,0.001
07.04.2021 08:40:13.278 GMT-0500,80.033,79.997,0.001,0.001
07.04.2021 08:40:14.168 GMT-0500,80.033,80.007,0.001,0.001
07.04.2021 08:40:14.472 GMT-0500,80.033,79.997,0.001,0.001
07.04.2021 08:40:15.333 GMT-0500,80.032,80.018,0.001,0.001
07.04.2021 08:40:15.384 GMT-0500,80.032,80.00800000000001,0.001,0.001
07.04.2021 08:40:18.328 GMT-0500,80.043,80.017,0.001,0.001
07.04.2021 08:40:18.668 GMT-0500,80.033,80.007,0.001,0.001
07.04.2021 08:40:18.818 GMT-0500,80.02300000000001,80.007,0.001,0.001
07.04.2021 08:40:18.968 GMT-0500,80.012,79.998,0.001,0.001
07.04.2021 08:40:19.312 GMT-0500,80.012,79.988,0.001,0.001
07.04.2021 08:40:19.362 GMT-0500,80.002,79.988,0.001,0.001
07.04.2021 08:40:20.815 GMT-0500,79.992,79.968,0.001,0.001
07.04.2021 08:40:21.355 GMT-0500,80.012,79.988,0.001,0.001
07.04.2021 08:40:22.078 GMT-0500,80.013,79.977,0.001,0.001
07.04.2021 08:40:22.218 GMT-0500,80.002,79.97800000000001,0.001,0.001
07.04.2021 08:40:22.776 GMT-0500,80.013,79.977,0.001,0.001
07.04.2021 08:40:23.315 GMT-0500,80.003,79.967,0.001,0.001
07.04.2021 08:40:24.189 GMT-0500,80.012,79.97800000000001,0.001,0.001
07.04.2021 08:40:24.993 GMT-0500,80.012,79.988,0.001,0.001
07.04.2021 08:40:25.474 GMT-0500,80.022,79.998,0.001,0.001
07.04.2021 08:40:25.525 GMT-0500,80.02300000000001,79.987,0.001,0.001
07.04.2021 08:40:26.453 GMT-0500,80.013,79.987,0.001,0.001
07.04.2021 08:40:27.734 GMT-0500,80.022,79.988,0.001,0.001
07.04.2021 08:40:29.071 GMT-0500,80.022,79.998,0.001,0.001
07.04.2021 08:40:29.121 GMT-0500,80.02300000000001,79.987,0.001,0.001
07.04.2021 08:40:29.353 GMT-0500,80.013,79.987,0.001,0.001
07.04.2021 08:40:34.408 GMT-0500,80.002,79.97800000000001,0.001,0.001
07.04.2021 08:40:34.569 GMT-0500,79.99300000000001,79.957,0.001,0.001
07.04.2021 08:40:35.141 GMT-0500,79.992,79.968,0.001,0.001
07.04.2021 08:40:37.450 GMT-0500,79.99300000000001,79.957,0.001,0.001
07.04.2021 08:40:38.557 GMT-0500,79.982,79.958,0.001,0.001
07.04.2021 08:40:38.607 GMT-0500,79.983,79.947,0.001,0.001
07.04.2021 08:40:43.560 GMT-0500,79.973,79.947,0.001,0.001
07.04.2021 08:40:43.611 GMT-0500,79.983,79.947,0.001,0.001
07.04.2021 08:40:43.661 GMT-0500,79.982,79.958,0.001,0.001
07.04.2021 08:40:43.975 GMT-0500,79.99300000000001,79.957,0.001,0.001
07.04.2021 08:40:44.025 GMT-0500,79.982,79.958,0.001,0.001
07.04.2021 08:40:44.126 GMT-0500,79.973,79.947,0.001,0.001
07.04.2021 08:40:46.078 GMT-0500,79.992,79.958,0.001,0.001
07.04.2021 08:40:49.436 GMT-0500,79.982,79.958,0.001,0.001
07.04.2021 08:40:52.580 GMT-0500,79.992,79.958,0.001,0.001
07.04.2021 08:40:52.650 GMT-0500,79.983,79.957,0.001,0.001
07.04.2021 08:40:53.095 GMT-0500,79.972,79.94800000000001,0.001,0.001
07.04.2021 08:40:53.145 GMT-0500,79.972,79.938,0.001,0.001
07.04.2021 08:40:54.143 GMT-0500,79.96300000000001,79.937,0.001,0.001
07.04.2021 08:40:55.384 GMT-0500,79.962,79.928,0.001,0.001
07.04.2021 08:40:55.435 GMT-0500,79.96300000000001,79.937,0.001,0.001
07.04.2021 08:40:55.575 GMT-0500,79.96300000000001,79.927,0.001,0.001
07.04.2021 08:40:56.517 GMT-0500,79.972,79.938,0.001,0.001
07.04.2021 08:40:58.353 GMT-0500,79.96300000000001,79.937,0.001,0.001
07.04.2021 08:40:58.736 GMT-0500,79.973,79.937,0.001,0.001
07.04.2021 08:40:59.414 GMT-0500,79.982,79.958,0.001,0.001
07.04.2021 08:40:59.799 GMT-0500,79.99300000000001,79.957,0.001,0.001
07.04.2021 08:41:00.332 GMT-0500,79.983,79.957,0.001,0.001
07.04.2021 08:41:00.815 GMT-0500,79.982,79.94800000000001,0.001,0.001
07.04.2021 08:41:02.242 GMT-0500,79.972,79.94800000000001,0.001,0.001
07.04.2021 08:41:03.411 GMT-0500,79.972,79.938,0.001,0.001
07.04.2021 08:41:03.502 GMT-0500,79.972,79.94800000000001,0.001,0.001
07.04.2021 08:41:05.065 GMT-0500,79.983,79.947,0.001,0.001
07.04.2021 08:41:05.125 GMT-0500,79.972,79.94800000000001,0.001,0.001
07.04.2021 08:41:05.987 GMT-0500,79.983,79.947,0.001,0.001
07.04.2021 08:41:06.489 GMT-0500,79.972,79.94800000000001,0.001,0.001
07.04.2021 08:41:06.777 GMT-0500,79.973,79.937,0.001,0.001
07.04.2021 08:41:07.982 GMT-0500,79.973,79.947,0.001,0.001
07.04.2021 08:41:08.032 GMT-0500,79.973,79.937,0.001,0.001
07.04.2021 08:41:12.739 GMT-0500,79.96300000000001,79.927,0.001,0.001
07.04.2021 08:41:13.391 GMT-0500,79.973,79.947,0.001,0.001
07.04.2021 08:41:13.442 GMT-0500,79.972,79.938,0.001,0.001
07.04.2021 08:41:14.183 GMT-0500,79.973,79.947,0.001,0.001
07.04.2021 08:41:14.616 GMT-0500,79.983,79.947,0.001,0.001
07.04.2021 08:41:16.202 GMT-0500,79.982,79.958,0.001,0.001
07.04.2021 08:41:17.470 GMT-0500,79.992,79.958,0.001,0.001
07.04.2021 08:41:18.266 GMT-0500,79.982,79.958,0.001,0.001
07.04.2021 08:41:18.375 GMT-0500,79.973,79.947,0.001,0.001
07.04.2021 08:41:19.379 GMT-0500,79.972,79.938,0.001,0.001
07.04.2021 08:41:20.263 GMT-0500,79.972,79.94800000000001,0.001,0.001
07.04.2021 08:41:20.546 GMT-0500,79.973,79.937,0.001,0.001
07.04.2021 08:41:21.552 GMT-0500,79.96300000000001,79.927,0.001,0.001
07.04.2021 08:41:23.858 GMT-0500,79.952,79.928,0.001,0.001
07.04.2021 08:41:24.284 GMT-0500,79.952,79.918,0.001,0.001
07.04.2021 08:41:24.909 GMT-0500,79.952,79.928,0.001,0.001
07.04.2021 08:41:25.742 GMT-0500,79.942,79.918,0.001,0.001
07.04.2021 08:41:26.072 GMT-0500,79.932,79.918,0.001,0.001
07.04.2021 08:41:26.123 GMT-0500,79.923,79.897,0.001,0.001
07.04.2021 08:41:27.100 GMT-0500,79.932,79.89800000000001,0.001,0.001
07.04.2021 08:41:28.926 GMT-0500,79.943,79.917,0.001,0.001
07.04.2021 08:41:29.267 GMT-0500,79.953,79.917,0.001,0.001
07.04.2021 08:41:30.088 GMT-0500,79.942,79.918,0.001,0.001
07.04.2021 08:41:31.303 GMT-0500,79.942,79.908,0.001,0.001
07.04.2021 08:41:32.433 GMT-0500,79.943,79.917,0.001,0.001
07.04.2021 08:41:33.873 GMT-0500,79.943,79.907,0.001,0.001
07.04.2021 08:41:33.923 GMT-0500,79.932,79.908,0.001,0.001
07.04.2021 08:41:33.989 GMT-0500,79.942,79.908,0.001,0.001
07.04.2021 08:41:35.721 GMT-0500,79.933,79.907,0.001,0.001
07.04.2021 08:41:36.098 GMT-0500,79.942,79.908,0.001,0.001
07.04.2021 08:41:37.475 GMT-0500,79.952,79.928,0.001,0.001
07.04.2021 08:41:37.576 GMT-0500,79.953,79.917,0.001,0.001
07.04.2021 08:41:37.830 GMT-0500,79.953,79.927,0.001,0.001
07.04.2021 08:41:38.669 GMT-0500,79.953,79.917,0.001,0.001
07.04.2021 08:41:38.769 GMT-0500,79.942,79.918,0.001,0.001
07.04.2021 08:41:39.391 GMT-0500,79.943,79.907,0.001,0.001
07.04.2021 08:41:39.703 GMT-0500,79.932,79.908,0.001,0.001
07.04.2021 08:41:39.804 GMT-0500,79.932,79.89800000000001,0.001,0.001
07.04.2021 08:41:40.176 GMT-0500,79.942,79.908,0.001,0.001
07.04.2021 08:41:41.295 GMT-0500,79.932,79.908,0.001,0.001
07.04.2021 08:41:41.617 GMT-0500,79.943,79.907,0.001,0.001
07.04.2021 08:41:44.063 GMT-0500,79.932,79.908,0.001,0.001
07.04.2021 08:41:45.813 GMT-0500,79.933,79.917,0.001,0.001
07.04.2021 08:41:46.054 GMT-0500,79.943,79.917,0.001,0.001
07.04.2021 08:41:48.807 GMT-0500,79.953,79.927,0.001,0.001
07.04.2021 08:41:49.637 GMT-0500,79.952,79.918,0.001,0.001
07.04.2021 08:41:49.950 GMT-0500,79.943,79.917,0.001,0.001
07.04.2021 08:41:50.306 GMT-0500,79.942,79.908,0.001,0.001
07.04.2021 08:41:50.633 GMT-0500,79.932,79.908,0.001,0.001
07.04.2021 08:41:50.764 GMT-0500,79.932,79.89800000000001,0.001,0.001
07.04.2021 08:41:50.814 GMT-0500,79.933,79.907,0.001,0.001
07.04.2021 08:41:51.225 GMT-0500,79.912,79.89800000000001,0.001,0.001
07.04.2021 08:41:51.399 GMT-0500,79.902,79.878,0.001,0.001
07.04.2021 08:41:52.232 GMT-0500,79.913,79.887,0.001,0.001
07.04.2021 08:41:53.307 GMT-0500,79.912,79.878,0.001,0.001
07.04.2021 08:41:54.528 GMT-0500,79.912,79.888,0.001,0.001
07.04.2021 08:41:54.863 GMT-0500,79.922,79.89800000000001,0.001,0.001
07.04.2021 08:41:56.175 GMT-0500,79.933,79.907,0.001,0.001
07.04.2021 08:41:56.769 GMT-0500,79.942,79.908,0.001,0.001
07.04.2021 08:41:57.865 GMT-0500,79.933,79.897,0.001,0.001
07.04.2021 08:41:58.132 GMT-0500,79.942,79.908,0.001,0.001
07.04.2021 08:41:59.591 GMT-0500,79.943,79.897,0.001,0.001
07.04.2021 08:41:59.666 GMT-0500,79.943,79.907,0.001,0.001
07.04.2021 08:41:59.809 GMT-0500,79.933,79.897,0.001,0.001
07.04.2021 08:42:00.898 GMT-0500,79.923,79.887,0.001,0.001
07.04.2021 08:42:02.745 GMT-0500,79.912,79.888,0.001,0.001
07.04.2021 08:42:02.846 GMT-0500,79.912,79.878,0.001,0.001
07.04.2021 08:42:03.100 GMT-0500,79.913,79.867,0.001,0.001
07.04.2021 08:42:04.515 GMT-0500,79.913,79.877,0.001,0.001
07.04.2021 08:42:06.343 GMT-0500,79.923,79.887,0.001,0.001
07.04.2021 08:42:06.664 GMT-0500,79.913,79.877,0.001,0.001
07.04.2021 08:42:08.092 GMT-0500,79.902,79.878,0.001,0.001
07.04.2021 08:42:08.157 GMT-0500,79.903,79.867,0.001,0.001
07.04.2021 08:42:09.177 GMT-0500,79.912,79.878,0.001,0.001
07.04.2021 08:42:09.691 GMT-0500,79.902,79.86800000000001,0.001,0.001
07.04.2021 08:42:09.851 GMT-0500,79.902,79.878,0.001,0.001
07.04.2021 08:42:09.902 GMT-0500,79.913,79.877,0.001,0.001
07.04.2021 08:42:10.165 GMT-0500,79.903,79.877,0.001,0.001
07.04.2021 08:42:10.980 GMT-0500,79.912,79.878,0.001,0.001
07.04.2021 08:42:12.907 GMT-0500,79.902,79.878,0.001,0.001
07.04.2021 08:42:12.996 GMT-0500,79.913,79.877,0.001,0.001
07.04.2021 08:42:17.145 GMT-0500,79.902,79.878,0.001,0.001
07.04.2021 08:42:17.245 GMT-0500,79.892,79.858,0.001,0.001
07.04.2021 08:42:17.464 GMT-0500,79.882,79.858,0.001,0.001
07.04.2021 08:42:17.706 GMT-0500,79.893,79.857,0.001,0.001
07.04.2021 08:42:17.979 GMT-0500,79.882,79.858,0.001,0.001
07.04.2021 08:42:18.231 GMT-0500,79.892,79.858,0.001,0.001
07.04.2021 08:42:19.132 GMT-0500,79.88300000000001,79.857,0.001,0.001
07.04.2021 08:42:19.182 GMT-0500,79.893,79.847,0.001,0.001
07.04.2021 08:42:19.684 GMT-0500,79.892,79.858,0.001,0.001
07.04.2021 08:42:20.786 GMT-0500,79.88300000000001,79.847,0.001,0.001
07.04.2021 08:42:21.186 GMT-0500,79.873,79.847,0.001,0.001
07.04.2021 08:42:22.075 GMT-0500,79.872,79.83800000000001,0.001,0.001
07.04.2021 08:42:22.247 GMT-0500,79.873,79.847,0.001,0.001
07.04.2021 08:42:23.697 GMT-0500,79.873,79.837,0.001,0.001
07.04.2021 08:42:26.150 GMT-0500,79.873,79.847,0.001,0.001
07.04.2021 08:42:26.251 GMT-0500,79.882,79.858,0.001,0.001
07.04.2021 08:42:26.612 GMT-0500,79.882,79.848,0.001,0.001
07.04.2021 08:42:26.980 GMT-0500,79.872,79.848,0.001,0.001
07.04.2021 08:42:27.161 GMT-0500,79.872,79.83800000000001,0.001,0.001
07.04.2021 08:42:27.451 GMT-0500,79.85300000000001,79.827,0.001,0.001
07.04.2021 08:42:27.502 GMT-0500,79.852,79.818,0.001,0.001
07.04.2021 08:42:27.874 GMT-0500,79.85300000000001,79.827,0.001,0.001
07.04.2021 08:42:28.453 GMT-0500,79.85300000000001,79.817,0.001,0.001
07.04.2021 08:42:29.039 GMT-0500,79.843,79.817,0.001,0.001
07.04.2021 08:42:29.479 GMT-0500,79.852,79.828,0.001,0.001
07.04.2021 08:42:29.690 GMT-0500,79.842,79.818,0.001,0.001
07.04.2021 08:42:31.346 GMT-0500,79.843,79.807,0.001,0.001
07.04.2021 08:42:33.623 GMT-0500,79.832,79.808,0.001,0.001
07.04.2021 08:42:33.850 GMT-0500,79.833,79.797,0.001,0.001
07.04.2021 08:42:34.010 GMT-0500,79.833,79.807,0.001,0.001
07.04.2021 08:42:34.275 GMT-0500,79.842,79.808,0.001,0.001
07.04.2021 08:42:34.981 GMT-0500,79.832,79.808,0.001,0.001
07.04.2021 08:42:35.032 GMT-0500,79.842,79.808,0.001,0.001
07.04.2021 08:42:39.145 GMT-0500,79.832,79.808,0.001,0.001
07.04.2021 08:42:39.245 GMT-0500,79.842,79.808,0.001,0.001
07.04.2021 08:42:40.882 GMT-0500,79.842,79.818,0.001,0.001
07.04.2021 08:42:40.932 GMT-0500,79.842,79.808,0.001,0.001
07.04.2021 08:42:48.153 GMT-0500,79.832,79.808,0.001,0.001
07.04.2021 08:42:48.204 GMT-0500,79.842,79.808,0.001,0.001
07.04.2021 08:42:48.840 GMT-0500,79.832,79.808,0.001,0.001
07.04.2021 08:42:48.904 GMT-0500,79.843,79.807,0.001,0.001
07.04.2021 08:42:49.051 GMT-0500,79.833,79.807,0.001,0.001
07.04.2021 08:42:55.985 GMT-0500,79.822,79.798,0.001,0.001
07.04.2021 08:42:56.283 GMT-0500,79.82300000000001,79.787,0.001,0.001
07.04.2021 08:42:57.044 GMT-0500,79.832,79.798,0.001,0.001
07.04.2021 08:42:58.315 GMT-0500,79.82300000000001,79.797,0.001,0.001
07.04.2021 08:42:59.023 GMT-0500,79.82300000000001,79.787,0.001,0.001
07.04.2021 08:43:01.330 GMT-0500,79.82300000000001,79.797,0.001,0.001
07.04.2021 08:43:01.793 GMT-0500,79.82300000000001,79.787,0.001,0.001
07.04.2021 08:43:02.433 GMT-0500,79.813,79.777,0.001,0.001
07.04.2021 08:43:02.976 GMT-0500,79.812,79.788,0.001,0.001
07.04.2021 08:43:03.026 GMT-0500,79.812,79.778,0.001,0.001
07.04.2021 08:43:03.226 GMT-0500,79.822,79.798,0.001,0.001
07.04.2021 08:43:06.764 GMT-0500,79.822,79.788,0.001,0.001
07.04.2021 08:43:07.787 GMT-0500,79.82300000000001,79.797,0.001,0.001
07.04.2021 08:43:12.165 GMT-0500,79.85300000000001,79.827,0.001,0.001
07.04.2021 08:43:12.350 GMT-0500,79.862,79.828,0.001,0.001
07.04.2021 08:43:12.608 GMT-0500,79.843,79.817,0.001,0.001
07.04.2021 08:43:12.932 GMT-0500,79.852,79.818,0.001,0.001
07.04.2021 08:43:13.706 GMT-0500,79.852,79.828,0.001,0.001
07.04.2021 08:43:13.967 GMT-0500,79.843,79.817,0.001,0.001
07.04.2021 08:43:14.075 GMT-0500,79.85300000000001,79.827,0.001,0.001
07.04.2021 08:43:14.948 GMT-0500,79.863,79.827,0.001,0.001
07.04.2021 08:43:15.307 GMT-0500,79.852,79.828,0.001,0.001
07.04.2021 08:43:16.548 GMT-0500,79.863,79.827,0.001,0.001
07.04.2021 08:43:16.832 GMT-0500,79.85300000000001,79.827,0.001,0.001
07.04.2021 08:43:17.425 GMT-0500,79.862,79.828,0.001,0.001
07.04.2021 08:43:19.584 GMT-0500,79.862,79.83800000000001,0.001,0.001
07.04.2021 08:43:20.161 GMT-0500,79.873,79.847,0.001,0.001
07.04.2021 08:43:20.211 GMT-0500,79.88300000000001,79.847,0.001,0.001
07.04.2021 08:43:21.153 GMT-0500,79.892,79.858,0.001,0.001
07.04.2021 08:43:21.299 GMT-0500,79.882,79.858,0.001,0.001
07.04.2021 08:43:21.349 GMT-0500,79.882,79.848,0.001,0.001
07.04.2021 08:43:21.633 GMT-0500,79.892,79.858,0.001,0.001
07.04.2021 08:43:22.210 GMT-0500,79.882,79.858,0.001,0.001
07.04.2021 08:43:22.261 GMT-0500,79.882,79.848,0.001,0.001
07.04.2021 08:43:25.496 GMT-0500,79.873,79.847,0.001,0.001
07.04.2021 08:43:26.242 GMT-0500,79.85300000000001,79.827,0.001,0.001
07.04.2021 08:43:26.353 GMT-0500,79.852,79.818,0.001,0.001
07.04.2021 08:43:26.901 GMT-0500,79.852,79.828,0.001,0.001
07.04.2021 08:43:27.089 GMT-0500,79.862,79.828,0.001,0.001
07.04.2021 08:43:27.139 GMT-0500,79.85300000000001,79.827,0.001,0.001
07.04.2021 08:43:27.190 GMT-0500,79.862,79.828,0.001,0.001
07.04.2021 08:43:27.347 GMT-0500,79.862,79.83800000000001,0.001,0.001
07.04.2021 08:43:27.578 GMT-0500,79.862,79.828,0.001,0.001
07.04.2021 08:43:28.186 GMT-0500,79.872,79.848,0.001,0.001
07.04.2021 08:43:28.336 GMT-0500,79.873,79.837,0.001,0.001
07.04.2021 08:43:29.865 GMT-0500,79.882,79.848,0.001,0.001
07.04.2021 08:43:31.750 GMT-0500,79.872,79.848,0.001,0.001
07.04.2021 08:43:34.917 GMT-0500,79.872,79.858,0.001,0.001
07.04.2021 08:43:35.066 GMT-0500,79.892,79.86800000000001,0.001,0.001
07.04.2021 08:43:35.204 GMT-0500,79.902,79.86800000000001,0.001,0.001
07.04.2021 08:43:35.775 GMT-0500,79.903,79.877,0.001,0.001
07.04.2021 08:43:35.825 GMT-0500,79.903,79.867,0.001,0.001
07.04.2021 08:43:36.264 GMT-0500,79.893,79.857,0.001,0.001
07.04.2021 08:43:38.951 GMT-0500,79.88300000000001,79.857,0.001,0.001
07.04.2021 08:43:39.087 GMT-0500,79.892,79.858,0.001,0.001
07.04.2021 08:43:39.426 GMT-0500,79.88300000000001,79.857,0.001,0.001
07.04.2021 08:43:39.952 GMT-0500,79.892,79.858,0.001,0.001
07.04.2021 08:43:40.934 GMT-0500,79.902,79.86800000000001,0.001,0.001
07.04.2021 08:43:41.840 GMT-0500,79.892,79.86800000000001,0.001,0.001
07.04.2021 08:43:41.890 GMT-0500,79.893,79.857,0.001,0.001
07.04.2021 08:43:46.710 GMT-0500,79.88300000000001,79.857,0.001,0.001
07.04.2021 08:43:53.520 GMT-0500,79.892,79.858,0.001,0.001
07.04.2021 08:43:53.570 GMT-0500,79.892,79.86800000000001,0.001,0.001
07.04.2021 08:43:53.826 GMT-0500,79.892,79.858,0.001,0.001
07.04.2021 08:43:54.100 GMT-0500,79.882,79.858,0.001,0.001
07.04.2021 08:43:58.321 GMT-0500,79.872,79.858,0.001,0.001
07.04.2021 08:43:59.792 GMT-0500,79.88300000000001,79.857,0.001,0.001
07.04.2021 08:44:01.104 GMT-0500,79.872,79.858,0.001,0.001
07.04.2021 08:44:01.764 GMT-0500,79.862,79.848,0.001,0.001
07.04.2021 08:44:02.465 GMT-0500,79.872,79.848,0.001,0.001
07.04.2021 08:44:05.578 GMT-0500,79.863,79.847,0.001,0.001
07.04.2021 08:44:09.326 GMT-0500,79.872,79.848,0.001,0.001
07.04.2021 08:44:09.670 GMT-0500,79.862,79.848,0.001,0.001
07.04.2021 08:44:09.987 GMT-0500,79.85300000000001,79.837,0.001,0.001
07.04.2021 08:44:10.601 GMT-0500,79.863,79.837,0.001,0.001
07.04.2021 08:44:10.815 GMT-0500,79.852,79.83800000000001,0.001,0.001
07.04.2021 08:44:12.280 GMT-0500,79.862,79.83800000000001,0.001,0.001
07.04.2021 08:44:15.124 GMT-0500,79.85300000000001,79.837,0.001,0.001
07.04.2021 08:44:16.130 GMT-0500,79.843,79.817,0.001,0.001
07.04.2021 08:44:16.460 GMT-0500,79.843,79.807,0.001,0.001
07.04.2021 08:44:16.510 GMT-0500,79.842,79.818,0.001,0.001
07.04.2021 08:44:18.147 GMT-0500,79.832,79.808,0.001,0.001
07.04.2021 08:44:18.544 GMT-0500,79.833,79.797,0.001,0.001
07.04.2021 08:44:19.082 GMT-0500,79.82300000000001,79.797,0.001,0.001
07.04.2021 08:44:19.527 GMT-0500,79.833,79.807,0.001,0.001
07.04.2021 08:44:19.683 GMT-0500,79.843,79.827,0.001,0.001
07.04.2021 08:44:19.733 GMT-0500,79.85300000000001,79.827,0.001,0.001
07.04.2021 08:44:21.892 GMT-0500,79.862,79.83800000000001,0.001,0.001
07.04.2021 08:44:22.948 GMT-0500,79.862,79.828,0.001,0.001
07.04.2021 08:44:23.359 GMT-0500,79.852,79.818,0.001,0.001
07.04.2021 08:44:24.124 GMT-0500,79.843,79.807,0.001,0.001
07.04.2021 08:44:24.366 GMT-0500,79.843,79.817,0.001,0.001
07.04.2021 08:44:24.416 GMT-0500,79.852,79.818,0.001,0.001
07.04.2021 08:44:27.876 GMT-0500,79.862,79.828,0.001,0.001
07.04.2021 08:44:28.535 GMT-0500,79.863,79.837,0.001,0.001
07.04.2021 08:44:29.305 GMT-0500,79.872,79.83800000000001,0.001,0.001
07.04.2021 08:44:29.539 GMT-0500,79.882,79.848,0.001,0.001
07.04.2021 08:44:30.718 GMT-0500,79.873,79.837,0.001,0.001
07.04.2021 08:44:32.202 GMT-0500,79.863,79.837,0.001,0.001
07.04.2021 08:44:32.252 GMT-0500,79.862,79.828,0.001,0.001
07.04.2021 08:44:32.951 GMT-0500,79.873,79.837,0.001,0.001
07.04.2021 08:44:33.733 GMT-0500,79.882,79.848,0.001,0.001
07.04.2021 08:44:34.556 GMT-0500,79.88300000000001,79.857,0.001,0.001
07.04.2021 08:44:34.776 GMT-0500,79.893,79.857,0.001,0.001
07.04.2021 08:44:36.149 GMT-0500,79.893,79.867,0.001,0.001
07.04.2021 08:44:36.200 GMT-0500,79.903,79.867,0.001,0.001
07.04.2021 08:44:36.426 GMT-0500,79.903,79.887,0.001,0.001
07.04.2021 08:44:36.483 GMT-0500,79.912,79.888,0.001,0.001
07.04.2021 08:44:38.027 GMT-0500,79.903,79.887,0.001,0.001
07.04.2021 08:44:38.413 GMT-0500,79.913,79.887,0.001,0.001
07.04.2021 08:44:38.908 GMT-0500,79.923,79.907,0.001,0.001
07.04.2021 08:44:39.610 GMT-0500,79.923,79.897,0.001,0.001
07.04.2021 08:44:40.656 GMT-0500,79.932,79.89800000000001,0.001,0.001
07.04.2021 08:44:40.757 GMT-0500,79.923,79.897,0.001,0.001
07.04.2021 08:44:41.326 GMT-0500,79.923,79.907,0.001,0.001
07.04.2021 08:44:41.734 GMT-0500,79.942,79.908,0.001,0.001
07.04.2021 08:44:43.981 GMT-0500,79.933,79.907,0.001,0.001
07.04.2021 08:44:48.348 GMT-0500,79.943,79.907,0.001,0.001
07.04.2021 08:44:49.069 GMT-0500,79.942,79.918,0.001,0.001
07.04.2021 08:44:51.047 GMT-0500,79.952,79.918,0.001,0.001
07.04.2021 08:44:51.097 GMT-0500,79.952,79.928,0.001,0.001
07.04.2021 08:44:51.152 GMT-0500,79.953,79.917,0.001,0.001
07.04.2021 08:44:51.778 GMT-0500,79.953,79.927,0.001,0.001
07.04.2021 08:44:52.968 GMT-0500,79.942,79.918,0.001,0.001
07.04.2021 08:44:53.086 GMT-0500,79.933,79.917,0.001,0.001
07.04.2021 08:44:55.476 GMT-0500,79.953,79.927,0.001,0.001
07.04.2021 08:44:55.576 GMT-0500,79.952,79.918,0.001,0.001
07.04.2021 08:44:55.631 GMT-0500,79.943,79.917,0.001,0.001
07.04.2021 08:44:56.076 GMT-0500,79.952,79.918,0.001,0.001
07.04.2021 08:44:56.152 GMT-0500,79.952,79.928,0.001,0.001
07.04.2021 08:44:56.253 GMT-0500,79.942,79.928,0.001,0.001
07.04.2021 08:44:56.882 GMT-0500,79.973,79.937,0.001,0.001
07.04.2021 08:44:56.932 GMT-0500,79.962,79.938,0.001,0.001
07.04.2021 08:44:57.086 GMT-0500,79.973,79.947,0.001,0.001
07.04.2021 08:44:59.254 GMT-0500,79.962,79.94800000000001,0.001,0.001
07.04.2021 08:44:59.304 GMT-0500,79.982,79.958,0.001,0.001
07.04.2021 08:45:00.101 GMT-0500,79.982,79.968,0.001,0.001
07.04.2021 08:45:02.953 GMT-0500,79.992,79.97800000000001,0.001,0.001
07.04.2021 08:45:03.003 GMT-0500,80.003,79.977,0.001,0.001
07.04.2021 08:45:03.209 GMT-0500,80.003,79.967,0.001,0.001
07.04.2021 08:45:03.425 GMT-0500,80.002,79.97800000000001,0.001,0.001
07.04.2021 08:45:05.242 GMT-0500,80.012,79.998,0.001,0.001
07.04.2021 08:45:08.617 GMT-0500,80.022,79.998,0.001,0.001
07.04.2021 08:45:10.334 GMT-0500,80.033,79.997,0.001,0.001
07.04.2021 08:45:10.632 GMT-0500,80.022,79.998,0.001,0.001
07.04.2021 08:45:10.847 GMT-0500,80.012,79.998,0.001,0.001
07.04.2021 08:45:10.989 GMT-0500,80.012,79.988,0.001,0.001
07.04.2021 08:45:11.039 GMT-0500,80.002,79.988,0.001,0.001
07.04.2021 08:45:11.840 GMT-0500,80.012,79.988,0.001,0.001
07.04.2021 08:45:13.594 GMT-0500,80.003,79.987,0.001,0.001
07.04.2021 08:45:13.644 GMT-0500,80.013,79.987,0.001,0.001
07.04.2021 08:45:13.884 GMT-0500,80.003,79.977,0.001,0.001
07.04.2021 08:45:13.934 GMT-0500,80.013,79.977,0.001,0.001
07.04.2021 08:45:15.419 GMT-0500,80.003,79.977,0.001,0.001
07.04.2021 08:45:15.740 GMT-0500,79.992,79.97800000000001,0.001,0.001
07.04.2021 08:45:16.749 GMT-0500,80.002,79.97800000000001,0.001,0.001
07.04.2021 08:45:16.800 GMT-0500,80.012,79.988,0.001,0.001
07.04.2021 08:45:18.399 GMT-0500,80.003,79.987,0.001,0.001
07.04.2021 08:45:21.093 GMT-0500,80.02300000000001,79.997,0.001,0.001
07.04.2021 08:45:21.143 GMT-0500,80.032,80.00800000000001,0.001,0.001
07.04.2021 08:45:21.549 GMT-0500,80.022,79.998,0.001,0.001
07.04.2021 08:45:22.936 GMT-0500,80.033,79.997,0.001,0.001
07.04.2021 08:45:23.498 GMT-0500,80.022,79.998,0.001,0.001
07.04.2021 08:45:25.702 GMT-0500,80.003,79.977,0.001,0.001
07.04.2021 08:45:26.170 GMT-0500,79.99300000000001,79.977,0.001,0.001
07.04.2021 08:45:26.247 GMT-0500,80.002,79.97800000000001,0.001,0.001
07.04.2021 08:45:27.918 GMT-0500,80.013,79.987,0.001,0.001
07.04.2021 08:45:28.968 GMT-0500,80.013,79.977,0.001,0.001
07.04.2021 08:45:29.071 GMT-0500,80.003,79.977,0.001,0.001
07.04.2021 08:45:29.241 GMT-0500,80.013,79.987,0.001,0.001
07.04.2021 08:45:30.727 GMT-0500,80.002,79.988,0.001,0.001
07.04.2021 08:45:31.845 GMT-0500,80.013,79.987,0.001,0.001
07.04.2021 08:45:34.464 GMT-0500,80.003,79.987,0.001,0.001
07.04.2021 08:45:34.930 GMT-0500,80.013,79.987,0.001,0.001
07.04.2021 08:45:38.438 GMT-0500,80.002,79.988,0.001,0.001
07.04.2021 08:45:38.488 GMT-0500,79.992,79.968,0.001,0.001
07.04.2021 08:45:38.589 GMT-0500,80.003,79.977,0.001,0.001
07.04.2021 08:45:38.882 GMT-0500,80.003,79.967,0.001,0.001
07.04.2021 08:45:38.983 GMT-0500,80.002,79.97800000000001,0.001,0.001
07.04.2021 08:45:40.290 GMT-0500,80.002,79.968,0.001,0.001
07.04.2021 08:45:41.599 GMT-0500,80.002,79.97800000000001,0.001,0.001
07.04.2021 08:45:44.513 GMT-0500,80.003,79.967,0.001,0.001
07.04.2021 08:45:44.563 GMT-0500,79.982,79.958,0.001,0.001
07.04.2021 08:45:44.776 GMT-0500,79.972,79.94800000000001,0.001,0.001
07.04.2021 08:45:44.946 GMT-0500,79.983,79.957,0.001,0.001
07.04.2021 08:45:45.112 GMT-0500,79.99300000000001,79.977,0.001,0.001
07.04.2021 08:45:45.212 GMT-0500,80.002,79.97800000000001,0.001,0.001
07.04.2021 08:45:45.309 GMT-0500,79.992,79.968,0.001,0.001
07.04.2021 08:45:45.577 GMT-0500,80.002,79.97800000000001,0.001,0.001
07.04.2021 08:45:46.588 GMT-0500,79.992,79.968,0.001,0.001
07.04.2021 08:45:47.869 GMT-0500,80.003,79.967,0.001,0.001
07.04.2021 08:45:48.243 GMT-0500,79.992,79.968,0.001,0.001
07.04.2021 08:45:49.389 GMT-0500,79.99300000000001,79.957,0.001,0.001
07.04.2021 08:45:50.948 GMT-0500,79.992,79.968,0.001,0.001
07.04.2021 08:45:51.566 GMT-0500,79.992,79.958,0.001,0.001
07.04.2021 08:45:51.616 GMT-0500,79.972,79.958,0.001,0.001
07.04.2021 08:45:51.667 GMT-0500,79.972,79.94800000000001,0.001,0.001
07.04.2021 08:45:52.054 GMT-0500,79.983,79.947,0.001,0.001
07.04.2021 08:45:52.159 GMT-0500,79.982,79.958,0.001,0.001
07.04.2021 08:45:52.419 GMT-0500,79.982,79.94800000000001,0.001,0.001
07.04.2021 08:45:53.072 GMT-0500,79.972,79.94800000000001,0.001,0.001
07.04.2021 08:45:53.512 GMT-0500,79.982,79.94800000000001,0.001,0.001
07.04.2021 08:45:54.441 GMT-0500,79.982,79.958,0.001,0.001
07.04.2021 08:45:55.091 GMT-0500,79.992,79.958,0.001,0.001
07.04.2021 08:45:55.141 GMT-0500,79.992,79.968,0.001,0.001
07.04.2021 08:45:55.192 GMT-0500,79.99300000000001,79.957,0.001,0.001
07.04.2021 08:45:55.400 GMT-0500,79.983,79.957,0.001,0.001
07.04.2021 08:45:56.989 GMT-0500,79.973,79.957,0.001,0.001
07.04.2021 08:45:57.293 GMT-0500,79.96300000000001,79.947,0.001,0.001
07.04.2021 08:45:57.343 GMT-0500,79.96300000000001,79.937,0.001,0.001
07.04.2021 08:45:57.393 GMT-0500,79.973,79.947,0.001,0.001
07.04.2021 08:46:00.843 GMT-0500,79.973,79.937,0.001,0.001
07.04.2021 08:46:00.893 GMT-0500,79.953,79.927,0.001,0.001
07.04.2021 08:46:01.001 GMT-0500,79.942,79.908,0.001,0.001
07.04.2021 08:46:01.051 GMT-0500,79.942,79.918,0.001,0.001
07.04.2021 08:46:01.152 GMT-0500,79.942,79.908,0.001,0.001
07.04.2021 08:46:01.678 GMT-0500,79.932,79.908,0.001,0.001
07.04.2021 08:46:02.065 GMT-0500,79.932,79.918,0.001,0.001
07.04.2021 08:46:02.649 GMT-0500,79.932,79.908,0.001,0.001
07.04.2021 08:46:02.738 GMT-0500,79.942,79.908,0.001,0.001
07.04.2021 08:46:04.866 GMT-0500,79.933,79.907,0.001,0.001
07.04.2021 08:46:04.968 GMT-0500,79.943,79.907,0.001,0.001
07.04.2021 08:46:05.193 GMT-0500,79.933,79.907,0.001,0.001
07.04.2021 08:46:07.457 GMT-0500,79.913,79.897,0.001,0.001
07.04.2021 08:46:07.947 GMT-0500,79.902,79.878,0.001,0.001
07.04.2021 08:46:08.311 GMT-0500,79.902,79.86800000000001,0.001,0.001
07.04.2021 08:46:08.361 GMT-0500,79.903,79.877,0.001,0.001
07.04.2021 08:46:11.104 GMT-0500,79.903,79.887,0.001,0.001
07.04.2021 08:46:11.544 GMT-0500,79.903,79.877,0.001,0.001
07.04.2021 08:46:13.858 GMT-0500,79.913,79.897,0.001,0.001
07.04.2021 08:46:13.908 GMT-0500,79.932,79.908,0.001,0.001
07.04.2021 08:46:14.278 GMT-0500,79.923,79.907,0.001,0.001
07.04.2021 08:46:14.328 GMT-0500,79.922,79.89800000000001,0.001,0.001
07.04.2021 08:46:23.157 GMT-0500,79.913,79.897,0.001,0.001
07.04.2021 08:46:23.207 GMT-0500,79.923,79.897,0.001,0.001
07.04.2021 08:46:23.542 GMT-0500,79.912,79.89800000000001,0.001,0.001
07.04.2021 08:46:23.711 GMT-0500,79.923,79.897,0.001,0.001
07.04.2021 08:46:24.863 GMT-0500,79.913,79.897,0.001,0.001
07.04.2021 08:46:27.032 GMT-0500,79.913,79.887,0.001,0.001
07.04.2021 08:46:27.517 GMT-0500,79.913,79.877,0.001,0.001
07.04.2021 08:46:32.055 GMT-0500,79.903,79.877,0.001,0.001
07.04.2021 08:46:32.469 GMT-0500,79.912,79.878,0.001,0.001
07.04.2021 08:46:34.048 GMT-0500,79.923,79.897,0.001,0.001
07.04.2021 08:46:34.098 GMT-0500,79.923,79.887,0.001,0.001
07.04.2021 08:46:34.165 GMT-0500,79.922,79.89800000000001,0.001,0.001
07.04.2021 08:46:34.427 GMT-0500,79.932,79.89800000000001,0.001,0.001
07.04.2021 08:46:34.647 GMT-0500,79.933,79.907,0.001,0.001
07.04.2021 08:46:36.125 GMT-0500,79.942,79.918,0.001,0.001
07.04.2021 08:46:36.175 GMT-0500,79.943,79.907,0.001,0.001
07.04.2021 08:46:37.491 GMT-0500,79.933,79.907,0.001,0.001
07.04.2021 08:46:37.927 GMT-0500,79.932,79.89800000000001,0.001,0.001
07.04.2021 08:46:38.301 GMT-0500,79.942,79.908,0.001,0.001
07.04.2021 08:46:39.087 GMT-0500,79.932,79.908,0.001,0.001
07.04.2021 08:46:40.506 GMT-0500,79.933,79.897,0.001,0.001
07.04.2021 08:46:40.766 GMT-0500,79.932,79.908,0.001,0.001
07.04.2021 08:46:41.605 GMT-0500,79.942,79.908,0.001,0.001
07.04.2021 08:46:43.571 GMT-0500,79.932,79.908,0.001,0.001
07.04.2021 08:46:43.792 GMT-0500,79.933,79.897,0.001,0.001
07.04.2021 08:46:44.047 GMT-0500,79.922,79.89800000000001,0.001,0.001
07.04.2021 08:46:44.226 GMT-0500,79.932,79.89800000000001,0.001,0.001
07.04.2021 08:46:44.913 GMT-0500,79.923,79.897,0.001,0.001
07.04.2021 08:46:45.218 GMT-0500,79.933,79.897,0.001,0.001
07.04.2021 08:46:47.076 GMT-0500,79.933,79.907,0.001,0.001
07.04.2021 08:46:47.624 GMT-0500,79.923,79.907,0.001,0.001
07.04.2021 08:46:47.675 GMT-0500,79.923,79.897,0.001,0.001
07.04.2021 08:46:48.564 GMT-0500,79.932,79.908,0.001,0.001
07.04.2021 08:46:49.227 GMT-0500,79.943,79.917,0.001,0.001
07.04.2021 08:46:51.055 GMT-0500,79.932,79.89800000000001,0.001,0.001
07.04.2021 08:46:52.545 GMT-0500,79.933,79.887,0.001,0.001
07.04.2021 08:46:53.009 GMT-0500,79.932,79.89800000000001,0.001,0.001
07.04.2021 08:46:53.343 GMT-0500,79.932,79.888,0.001,0.001
07.04.2021 08:46:57.933 GMT-0500,79.923,79.887,0.001,0.001
07.04.2021 08:46:58.025 GMT-0500,79.933,79.887,0.001,0.001
07.04.2021 08:46:58.381 GMT-0500,79.922,79.888,0.001,0.001
07.04.2021 08:47:00.323 GMT-0500,79.912,79.888,0.001,0.001
07.04.2021 08:47:00.374 GMT-0500,79.913,79.877,0.001,0.001
07.04.2021 08:47:00.732 GMT-0500,79.902,79.878,0.001,0.001
07.04.2021 08:47:00.795 GMT-0500,79.912,79.878,0.001,0.001
07.04.2021 08:47:01.192 GMT-0500,79.902,79.878,0.001,0.001
07.04.2021 08:47:01.242 GMT-0500,79.913,79.877,0.001,0.001
07.04.2021 08:47:01.784 GMT-0500,79.902,79.878,0.001,0.001
07.04.2021 08:47:02.601 GMT-0500,79.913,79.877,0.001,0.001
07.04.2021 08:47:02.661 GMT-0500,79.902,79.878,0.001,0.001
07.04.2021 08:47:03.360 GMT-0500,79.913,79.877,0.001,0.001
07.04.2021 08:47:04.217 GMT-0500,79.912,79.888,0.001,0.001
07.04.2021 08:47:07.703 GMT-0500,79.922,79.888,0.001,0.001
07.04.2021 08:47:07.753 GMT-0500,79.932,79.908,0.001,0.001
07.04.2021 08:47:07.938 GMT-0500,79.933,79.897,0.001,0.001
07.04.2021 08:47:08.083 GMT-0500,79.922,79.888,0.001,0.001
07.04.2021 08:47:10.558 GMT-0500,79.923,79.897,0.001,0.001
07.04.2021 08:47:10.703 GMT-0500,79.942,79.908,0.001,0.001
07.04.2021 08:47:10.753 GMT-0500,79.943,79.917,0.001,0.001
07.04.2021 08:47:10.803 GMT-0500,79.952,79.918,0.001,0.001
07.04.2021 08:47:10.853 GMT-0500,79.943,79.917,0.001,0.001
07.04.2021 08:47:10.904 GMT-0500,79.943,79.907,0.001,0.001
07.04.2021 08:47:11.146 GMT-0500,79.943,79.917,0.001,0.001
07.04.2021 08:47:11.197 GMT-0500,79.953,79.917,0.001,0.001
07.04.2021 08:47:12.501 GMT-0500,79.96300000000001,79.927,0.001,0.001
07.04.2021 08:47:13.550 GMT-0500,79.973,79.927,0.001,0.001
07.04.2021 08:47:13.601 GMT-0500,79.96300000000001,79.927,0.001,0.001
07.04.2021 08:47:14.800 GMT-0500,79.953,79.927,0.001,0.001
07.04.2021 08:47:15.160 GMT-0500,79.953,79.937,0.001,0.001
07.04.2021 08:47:22.452 GMT-0500,79.962,79.938,0.001,0.001
07.04.2021 08:47:28.519 GMT-0500,79.972,79.938,0.001,0.001
07.04.2021 08:47:28.708 GMT-0500,79.973,79.947,0.001,0.001
07.04.2021 08:47:28.759 GMT-0500,79.973,79.937,0.001,0.001
07.04.2021 08:47:29.046 GMT-0500,79.973,79.947,0.001,0.001
07.04.2021 08:47:29.638 GMT-0500,79.962,79.94800000000001,0.001,0.001
07.04.2021 08:47:29.961 GMT-0500,79.962,79.938,0.001,0.001
07.04.2021 08:47:30.011 GMT-0500,79.952,79.938,0.001,0.001
07.04.2021 08:47:30.062 GMT-0500,79.96300000000001,79.937,0.001,0.001
07.04.2021 08:47:30.661 GMT-0500,79.952,79.938,0.001,0.001
07.04.2021 08:47:30.711 GMT-0500,79.96300000000001,79.937,0.001,0.001
07.04.2021 08:47:30.934 GMT-0500,79.952,79.938,0.001,0.001
07.04.2021 08:47:37.326 GMT-0500,79.943,79.917,0.001,0.001
07.04.2021 08:47:38.054 GMT-0500,79.952,79.918,0.001,0.001
07.04.2021 08:47:38.609 GMT-0500,79.953,79.937,0.001,0.001
07.04.2021 08:47:39.456 GMT-0500,79.972,79.938,0.001,0.001
07.04.2021 08:47:39.507 GMT-0500,79.983,79.957,0.001,0.001
07.04.2021 08:47:43.257 GMT-0500,79.982,79.968,0.001,0.001
07.04.2021 08:47:43.406 GMT-0500,79.972,79.958,0.001,0.001
07.04.2021 08:47:43.625 GMT-0500,79.982,79.958,0.001,0.001
07.04.2021 08:47:46.479 GMT-0500,79.972,79.958,0.001,0.001
07.04.2021 08:47:47.280 GMT-0500,79.983,79.957,0.001,0.001
07.04.2021 08:47:47.330 GMT-0500,79.973,79.947,0.001,0.001
07.04.2021 08:47:47.915 GMT-0500,79.972,79.938,0.001,0.001
07.04.2021 08:47:50.527 GMT-0500,79.96300000000001,79.937,0.001,0.001
07.04.2021 08:47:50.613 GMT-0500,79.962,79.928,0.001,0.001
07.04.2021 08:47:51.850 GMT-0500,79.953,79.917,0.001,0.001
07.04.2021 08:47:53.259 GMT-0500,79.942,79.928,0.001,0.001
07.04.2021 08:47:53.309 GMT-0500,79.932,79.908,0.001,0.001
07.04.2021 08:47:54.555 GMT-0500,79.932,79.89800000000001,0.001,0.001
07.04.2021 08:47:55.344 GMT-0500,79.923,79.887,0.001,0.001
07.04.2021 08:47:55.565 GMT-0500,79.912,79.888,0.001,0.001
07.04.2021 08:47:56.760 GMT-0500,79.912,79.878,0.001,0.001
07.04.2021 08:47:57.763 GMT-0500,79.902,79.878,0.001,0.001
07.04.2021 08:48:00.022 GMT-0500,79.892,79.86800000000001,0.001,0.001
07.04.2021 08:48:00.250 GMT-0500,79.892,79.878,0.001,0.001
07.04.2021 08:48:01.983 GMT-0500,79.892,79.86800000000001,0.001,0.001
07.04.2021 08:48:09.588 GMT-0500,79.913,79.887,0.001,0.001
07.04.2021 08:48:09.901 GMT-0500,79.903,79.877,0.001,0.001
07.04.2021 08:48:11.275 GMT-0500,79.903,79.887,0.001,0.001
07.04.2021 08:48:19.740 GMT-0500,79.902,79.878,0.001,0.001
07.04.2021 08:48:23.394 GMT-0500,79.902,79.86800000000001,0.001,0.001
07.04.2021 08:48:26.170 GMT-0500,79.893,79.867,0.001,0.001
07.04.2021 08:48:31.276 GMT-0500,79.88300000000001,79.867,0.001,0.001
07.04.2021 08:48:31.326 GMT-0500,79.872,79.848,0.001,0.001
07.04.2021 08:48:31.615 GMT-0500,79.88300000000001,79.847,0.001,0.001
07.04.2021 08:48:31.665 GMT-0500,79.872,79.848,0.001,0.001
07.04.2021 08:48:32.040 GMT-0500,79.873,79.837,0.001,0.001
07.04.2021 08:48:35.385 GMT-0500,79.862,79.83800000000001,0.001,0.001
07.04.2021 08:48:36.327 GMT-0500,79.85300000000001,79.837,0.001,0.001
07.04.2021 08:48:36.377 GMT-0500,79.833,79.817,0.001,0.001
07.04.2021 08:48:36.520 GMT-0500,79.842,79.818,0.001,0.001
07.04.2021 08:48:36.662 GMT-0500,79.833,79.807,0.001,0.001
07.04.2021 08:48:38.223 GMT-0500,79.832,79.818,0.001,0.001
07.04.2021 08:48:38.570 GMT-0500,79.82300000000001,79.807,0.001,0.001
07.04.2021 08:48:38.768 GMT-0500,79.833,79.807,0.001,0.001
07.04.2021 08:48:39.065 GMT-0500,79.832,79.818,0.001,0.001
07.04.2021 08:48:39.347 GMT-0500,79.832,79.808,0.001,0.001
07.04.2021 08:48:40.617 GMT-0500,79.812,79.798,0.001,0.001
07.04.2021 08:48:40.753 GMT-0500,79.822,79.798,0.001,0.001
07.04.2021 08:48:41.916 GMT-0500,79.82300000000001,79.787,0.001,0.001
07.04.2021 08:48:42.503 GMT-0500,79.822,79.798,0.001,0.001
07.04.2021 08:48:43.275 GMT-0500,79.82300000000001,79.787,0.001,0.001
07.04.2021 08:48:43.717 GMT-0500,79.813,79.787,0.001,0.001
07.04.2021 08:48:49.004 GMT-0500,79.813,79.797,0.001,0.001
07.04.2021 08:48:49.054 GMT-0500,79.813,79.787,0.001,0.001
07.04.2021 08:48:52.459 GMT-0500,79.812,79.778,0.001,0.001
07.04.2021 08:48:53.243 GMT-0500,79.802,79.778,0.001,0.001
07.04.2021 08:48:54.869 GMT-0500,79.813,79.797,0.001,0.001
07.04.2021 08:48:55.016 GMT-0500,79.813,79.787,0.001,0.001
07.04.2021 08:48:55.305 GMT-0500,79.813,79.777,0.001,0.001
07.04.2021 08:48:56.516 GMT-0500,79.812,79.788,0.001,0.001
07.04.2021 08:48:56.603 GMT-0500,79.82300000000001,79.787,0.001,0.001
07.04.2021 08:49:00.119 GMT-0500,79.813,79.787,0.001,0.001
07.04.2021 08:49:00.570 GMT-0500,79.812,79.778,0.001,0.001
07.04.2021 08:49:01.596 GMT-0500,79.813,79.787,0.001,0.001
07.04.2021 08:49:01.820 GMT-0500,79.813,79.777,0.001,0.001
07.04.2021 08:49:05.248 GMT-0500,79.802,79.778,0.001,0.001
07.04.2021 08:49:06.571 GMT-0500,79.813,79.777,0.001,0.001
07.04.2021 08:49:08.997 GMT-0500,79.813,79.787,0.001,0.001
07.04.2021 08:49:10.680 GMT-0500,79.813,79.797,0.001,0.001
07.04.2021 08:49:10.730 GMT-0500,79.813,79.787,0.001,0.001
07.04.2021 08:49:16.113 GMT-0500,79.813,79.797,0.001,0.001
07.04.2021 08:49:16.163 GMT-0500,79.813,79.787,0.001,0.001
07.04.2021 08:49:20.030 GMT-0500,79.813,79.797,0.001,0.001
07.04.2021 08:49:20.090 GMT-0500,79.813,79.787,0.001,0.001
07.04.2021 08:49:20.715 GMT-0500,79.813,79.797,0.001,0.001
07.04.2021 08:49:22.084 GMT-0500,79.843,79.807,0.001,0.001
07.04.2021 08:49:29.603 GMT-0500,79.843,79.817,0.001,0.001
07.04.2021 08:49:29.718 GMT-0500,79.843,79.807,0.001,0.001
07.04.2021 08:49:29.769 GMT-0500,79.843,79.817,0.001,0.001
07.04.2021 08:49:30.044 GMT-0500,79.842,79.808,0.001,0.001
07.04.2021 08:49:30.348 GMT-0500,79.843,79.817,0.001,0.001
07.04.2021 08:49:30.658 GMT-0500,79.842,79.808,0.001,0.001
07.04.2021 08:49:31.079 GMT-0500,79.842,79.818,0.001,0.001
07.04.2021 08:49:31.770 GMT-0500,79.863,79.837,0.001,0.001
07.04.2021 08:49:31.821 GMT-0500,79.863,79.827,0.001,0.001
07.04.2021 08:49:31.960 GMT-0500,79.842,79.818,0.001,0.001
07.04.2021 08:49:32.156 GMT-0500,79.832,79.818,0.001,0.001
07.04.2021 08:49:35.593 GMT-0500,79.842,79.828,0.001,0.001
07.04.2021 08:49:35.644 GMT-0500,79.842,79.818,0.001,0.001
07.04.2021 08:49:37.842 GMT-0500,79.852,79.818,0.001,0.001
07.04.2021 08:49:38.603 GMT-0500,79.852,79.828,0.001,0.001
07.04.2021 08:49:39.605 GMT-0500,79.833,79.817,0.001,0.001
07.04.2021 08:49:40.087 GMT-0500,79.842,79.818,0.001,0.001
07.04.2021 08:49:40.976 GMT-0500,79.833,79.817,0.001,0.001
07.04.2021 08:49:41.026 GMT-0500,79.833,79.797,0.001,0.001
07.04.2021 08:49:47.831 GMT-0500,79.832,79.808,0.001,0.001
07.04.2021 08:49:48.624 GMT-0500,79.843,79.817,0.001,0.001
07.04.2021 08:49:53.722 GMT-0500,79.843,79.827,0.001,0.001
07.04.2021 08:49:53.773 GMT-0500,79.843,79.817,0.001,0.001
07.04.2021 08:49:55.901 GMT-0500,79.85300000000001,79.817,0.001,0.001
07.04.2021 08:49:57.237 GMT-0500,79.843,79.817,0.001,0.001
07.04.2021 08:49:58.425 GMT-0500,79.852,79.818,0.001,0.001
07.04.2021 08:49:59.277 GMT-0500,79.843,79.817,0.001,0.001
07.04.2021 08:49:59.416 GMT-0500,79.822,79.798,0.001,0.001
07.04.2021 08:50:00.577 GMT-0500,79.812,79.788,0.001,0.001
07.04.2021 08:50:01.815 GMT-0500,79.802,79.778,0.001,0.001
07.04.2021 08:50:09.110 GMT-0500,79.783,79.757,0.001,0.001
07.04.2021 08:50:09.211 GMT-0500,79.803,79.777,0.001,0.001
07.04.2021 08:50:09.348 GMT-0500,79.783,79.757,0.001,0.001
07.04.2021 08:50:09.398 GMT-0500,79.793,79.757,0.001,0.001
07.04.2021 08:50:09.449 GMT-0500,79.783,79.757,0.001,0.001
07.04.2021 08:50:09.571 GMT-0500,79.782,79.768,0.001,0.001
07.04.2021 08:50:09.755 GMT-0500,79.803,79.777,0.001,0.001
07.04.2021 08:50:10.065 GMT-0500,79.812,79.778,0.001,0.001
07.04.2021 08:50:10.115 GMT-0500,79.813,79.787,0.001,0.001
07.04.2021 08:50:10.194 GMT-0500,79.812,79.778,0.001,0.001
07.04.2021 08:50:11.088 GMT-0500,79.82300000000001,79.787,0.001,0.001
07.04.2021 08:50:11.802 GMT-0500,79.822,79.778,0.001,0.001
07.04.2021 08:50:12.932 GMT-0500,79.82300000000001,79.787,0.001,0.001
07.04.2021 08:50:13.173 GMT-0500,79.82300000000001,79.777,0.001,0.001
07.04.2021 08:50:14.719 GMT-0500,79.822,79.788,0.001,0.001
07.04.2021 08:50:16.585 GMT-0500,79.82300000000001,79.777,0.001,0.001
07.04.2021 08:50:16.787 GMT-0500,79.813,79.787,0.001,0.001
07.04.2021 08:50:16.838 GMT-0500,79.82300000000001,79.787,0.001,0.001
07.04.2021 08:50:17.167 GMT-0500,79.822,79.778,0.001,0.001
07.04.2021 08:50:17.217 GMT-0500,79.82300000000001,79.787,0.001,0.001
07.04.2021 08:50:18.124 GMT-0500,79.82300000000001,79.777,0.001,0.001
07.04.2021 08:50:19.559 GMT-0500,79.812,79.778,0.001,0.001
07.04.2021 08:50:19.832 GMT-0500,79.82300000000001,79.777,0.001,0.001
07.04.2021 08:50:22.860 GMT-0500,79.822,79.788,0.001,0.001
07.04.2021 08:50:23.178 GMT-0500,79.822,79.798,0.001,0.001
07.04.2021 08:50:23.501 GMT-0500,79.82300000000001,79.807,0.001,0.001
07.04.2021 08:50:24.749 GMT-0500,79.832,79.808,0.001,0.001
07.04.2021 08:50:25.732 GMT-0500,79.822,79.808,0.001,0.001
07.04.2021 08:50:27.719 GMT-0500,79.85300000000001,79.817,0.001,0.001
07.04.2021 08:50:28.297 GMT-0500,79.85300000000001,79.827,0.001,0.001
07.04.2021 08:50:28.381 GMT-0500,79.863,79.827,0.001,0.001
07.04.2021 08:50:31.347 GMT-0500,79.862,79.83800000000001,0.001,0.001
07.04.2021 08:50:31.397 GMT-0500,79.872,79.83800000000001,0.001,0.001
07.04.2021 08:50:31.447 GMT-0500,79.863,79.837,0.001,0.001
07.04.2021 08:50:31.498 GMT-0500,79.863,79.827,0.001,0.001
07.04.2021 08:50:32.092 GMT-0500,79.872,79.828,0.001,0.001
07.04.2021 08:50:32.358 GMT-0500,79.862,79.828,0.001,0.001
07.04.2021 08:50:32.774 GMT-0500,79.873,79.827,0.001,0.001
07.04.2021 08:50:33.864 GMT-0500,79.863,79.827,0.001,0.001
07.04.2021 08:50:36.269 GMT-0500,79.852,79.828,0.001,0.001
07.04.2021 08:50:36.362 GMT-0500,79.862,79.828,0.001,0.001
07.04.2021 08:50:40.296 GMT-0500,79.873,79.827,0.001,0.001
07.04.2021 08:50:43.845 GMT-0500,79.852,79.828,0.001,0.001
07.04.2021 08:50:49.587 GMT-0500,79.843,79.827,0.001,0.001
07.04.2021 08:50:49.638 GMT-0500,79.85300000000001,79.827,0.001,0.001
07.04.2021 08:50:50.267 GMT-0500,79.862,79.828,0.001,0.001
07.04.2021 08:51:01.145 GMT-0500,79.85300000000001,79.827,0.001,0.001
07.04.2021 08:51:05.827 GMT-0500,79.843,79.827,0.001,0.001
07.04.2021 08:51:05.877 GMT-0500,79.82300000000001,79.797,0.001,0.001
07.04.2021 08:51:05.984 GMT-0500,79.82300000000001,79.807,0.001,0.001
07.04.2021 08:51:06.228 GMT-0500,79.832,79.808,0.001,0.001
07.04.2021 08:51:06.535 GMT-0500,79.822,79.808,0.001,0.001
07.04.2021 08:51:06.676 GMT-0500,79.832,79.808,0.001,0.001
07.04.2021 08:51:14.958 GMT-0500,79.843,79.807,0.001,0.001
07.04.2021 08:51:15.008 GMT-0500,79.843,79.817,0.001,0.001
07.04.2021 08:51:15.718 GMT-0500,79.833,79.817,0.001,0.001
07.04.2021 08:51:15.991 GMT-0500,79.842,79.818,0.001,0.001
07.04.2021 08:51:18.763 GMT-0500,79.822,79.808,0.001,0.001
07.04.2021 08:51:18.813 GMT-0500,79.82300000000001,79.797,0.001,0.001
07.04.2021 08:51:18.867 GMT-0500,79.813,79.787,0.001,0.001
07.04.2021 08:51:19.317 GMT-0500,79.82300000000001,79.787,0.001,0.001
07.04.2021 08:51:22.164 GMT-0500,79.82300000000001,79.797,0.001,0.001
07.04.2021 08:51:22.801 GMT-0500,79.822,79.788,0.001,0.001
07.04.2021 08:51:23.280 GMT-0500,79.812,79.788,0.001,0.001
07.04.2021 08:51:23.617 GMT-0500,79.82300000000001,79.787,0.001,0.001
07.04.2021 08:51:23.905 GMT-0500,79.82300000000001,79.797,0.001,0.001
07.04.2021 08:51:24.471 GMT-0500,79.822,79.788,0.001,0.001
07.04.2021 08:51:24.765 GMT-0500,79.812,79.788,0.001,0.001
07.04.2021 08:51:25.343 GMT-0500,79.822,79.788,0.001,0.001
07.04.2021 08:51:26.615 GMT-0500,79.812,79.788,0.001,0.001
07.04.2021 08:51:26.925 GMT-0500,79.822,79.788,0.001,0.001
07.04.2021 08:51:27.235 GMT-0500,79.82300000000001,79.797,0.001,0.001
07.04.2021 08:51:28.764 GMT-0500,79.822,79.788,0.001,0.001
07.04.2021 08:51:29.091 GMT-0500,79.802,79.788,0.001,0.001
07.04.2021 08:51:29.141 GMT-0500,79.812,79.788,0.001,0.001
07.04.2021 08:51:29.415 GMT-0500,79.803,79.787,0.001,0.001
07.04.2021 08:51:34.435 GMT-0500,79.813,79.787,0.001,0.001
07.04.2021 08:51:34.737 GMT-0500,79.803,79.787,0.001,0.001
07.04.2021 08:51:43.859 GMT-0500,79.812,79.788,0.001,0.001
07.04.2021 08:51:43.909 GMT-0500,79.822,79.798,0.001,0.001
07.04.2021 08:51:43.960 GMT-0500,79.822,79.788,0.001,0.001
07.04.2021 08:51:44.359 GMT-0500,79.813,79.787,0.001,0.001
07.04.2021 08:51:57.580 GMT-0500,79.803,79.777,0.001,0.001
07.04.2021 08:51:57.630 GMT-0500,79.813,79.777,0.001,0.001
07.04.2021 08:52:00.624 GMT-0500,79.802,79.768,0.001,0.001
07.04.2021 08:52:01.632 GMT-0500,79.783,79.757,0.001,0.001
07.04.2021 08:52:01.772 GMT-0500,79.763,79.747,0.001,0.001
07.04.2021 08:52:01.987 GMT-0500,79.752,79.738,0.001,0.001
07.04.2021 08:52:02.038 GMT-0500,79.763,79.737,0.001,0.001
07.04.2021 08:52:02.615 GMT-0500,79.763,79.727,0.001,0.001
07.04.2021 08:52:04.203 GMT-0500,79.752,79.72800000000001,0.001,0.001
07.04.2021 08:52:04.304 GMT-0500,79.763,79.727,0.001,0.001
07.04.2021 08:52:04.676 GMT-0500,79.763,79.747,0.001,0.001
07.04.2021 08:52:05.252 GMT-0500,79.763,79.737,0.001,0.001
07.04.2021 08:52:06.114 GMT-0500,79.763,79.747,0.001,0.001
07.04.2021 08:52:06.215 GMT-0500,79.77300000000001,79.757,0.001,0.001
07.04.2021 08:52:06.306 GMT-0500,79.772,79.748,0.001,0.001
07.04.2021 08:52:07.404 GMT-0500,79.772,79.75800000000001,0.001,0.001
07.04.2021 08:52:07.777 GMT-0500,79.77300000000001,79.747,0.001,0.001
07.04.2021 08:52:11.655 GMT-0500,79.77300000000001,79.737,0.001,0.001
07.04.2021 08:52:12.112 GMT-0500,79.77300000000001,79.747,0.001,0.001
07.04.2021 08:52:12.362 GMT-0500,79.772,79.738,0.001,0.001
07.04.2021 08:52:16.376 GMT-0500,79.772,79.748,0.001,0.001
07.04.2021 08:52:16.977 GMT-0500,79.762,79.738,0.001,0.001
07.04.2021 08:52:17.515 GMT-0500,79.772,79.738,0.001,0.001
07.04.2021 08:52:17.937 GMT-0500,79.77300000000001,79.747,0.001,0.001
07.04.2021 08:52:17.996 GMT-0500,79.772,79.738,0.001,0.001
07.04.2021 08:52:18.046 GMT-0500,79.772,79.748,0.001,0.001
07.04.2021 08:52:19.232 GMT-0500,79.782,79.748,0.001,0.001
07.04.2021 08:52:26.108 GMT-0500,79.782,79.75800000000001,0.001,0.001
07.04.2021 08:52:26.158 GMT-0500,79.783,79.747,0.001,0.001
07.04.2021 08:52:26.473 GMT-0500,79.782,79.75800000000001,0.001,0.001
07.04.2021 08:52:26.839 GMT-0500,79.783,79.747,0.001,0.001
07.04.2021 08:52:27.383 GMT-0500,79.782,79.75800000000001,0.001,0.001
07.04.2021 08:52:28.984 GMT-0500,79.803,79.767,0.001,0.001
07.04.2021 08:52:29.039 GMT-0500,79.792,79.768,0.001,0.001
07.04.2021 08:52:29.355 GMT-0500,79.803,79.767,0.001,0.001
07.04.2021 08:52:30.180 GMT-0500,79.802,79.778,0.001,0.001
07.04.2021 08:52:30.297 GMT-0500,79.802,79.768,0.001,0.001
07.04.2021 08:52:30.471 GMT-0500,79.813,79.787,0.001,0.001
07.04.2021 08:52:30.571 GMT-0500,79.812,79.778,0.001,0.001
07.04.2021 08:52:30.984 GMT-0500,79.812,79.788,0.001,0.001
07.04.2021 08:52:32.326 GMT-0500,79.792,79.768,0.001,0.001
07.04.2021 08:52:32.376 GMT-0500,79.803,79.767,0.001,0.001
07.04.2021 08:52:33.067 GMT-0500,79.793,79.757,0.001,0.001
07.04.2021 08:52:37.594 GMT-0500,79.772,79.75800000000001,0.001,0.001
07.04.2021 08:52:38.860 GMT-0500,79.763,79.737,0.001,0.001
07.04.2021 08:52:39.437 GMT-0500,79.77300000000001,79.737,0.001,0.001
07.04.2021 08:52:39.718 GMT-0500,79.77300000000001,79.747,0.001,0.001
07.04.2021 08:52:39.768 GMT-0500,79.77300000000001,79.737,0.001,0.001
07.04.2021 08:52:41.109 GMT-0500,79.772,79.748,0.001,0.001
07.04.2021 08:52:43.512 GMT-0500,79.772,79.738,0.001,0.001
07.04.2021 08:52:47.868 GMT-0500,79.762,79.738,0.001,0.001
07.04.2021 08:52:47.993 GMT-0500,79.772,79.738,0.001,0.001
07.04.2021 08:52:48.050 GMT-0500,79.763,79.737,0.001,0.001
07.04.2021 08:52:48.157 GMT-0500,79.772,79.738,0.001,0.001
07.04.2021 08:52:49.437 GMT-0500,79.762,79.72800000000001,0.001,0.001
07.04.2021 08:52:49.751 GMT-0500,79.752,79.718,0.001,0.001
07.04.2021 08:52:50.148 GMT-0500,79.752,79.72800000000001,0.001,0.001
07.04.2021 08:52:51.048 GMT-0500,79.752,79.738,0.001,0.001
07.04.2021 08:52:55.305 GMT-0500,79.753,79.727,0.001,0.001
07.04.2021 08:52:56.330 GMT-0500,79.77300000000001,79.747,0.001,0.001
07.04.2021 08:52:56.821 GMT-0500,79.782,79.75800000000001,0.001,0.001
07.04.2021 08:52:56.921 GMT-0500,79.783,79.747,0.001,0.001
07.04.2021 08:52:58.195 GMT-0500,79.772,79.748,0.001,0.001
07.04.2021 08:53:00.072 GMT-0500,79.783,79.747,0.001,0.001
07.04.2021 08:53:00.813 GMT-0500,79.77300000000001,79.747,0.001,0.001
07.04.2021 08:53:01.220 GMT-0500,79.782,79.748,0.001,0.001
07.04.2021 08:53:01.621 GMT-0500,79.772,79.748,0.001,0.001
07.04.2021 08:53:02.222 GMT-0500,79.762,79.748,0.001,0.001
07.04.2021 08:53:03.582 GMT-0500,79.753,79.727,0.001,0.001
07.04.2021 08:53:03.884 GMT-0500,79.753,79.717,0.001,0.001
07.04.2021 08:53:06.435 GMT-0500,79.742,79.708,0.001,0.001
07.04.2021 08:53:06.828 GMT-0500,79.742,79.718,0.001,0.001
07.04.2021 08:53:09.424 GMT-0500,79.742,79.708,0.001,0.001
07.04.2021 08:53:09.960 GMT-0500,79.733,79.707,0.001,0.001
07.04.2021 08:53:13.426 GMT-0500,79.742,79.708,0.001,0.001
07.04.2021 08:53:14.202 GMT-0500,79.742,79.718,0.001,0.001
07.04.2021 08:53:15.173 GMT-0500,79.74300000000001,79.707,0.001,0.001
07.04.2021 08:53:15.224 GMT-0500,79.71300000000001,79.687,0.001,0.001
07.04.2021 08:53:16.865 GMT-0500,79.723,79.697,0.001,0.001
07.04.2021 08:53:17.252 GMT-0500,79.732,79.708,0.001,0.001
07.04.2021 08:53:17.303 GMT-0500,79.732,79.69800000000001,0.001,0.001
07.04.2021 08:53:17.560 GMT-0500,79.722,79.69800000000001,0.001,0.001
07.04.2021 08:53:17.624 GMT-0500,79.732,79.69800000000001,0.001,0.001
07.04.2021 08:53:18.011 GMT-0500,79.712,79.688,0.001,0.001
07.04.2021 08:53:18.061 GMT-0500,79.722,79.688,0.001,0.001
07.04.2021 08:53:18.675 GMT-0500,79.712,79.678,0.001,0.001
07.04.2021 08:53:19.153 GMT-0500,79.712,79.688,0.001,0.001
07.04.2021 08:53:21.342 GMT-0500,79.71300000000001,79.677,0.001,0.001
07.04.2021 08:53:21.970 GMT-0500,79.702,79.668,0.001,0.001
07.04.2021 08:53:24.156 GMT-0500,79.702,79.688,0.001,0.001
07.04.2021 08:53:24.286 GMT-0500,79.703,79.677,0.001,0.001
07.04.2021 08:53:24.732 GMT-0500,79.703,79.687,0.001,0.001
07.04.2021 08:53:25.036 GMT-0500,79.733,79.697,0.001,0.001
07.04.2021 08:53:25.104 GMT-0500,79.733,79.707,0.001,0.001
07.04.2021 08:53:25.454 GMT-0500,79.71300000000001,79.687,0.001,0.001
07.04.2021 08:53:25.718 GMT-0500,79.722,79.688,0.001,0.001
07.04.2021 08:53:26.891 GMT-0500,79.722,79.69800000000001,0.001,0.001
07.04.2021 08:53:31.989 GMT-0500,79.733,79.707,0.001,0.001
07.04.2021 08:53:32.432 GMT-0500,79.732,79.69800000000001,0.001,0.001
07.04.2021 08:53:34.514 GMT-0500,79.733,79.707,0.001,0.001
07.04.2021 08:53:36.305 GMT-0500,79.733,79.717,0.001,0.001
07.04.2021 08:53:36.973 GMT-0500,79.742,79.72800000000001,0.001,0.001
07.04.2021 08:53:37.023 GMT-0500,79.752,79.718,0.001,0.001
07.04.2021 08:53:37.557 GMT-0500,79.742,79.718,0.001,0.001
07.04.2021 08:53:38.138 GMT-0500,79.753,79.717,0.001,0.001
07.04.2021 08:53:39.269 GMT-0500,79.742,79.718,0.001,0.001
07.04.2021 08:53:39.753 GMT-0500,79.753,79.717,0.001,0.001
07.04.2021 08:53:40.075 GMT-0500,79.74300000000001,79.717,0.001,0.001
07.04.2021 08:53:40.750 GMT-0500,79.753,79.717,0.001,0.001
07.04.2021 08:53:41.013 GMT-0500,79.74300000000001,79.717,0.001,0.001
07.04.2021 08:53:44.899 GMT-0500,79.753,79.717,0.001,0.001
07.04.2021 08:53:45.371 GMT-0500,79.74300000000001,79.717,0.001,0.001
07.04.2021 08:53:52.934 GMT-0500,79.742,79.72800000000001,0.001,0.001
07.04.2021 08:53:52.984 GMT-0500,79.74300000000001,79.717,0.001,0.001
07.04.2021 08:53:53.075 GMT-0500,79.752,79.718,0.001,0.001
07.04.2021 08:53:53.915 GMT-0500,79.74300000000001,79.717,0.001,0.001
07.04.2021 08:53:53.965 GMT-0500,79.752,79.718,0.001,0.001
07.04.2021 08:53:54.015 GMT-0500,79.742,79.718,0.001,0.001
07.04.2021 08:53:55.538 GMT-0500,79.732,79.718,0.001,0.001
07.04.2021 08:53:59.766 GMT-0500,79.752,79.72800000000001,0.001,0.001
07.04.2021 08:53:59.867 GMT-0500,79.752,79.718,0.001,0.001
07.04.2021 08:54:00.359 GMT-0500,79.753,79.727,0.001,0.001
07.04.2021 08:54:01.340 GMT-0500,79.733,79.717,0.001,0.001
07.04.2021 08:54:01.647 GMT-0500,79.742,79.718,0.001,0.001
07.04.2021 08:54:01.915 GMT-0500,79.723,79.697,0.001,0.001
07.04.2021 08:54:01.966 GMT-0500,79.723,79.687,0.001,0.001
07.04.2021 08:54:02.281 GMT-0500,79.723,79.697,0.001,0.001
07.04.2021 08:54:03.797 GMT-0500,79.71300000000001,79.687,0.001,0.001
07.04.2021 08:54:03.848 GMT-0500,79.71300000000001,79.677,0.001,0.001
07.04.2021 08:54:04.502 GMT-0500,79.702,79.668,0.001,0.001
07.04.2021 08:54:04.748 GMT-0500,79.703,79.677,0.001,0.001
07.04.2021 08:54:04.798 GMT-0500,79.712,79.678,0.001,0.001
07.04.2021 08:54:06.739 GMT-0500,79.712,79.668,0.001,0.001
07.04.2021 08:54:06.797 GMT-0500,79.702,79.668,0.001,0.001
07.04.2021 08:54:06.906 GMT-0500,79.693,79.667,0.001,0.001
07.04.2021 08:54:06.957 GMT-0500,79.692,79.658,0.001,0.001
07.04.2021 08:54:07.007 GMT-0500,79.693,79.667,0.001,0.001
07.04.2021 08:54:07.221 GMT-0500,79.703,79.667,0.001,0.001
07.04.2021 08:54:08.991 GMT-0500,79.692,79.668,0.001,0.001
07.04.2021 08:54:09.949 GMT-0500,79.692,79.658,0.001,0.001
07.04.2021 08:54:11.396 GMT-0500,79.702,79.668,0.001,0.001
07.04.2021 08:54:11.849 GMT-0500,79.71300000000001,79.677,0.001,0.001
07.04.2021 08:54:17.328 GMT-0500,79.693,79.667,0.001,0.001
07.04.2021 08:54:17.645 GMT-0500,79.703,79.667,0.001,0.001
07.04.2021 08:54:17.883 GMT-0500,79.692,79.668,0.001,0.001
07.04.2021 08:54:18.223 GMT-0500,79.693,79.657,0.001,0.001
07.04.2021 08:54:19.643 GMT-0500,79.692,79.668,0.001,0.001
07.04.2021 08:54:19.906 GMT-0500,79.703,79.667,0.001,0.001
07.04.2021 08:54:20.986 GMT-0500,79.683,79.657,0.001,0.001
07.04.2021 08:54:21.143 GMT-0500,79.693,79.657,0.001,0.001
07.04.2021 08:54:22.057 GMT-0500,79.692,79.668,0.001,0.001
07.04.2021 08:54:22.417 GMT-0500,79.692,79.658,0.001,0.001
07.04.2021 08:54:24.591 GMT-0500,79.693,79.667,0.001,0.001
07.04.2021 08:54:24.896 GMT-0500,79.702,79.668,0.001,0.001
07.04.2021 08:54:26.850 GMT-0500,79.703,79.677,0.001,0.001
07.04.2021 08:54:26.900 GMT-0500,79.712,79.678,0.001,0.001
07.04.2021 08:54:26.951 GMT-0500,79.702,79.668,0.001,0.001
07.04.2021 08:54:28.950 GMT-0500,79.683,79.657,0.001,0.001
07.04.2021 08:54:29.251 GMT-0500,79.692,79.668,0.001,0.001
07.04.2021 08:54:30.048 GMT-0500,79.703,79.667,0.001,0.001
07.04.2021 08:54:30.535 GMT-0500,79.693,79.657,0.001,0.001
07.04.2021 08:54:31.199 GMT-0500,79.692,79.668,0.001,0.001
07.04.2021 08:54:31.249 GMT-0500,79.693,79.657,0.001,0.001
07.04.2021 08:54:32.318 GMT-0500,79.673,79.647,0.001,0.001
07.04.2021 08:54:32.368 GMT-0500,79.682,79.64800000000001,0.001,0.001
07.04.2021 08:54:32.520 GMT-0500,79.682,79.658,0.001,0.001
07.04.2021 08:54:32.570 GMT-0500,79.693,79.657,0.001,0.001
07.04.2021 08:54:35.431 GMT-0500,79.682,79.658,0.001,0.001
07.04.2021 08:54:40.799 GMT-0500,79.693,79.657,0.001,0.001
07.04.2021 08:54:41.560 GMT-0500,79.702,79.668,0.001,0.001
07.04.2021 08:54:42.040 GMT-0500,79.703,79.677,0.001,0.001
07.04.2021 08:54:42.762 GMT-0500,79.71300000000001,79.687,0.001,0.001
07.04.2021 08:54:42.863 GMT-0500,79.703,79.677,0.001,0.001
07.04.2021 08:54:43.157 GMT-0500,79.71300000000001,79.677,0.001,0.001
07.04.2021 08:54:43.207 GMT-0500,79.733,79.707,0.001,0.001
07.04.2021 08:54:43.308 GMT-0500,79.722,79.688,0.001,0.001
07.04.2021 08:54:43.715 GMT-0500,79.732,79.69800000000001,0.001,0.001
07.04.2021 08:54:48.075 GMT-0500,79.74300000000001,79.707,0.001,0.001
07.04.2021 08:54:48.246 GMT-0500,79.742,79.718,0.001,0.001
07.04.2021 08:54:48.296 GMT-0500,79.74300000000001,79.707,0.001,0.001
07.04.2021 08:54:48.806 GMT-0500,79.742,79.718,0.001,0.001
07.04.2021 08:54:48.987 GMT-0500,79.753,79.717,0.001,0.001
07.04.2021 08:54:49.483 GMT-0500,79.742,79.718,0.001,0.001
07.04.2021 08:54:49.533 GMT-0500,79.742,79.708,0.001,0.001
07.04.2021 08:54:50.145 GMT-0500,79.733,79.697,0.001,0.001
07.04.2021 08:54:50.258 GMT-0500,79.742,79.69800000000001,0.001,0.001
07.04.2021 08:54:50.308 GMT-0500,79.74300000000001,79.707,0.001,0.001
07.04.2021 08:54:52.303 GMT-0500,79.722,79.708,0.001,0.001
07.04.2021 08:54:55.046 GMT-0500,79.742,79.718,0.001,0.001
07.04.2021 08:54:55.164 GMT-0500,79.74300000000001,79.707,0.001,0.001
07.04.2021 08:54:55.740 GMT-0500,79.752,79.718,0.001,0.001
07.04.2021 08:54:55.996 GMT-0500,79.742,79.718,0.001,0.001
07.04.2021 08:54:56.046 GMT-0500,79.752,79.718,0.001,0.001
07.04.2021 08:54:57.024 GMT-0500,79.752,79.72800000000001,0.001,0.001
07.04.2021 08:54:57.084 GMT-0500,79.753,79.717,0.001,0.001
07.04.2021 08:54:57.166 GMT-0500,79.753,79.727,0.001,0.001
07.04.2021 08:54:58.631 GMT-0500,79.762,79.738,0.001,0.001
07.04.2021 08:54:58.776 GMT-0500,79.763,79.727,0.001,0.001
07.04.2021 08:54:59.926 GMT-0500,79.77300000000001,79.737,0.001,0.001
07.04.2021 08:55:00.359 GMT-0500,79.763,79.727,0.001,0.001
07.04.2021 08:55:00.427 GMT-0500,79.77300000000001,79.727,0.001,0.001
07.04.2021 08:55:00.993 GMT-0500,79.77300000000001,79.737,0.001,0.001
07.04.2021 08:55:02.221 GMT-0500,79.763,79.737,0.001,0.001
07.04.2021 08:55:03.824 GMT-0500,79.77300000000001,79.737,0.001,0.001
07.04.2021 08:55:05.675 GMT-0500,79.762,79.738,0.001,0.001
07.04.2021 08:55:05.889 GMT-0500,79.77300000000001,79.737,0.001,0.001
07.04.2021 08:55:06.530 GMT-0500,79.772,79.748,0.001,0.001
07.04.2021 08:55:06.681 GMT-0500,79.77300000000001,79.737,0.001,0.001
07.04.2021 08:55:07.722 GMT-0500,79.763,79.737,0.001,0.001
07.04.2021 08:55:09.513 GMT-0500,79.77300000000001,79.737,0.001,0.001
07.04.2021 08:55:09.635 GMT-0500,79.762,79.738,0.001,0.001
07.04.2021 08:55:10.293 GMT-0500,79.772,79.748,0.001,0.001
07.04.2021 08:55:10.633 GMT-0500,79.77300000000001,79.737,0.001,0.001
07.04.2021 08:55:11.155 GMT-0500,79.77300000000001,79.747,0.001,0.001
07.04.2021 08:55:11.458 GMT-0500,79.763,79.737,0.001,0.001
07.04.2021 08:55:12.016 GMT-0500,79.77300000000001,79.737,0.001,0.001
07.04.2021 08:55:12.067 GMT-0500,79.77300000000001,79.747,0.001,0.001
07.04.2021 08:55:16.296 GMT-0500,79.783,79.757,0.001,0.001
07.04.2021 08:55:16.428 GMT-0500,79.793,79.757,0.001,0.001
07.04.2021 08:55:16.535 GMT-0500,79.792,79.768,0.001,0.001
07.04.2021 08:55:16.888 GMT-0500,79.803,79.767,0.001,0.001
07.04.2021 08:55:16.938 GMT-0500,79.793,79.767,0.001,0.001
07.04.2021 08:55:17.400 GMT-0500,79.803,79.767,0.001,0.001
07.04.2021 08:55:17.450 GMT-0500,79.792,79.768,0.001,0.001
07.04.2021 08:55:18.014 GMT-0500,79.802,79.768,0.001,0.001
07.04.2021 08:55:18.375 GMT-0500,79.793,79.767,0.001,0.001
07.04.2021 08:55:21.852 GMT-0500,79.802,79.768,0.001,0.001
07.04.2021 08:55:24.137 GMT-0500,79.802,79.778,0.001,0.001
07.04.2021 08:55:24.614 GMT-0500,79.812,79.788,0.001,0.001
07.04.2021 08:55:25.255 GMT-0500,79.82300000000001,79.797,0.001,0.001
07.04.2021 08:55:25.554 GMT-0500,79.832,79.798,0.001,0.001
07.04.2021 08:55:26.032 GMT-0500,79.843,79.807,0.001,0.001
07.04.2021 08:55:26.828 GMT-0500,79.842,79.818,0.001,0.001
07.04.2021 08:55:27.042 GMT-0500,79.85300000000001,79.817,0.001,0.001
07.04.2021 08:55:27.127 GMT-0500,79.843,79.817,0.001,0.001
07.04.2021 08:55:27.710 GMT-0500,79.852,79.818,0.001,0.001
07.04.2021 08:55:27.851 GMT-0500,79.842,79.818,0.001,0.001
07.04.2021 08:55:28.488 GMT-0500,79.85300000000001,79.817,0.001,0.001
07.04.2021 08:55:28.596 GMT-0500,79.843,79.817,0.001,0.001
07.04.2021 08:55:28.846 GMT-0500,79.852,79.818,0.001,0.001
07.04.2021 08:55:30.981 GMT-0500,79.852,79.828,0.001,0.001
07.04.2021 08:55:33.354 GMT-0500,79.863,79.827,0.001,0.001
07.04.2021 08:55:33.404 GMT-0500,79.85300000000001,79.827,0.001,0.001
07.04.2021 08:55:33.505 GMT-0500,79.842,79.828,0.001,0.001
07.04.2021 08:55:33.555 GMT-0500,79.85300000000001,79.827,0.001,0.001
07.04.2021 08:55:34.641 GMT-0500,79.863,79.827,0.001,0.001
07.04.2021 08:55:34.849 GMT-0500,79.852,79.828,0.001,0.001
07.04.2021 08:55:35.354 GMT-0500,79.863,79.827,0.001,0.001
07.04.2021 08:55:35.858 GMT-0500,79.85300000000001,79.827,0.001,0.001
07.04.2021 08:55:37.152 GMT-0500,79.842,79.818,0.001,0.001
07.04.2021 08:55:37.360 GMT-0500,79.863,79.827,0.001,0.001
07.04.2021 08:55:43.278 GMT-0500,79.85300000000001,79.817,0.001,0.001
07.04.2021 08:55:43.739 GMT-0500,79.843,79.807,0.001,0.001
07.04.2021 08:55:43.860 GMT-0500,79.833,79.797,0.001,0.001
07.04.2021 08:55:44.120 GMT-0500,79.843,79.807,0.001,0.001
07.04.2021 08:55:44.877 GMT-0500,79.832,79.808,0.001,0.001
07.04.2021 08:55:45.004 GMT-0500,79.842,79.808,0.001,0.001
07.04.2021 08:55:45.054 GMT-0500,79.832,79.808,0.001,0.001
07.04.2021 08:55:47.826 GMT-0500,79.843,79.807,0.001,0.001
07.04.2021 08:55:52.827 GMT-0500,79.85300000000001,79.807,0.001,0.001
07.04.2021 08:55:53.088 GMT-0500,79.852,79.818,0.001,0.001
07.04.2021 08:55:53.239 GMT-0500,79.843,79.817,0.001,0.001
07.04.2021 08:55:54.120 GMT-0500,79.833,79.817,0.001,0.001
07.04.2021 08:55:54.171 GMT-0500,79.842,79.818,0.001,0.001
07.04.2021 08:55:56.125 GMT-0500,79.85300000000001,79.817,0.001,0.001
07.04.2021 08:55:56.180 GMT-0500,79.843,79.817,0.001,0.001
07.04.2021 08:55:56.758 GMT-0500,79.852,79.818,0.001,0.001
07.04.2021 08:56:00.240 GMT-0500,79.843,79.817,0.001,0.001
07.04.2021 08:56:02.117 GMT-0500,79.833,79.817,0.001,0.001
07.04.2021 08:56:02.582 GMT-0500,79.842,79.818,0.001,0.001
07.04.2021 08:56:05.135 GMT-0500,79.833,79.817,0.001,0.001
07.04.2021 08:56:05.430 GMT-0500,79.843,79.817,0.001,0.001
07.04.2021 08:56:11.303 GMT-0500,79.833,79.817,0.001,0.001
07.04.2021 08:56:11.374 GMT-0500,79.842,79.818,0.001,0.001
07.04.2021 08:56:11.734 GMT-0500,79.833,79.817,0.001,0.001
07.04.2021 08:56:11.961 GMT-0500,79.843,79.827,0.001,0.001
07.04.2021 08:56:14.639 GMT-0500,79.863,79.837,0.001,0.001
07.04.2021 08:56:14.740 GMT-0500,79.873,79.847,0.001,0.001
07.04.2021 08:56:16.014 GMT-0500,79.863,79.847,0.001,0.001
07.04.2021 08:56:16.190 GMT-0500,79.85300000000001,79.837,0.001,0.001
07.04.2021 08:56:16.240 GMT-0500,79.842,79.818,0.001,0.001
07.04.2021 08:56:16.307 GMT-0500,79.843,79.827,0.001,0.001
07.04.2021 08:56:16.740 GMT-0500,79.852,79.828,0.001,0.001
07.04.2021 08:56:17.303 GMT-0500,79.852,79.818,0.001,0.001
07.04.2021 08:56:17.796 GMT-0500,79.85300000000001,79.837,0.001,0.001
07.04.2021 08:56:17.846 GMT-0500,79.862,79.83800000000001,0.001,0.001
07.04.2021 08:56:18.036 GMT-0500,79.85300000000001,79.837,0.001,0.001
07.04.2021 08:56:18.087 GMT-0500,79.862,79.83800000000001,0.001,0.001
07.04.2021 08:56:19.183 GMT-0500,79.852,79.83800000000001,0.001,0.001
07.04.2021 08:56:19.684 GMT-0500,79.863,79.837,0.001,0.001
07.04.2021 08:56:19.735 GMT-0500,79.85300000000001,79.817,0.001,0.001
07.04.2021 08:56:20.270 GMT-0500,79.843,79.807,0.001,0.001
07.04.2021 08:56:20.389 GMT-0500,79.843,79.817,0.001,0.001
07.04.2021 08:56:21.128 GMT-0500,79.852,79.828,0.001,0.001
07.04.2021 08:56:21.548 GMT-0500,79.863,79.827,0.001,0.001
07.04.2021 08:56:21.598 GMT-0500,79.85300000000001,79.827,0.001,0.001
07.04.2021 08:56:21.659 GMT-0500,79.862,79.828,0.001,0.001
07.04.2021 08:56:22.331 GMT-0500,79.852,79.828,0.001,0.001
07.04.2021 08:56:25.380 GMT-0500,79.842,79.828,0.001,0.001
07.04.2021 08:56:25.641 GMT-0500,79.85300000000001,79.827,0.001,0.001
07.04.2021 08:56:25.733 GMT-0500,79.842,79.828,0.001,0.001
07.04.2021 08:56:28.090 GMT-0500,79.833,79.817,0.001,0.001
07.04.2021 08:56:28.468 GMT-0500,79.85300000000001,79.827,0.001,0.001
07.04.2021 08:56:31.337 GMT-0500,79.832,79.808,0.001,0.001
07.04.2021 08:56:31.387 GMT-0500,79.822,79.788,0.001,0.001
07.04.2021 08:56:31.524 GMT-0500,79.813,79.787,0.001,0.001
07.04.2021 08:56:31.574 GMT-0500,79.812,79.778,0.001,0.001
07.04.2021 08:56:31.808 GMT-0500,79.802,79.768,0.001,0.001
07.04.2021 08:56:32.021 GMT-0500,79.803,79.777,0.001,0.001
07.04.2021 08:56:35.964 GMT-0500,79.803,79.767,0.001,0.001
07.04.2021 08:56:37.266 GMT-0500,79.792,79.768,0.001,0.001
07.04.2021 08:56:37.395 GMT-0500,79.793,79.757,0.001,0.001
07.04.2021 08:56:39.288 GMT-0500,79.792,79.768,0.001,0.001
07.04.2021 08:56:39.749 GMT-0500,79.793,79.777,0.001,0.001
07.04.2021 08:56:39.800 GMT-0500,79.812,79.788,0.001,0.001
07.04.2021 08:56:39.850 GMT-0500,79.812,79.798,0.001,0.001
07.04.2021 08:56:40.125 GMT-0500,79.813,79.787,0.001,0.001
07.04.2021 08:56:40.371 GMT-0500,79.813,79.797,0.001,0.001
07.04.2021 08:56:47.457 GMT-0500,79.822,79.808,0.001,0.001
07.04.2021 08:56:47.830 GMT-0500,79.82300000000001,79.797,0.001,0.001
07.04.2021 08:56:49.231 GMT-0500,79.812,79.798,0.001,0.001
07.04.2021 08:56:49.281 GMT-0500,79.802,79.768,0.001,0.001
07.04.2021 08:56:49.736 GMT-0500,79.802,79.75800000000001,0.001,0.001
07.04.2021 08:56:49.799 GMT-0500,79.802,79.768,0.001,0.001
07.04.2021 08:56:52.345 GMT-0500,79.803,79.757,0.001,0.001
07.04.2021 08:56:54.393 GMT-0500,79.793,79.757,0.001,0.001
07.04.2021 08:56:54.631 GMT-0500,79.77300000000001,79.747,0.001,0.001
