Local time,Ask,Bid,AskVolume,BidVolume
08.04.2021 08:30:01.420 GMT-0500,79.793,79.497,0.001,0.001
08.04.2021 08:30:02.672 GMT-0500,79.793,79.637,0.001,0.001
08.04.2021 08:30:02.763 GMT-0500,79.792,79.61800000000001,0.001,0.001
08.04.2021 08:30:02.968 GMT-0500,79.793,79.637,0.001,0.001
08.04.2021 08:30:04.396 GMT-0500,79.913,79.787,0.001,0.001
08.04.2021 08:30:07.360 GMT-0500,79.85300000000001,79.787,0.001,0.001
08.04.2021 08:30:16.316 GMT-0500,79.852,79.788,0.001,0.001
08.04.2021 08:30:16.366 GMT-0500,79.85300000000001,79.777,0.001,0.001
08.04.2021 08:30:16.575 GMT-0500,79.85300000000001,79.767,0.001,0.001
08.04.2021 08:30:17.378 GMT-0500,79.82300000000001,79.767,0.001,0.001
08.04.2021 08:30:17.428 GMT-0500,79.85300000000001,79.747,0.001,0.001
08.04.2021 08:30:18.308 GMT-0500,79.852,79.768,0.001,0.001
08.04.2021 08:30:20.594 GMT-0500,79.842,79.75800000000001,0.001,0.001
08.04.2021 08:30:23.793 GMT-0500,79.832,79.75800000000001,0.001,0.001
08.04.2021 08:30:24.073 GMT-0500,79.842,79.75800000000001,0.001,0.001
08.04.2021 08:30:24.876 GMT-0500,79.833,79.757,0.001,0.001
08.04.2021 08:30:25.290 GMT-0500,79.833,79.767,0.001,0.001
08.04.2021 08:30:25.439 GMT-0500,79.832,79.75800000000001,0.001,0.001
08.04.2021 08:30:25.684 GMT-0500,79.843,79.757,0.001,0.001
08.04.2021 08:30:25.735 GMT-0500,79.802,79.768,0.001,0.001
08.04.2021 08:30:25.785 GMT-0500,79.822,79.75800000000001,0.001,0.001
08.04.2021 08:30:25.939 GMT-0500,79.822,79.738,0.001,0.001
08.04.2021 08:30:25.990 GMT-0500,79.82300000000001,79.747,0.001,0.001
08.04.2021 08:30:26.093 GMT-0500,79.832,79.748,0.001,0.001
08.04.2021 08:30:26.143 GMT-0500,79.832,79.768,0.001,0.001
08.04.2021 08:30:26.193 GMT-0500,79.833,79.757,0.001,0.001
08.04.2021 08:30:26.243 GMT-0500,79.833,79.767,0.001,0.001
08.04.2021 08:30:26.608 GMT-0500,79.842,79.768,0.001,0.001
08.04.2021 08:30:26.914 GMT-0500,79.863,79.767,0.001,0.001
08.04.2021 08:30:27.194 GMT-0500,79.862,79.778,0.001,0.001
08.04.2021 08:30:27.245 GMT-0500,79.862,79.768,0.001,0.001
08.04.2021 08:30:28.024 GMT-0500,79.872,79.768,0.001,0.001
08.04.2021 08:30:30.140 GMT-0500,79.862,79.778,0.001,0.001
08.04.2021 08:30:30.704 GMT-0500,79.863,79.767,0.001,0.001
08.04.2021 08:30:31.943 GMT-0500,79.863,79.787,0.001,0.001
08.04.2021 08:30:32.404 GMT-0500,79.873,79.787,0.001,0.001
08.04.2021 08:30:32.950 GMT-0500,79.803,79.767,0.001,0.001
08.04.2021 08:30:33.000 GMT-0500,79.852,79.778,0.001,0.001
08.04.2021 08:30:34.534 GMT-0500,79.863,79.777,0.001,0.001
08.04.2021 08:30:35.039 GMT-0500,79.873,79.777,0.001,0.001
08.04.2021 08:30:35.264 GMT-0500,79.862,79.778,0.001,0.001
08.04.2021 08:30:35.621 GMT-0500,79.872,79.778,0.001,0.001
08.04.2021 08:30:35.895 GMT-0500,79.863,79.777,0.001,0.001
08.04.2021 08:30:36.410 GMT-0500,79.85300000000001,79.777,0.001,0.001
08.04.2021 08:30:39.703 GMT-0500,79.873,79.777,0.001,0.001
08.04.2021 08:30:39.753 GMT-0500,79.863,79.787,0.001,0.001
08.04.2021 08:30:39.804 GMT-0500,79.873,79.787,0.001,0.001
08.04.2021 08:30:40.246 GMT-0500,79.863,79.787,0.001,0.001
08.04.2021 08:30:40.389 GMT-0500,79.862,79.778,0.001,0.001
08.04.2021 08:30:40.439 GMT-0500,79.862,79.788,0.001,0.001
08.04.2021 08:30:41.038 GMT-0500,79.822,79.748,0.001,0.001
08.04.2021 08:30:41.088 GMT-0500,79.862,79.75800000000001,0.001,0.001
08.04.2021 08:30:41.305 GMT-0500,79.863,79.747,0.001,0.001
08.04.2021 08:30:41.376 GMT-0500,79.873,79.757,0.001,0.001
08.04.2021 08:30:41.483 GMT-0500,79.852,79.75800000000001,0.001,0.001
08.04.2021 08:30:41.837 GMT-0500,79.85300000000001,79.737,0.001,0.001
08.04.2021 08:30:42.042 GMT-0500,79.852,79.748,0.001,0.001
08.04.2021 08:30:42.510 GMT-0500,79.85300000000001,79.737,0.001,0.001
08.04.2021 08:30:42.561 GMT-0500,79.842,79.748,0.001,0.001
08.04.2021 08:30:43.003 GMT-0500,79.842,79.72800000000001,0.001,0.001
08.04.2021 08:30:45.032 GMT-0500,79.842,79.738,0.001,0.001
08.04.2021 08:30:45.503 GMT-0500,79.842,79.72800000000001,0.001,0.001
08.04.2021 08:30:45.663 GMT-0500,79.843,79.697,0.001,0.001
08.04.2021 08:30:45.915 GMT-0500,79.843,79.717,0.001,0.001
08.04.2021 08:30:46.183 GMT-0500,79.843,79.707,0.001,0.001
08.04.2021 08:30:46.251 GMT-0500,79.842,79.718,0.001,0.001
08.04.2021 08:30:46.348 GMT-0500,79.862,79.708,0.001,0.001
08.04.2021 08:30:47.413 GMT-0500,79.842,79.708,0.001,0.001
08.04.2021 08:30:47.690 GMT-0500,79.843,79.717,0.001,0.001
08.04.2021 08:30:48.346 GMT-0500,79.82300000000001,79.717,0.001,0.001
08.04.2021 08:30:51.166 GMT-0500,79.813,79.717,0.001,0.001
08.04.2021 08:30:56.705 GMT-0500,79.822,79.718,0.001,0.001
08.04.2021 08:31:00.119 GMT-0500,79.803,79.707,0.001,0.001
08.04.2021 08:31:00.515 GMT-0500,79.802,79.69800000000001,0.001,0.001
08.04.2021 08:31:00.650 GMT-0500,79.802,79.678,0.001,0.001
08.04.2021 08:31:02.572 GMT-0500,79.802,79.69800000000001,0.001,0.001
08.04.2021 08:31:02.835 GMT-0500,79.802,79.688,0.001,0.001
08.04.2021 08:31:03.187 GMT-0500,79.812,79.688,0.001,0.001
08.04.2021 08:31:03.786 GMT-0500,79.812,79.678,0.001,0.001
08.04.2021 08:31:04.040 GMT-0500,79.802,79.69800000000001,0.001,0.001
08.04.2021 08:31:04.340 GMT-0500,79.813,79.697,0.001,0.001
08.04.2021 08:31:04.620 GMT-0500,79.813,79.677,0.001,0.001
08.04.2021 08:31:09.408 GMT-0500,79.812,79.688,0.001,0.001
08.04.2021 08:31:09.459 GMT-0500,79.813,79.677,0.001,0.001
08.04.2021 08:31:09.592 GMT-0500,79.812,79.688,0.001,0.001
08.04.2021 08:31:09.872 GMT-0500,79.812,79.69800000000001,0.001,0.001
08.04.2021 08:31:10.210 GMT-0500,79.812,79.688,0.001,0.001
08.04.2021 08:31:11.408 GMT-0500,79.813,79.697,0.001,0.001
08.04.2021 08:31:11.513 GMT-0500,79.812,79.688,0.001,0.001
08.04.2021 08:31:13.236 GMT-0500,79.812,79.69800000000001,0.001,0.001
08.04.2021 08:31:13.428 GMT-0500,79.813,79.687,0.001,0.001
08.04.2021 08:31:14.010 GMT-0500,79.812,79.69800000000001,0.001,0.001
08.04.2021 08:31:14.325 GMT-0500,79.813,79.737,0.001,0.001
08.04.2021 08:31:14.375 GMT-0500,79.843,79.747,0.001,0.001
08.04.2021 08:31:14.426 GMT-0500,79.863,79.757,0.001,0.001
08.04.2021 08:31:14.476 GMT-0500,79.863,79.767,0.001,0.001
08.04.2021 08:31:14.766 GMT-0500,79.873,79.767,0.001,0.001
08.04.2021 08:31:15.072 GMT-0500,79.822,79.768,0.001,0.001
08.04.2021 08:31:15.123 GMT-0500,79.843,79.777,0.001,0.001
08.04.2021 08:31:15.342 GMT-0500,79.873,79.777,0.001,0.001
08.04.2021 08:31:20.792 GMT-0500,79.893,79.807,0.001,0.001
08.04.2021 08:31:20.842 GMT-0500,79.893,79.797,0.001,0.001
08.04.2021 08:31:21.326 GMT-0500,79.903,79.797,0.001,0.001
08.04.2021 08:31:21.426 GMT-0500,79.903,79.767,0.001,0.001
08.04.2021 08:31:24.035 GMT-0500,79.902,79.778,0.001,0.001
08.04.2021 08:31:24.112 GMT-0500,79.902,79.768,0.001,0.001
08.04.2021 08:31:24.459 GMT-0500,79.872,79.768,0.001,0.001
08.04.2021 08:31:24.924 GMT-0500,79.882,79.768,0.001,0.001
08.04.2021 08:31:26.505 GMT-0500,79.873,79.767,0.001,0.001
08.04.2021 08:31:27.426 GMT-0500,79.852,79.768,0.001,0.001
08.04.2021 08:31:34.318 GMT-0500,79.863,79.767,0.001,0.001
08.04.2021 08:31:41.353 GMT-0500,79.872,79.768,0.001,0.001
08.04.2021 08:31:44.888 GMT-0500,79.862,79.768,0.001,0.001
08.04.2021 08:31:45.310 GMT-0500,79.872,79.768,0.001,0.001
08.04.2021 08:31:45.991 GMT-0500,79.862,79.768,0.001,0.001
08.04.2021 08:31:48.009 GMT-0500,79.85300000000001,79.767,0.001,0.001
08.04.2021 08:31:50.791 GMT-0500,79.872,79.768,0.001,0.001
08.04.2021 08:31:53.846 GMT-0500,79.862,79.768,0.001,0.001
08.04.2021 08:31:57.072 GMT-0500,79.852,79.75800000000001,0.001,0.001
08.04.2021 08:31:57.328 GMT-0500,79.863,79.757,0.001,0.001
08.04.2021 08:32:01.964 GMT-0500,79.862,79.768,0.001,0.001
08.04.2021 08:32:04.066 GMT-0500,79.85300000000001,79.767,0.001,0.001
08.04.2021 08:32:04.762 GMT-0500,79.863,79.767,0.001,0.001
08.04.2021 08:32:14.089 GMT-0500,79.85300000000001,79.767,0.001,0.001
08.04.2021 08:32:14.252 GMT-0500,79.85300000000001,79.787,0.001,0.001
08.04.2021 08:32:14.692 GMT-0500,79.863,79.787,0.001,0.001
08.04.2021 08:32:16.174 GMT-0500,79.85300000000001,79.787,0.001,0.001
08.04.2021 08:32:16.483 GMT-0500,79.862,79.788,0.001,0.001
08.04.2021 08:32:16.534 GMT-0500,79.85300000000001,79.787,0.001,0.001
08.04.2021 08:32:16.817 GMT-0500,79.862,79.788,0.001,0.001
08.04.2021 08:32:16.950 GMT-0500,79.862,79.808,0.001,0.001
08.04.2021 08:32:17.000 GMT-0500,79.863,79.787,0.001,0.001
08.04.2021 08:32:18.858 GMT-0500,79.862,79.798,0.001,0.001
08.04.2021 08:32:19.015 GMT-0500,79.873,79.797,0.001,0.001
08.04.2021 08:32:19.367 GMT-0500,79.872,79.788,0.001,0.001
08.04.2021 08:32:19.471 GMT-0500,79.872,79.798,0.001,0.001
08.04.2021 08:32:20.222 GMT-0500,79.872,79.788,0.001,0.001
08.04.2021 08:32:22.207 GMT-0500,79.88300000000001,79.787,0.001,0.001
08.04.2021 08:32:25.715 GMT-0500,79.873,79.787,0.001,0.001
08.04.2021 08:32:25.796 GMT-0500,79.88300000000001,79.787,0.001,0.001
08.04.2021 08:32:29.096 GMT-0500,79.873,79.787,0.001,0.001
08.04.2021 08:32:31.075 GMT-0500,79.803,79.747,0.001,0.001
08.04.2021 08:32:31.126 GMT-0500,79.813,79.727,0.001,0.001
08.04.2021 08:32:31.426 GMT-0500,79.82300000000001,79.717,0.001,0.001
08.04.2021 08:32:31.579 GMT-0500,79.842,79.72800000000001,0.001,0.001
08.04.2021 08:32:31.630 GMT-0500,79.842,79.748,0.001,0.001
08.04.2021 08:32:32.758 GMT-0500,79.752,79.708,0.001,0.001
08.04.2021 08:32:32.809 GMT-0500,79.793,79.727,0.001,0.001
08.04.2021 08:32:33.047 GMT-0500,79.813,79.727,0.001,0.001
08.04.2021 08:32:33.182 GMT-0500,79.812,79.718,0.001,0.001
08.04.2021 08:32:33.609 GMT-0500,79.813,79.747,0.001,0.001
08.04.2021 08:32:34.434 GMT-0500,79.82300000000001,79.767,0.001,0.001
08.04.2021 08:32:34.580 GMT-0500,79.792,79.748,0.001,0.001
08.04.2021 08:32:36.256 GMT-0500,79.82300000000001,79.747,0.001,0.001
08.04.2021 08:32:36.306 GMT-0500,79.812,79.748,0.001,0.001
08.04.2021 08:32:38.323 GMT-0500,79.822,79.748,0.001,0.001
08.04.2021 08:32:38.548 GMT-0500,79.812,79.748,0.001,0.001
08.04.2021 08:32:38.598 GMT-0500,79.822,79.748,0.001,0.001
08.04.2021 08:32:38.936 GMT-0500,79.812,79.748,0.001,0.001
08.04.2021 08:32:39.316 GMT-0500,79.822,79.748,0.001,0.001
08.04.2021 08:32:39.882 GMT-0500,79.812,79.748,0.001,0.001
08.04.2021 08:32:39.932 GMT-0500,79.82300000000001,79.747,0.001,0.001
08.04.2021 08:32:39.983 GMT-0500,79.753,79.687,0.001,0.001
08.04.2021 08:32:40.125 GMT-0500,79.732,79.688,0.001,0.001
08.04.2021 08:32:40.175 GMT-0500,79.732,79.678,0.001,0.001
08.04.2021 08:32:40.632 GMT-0500,79.732,79.668,0.001,0.001
08.04.2021 08:32:40.768 GMT-0500,79.722,79.668,0.001,0.001
08.04.2021 08:32:40.869 GMT-0500,79.732,79.69800000000001,0.001,0.001
08.04.2021 08:32:41.320 GMT-0500,79.733,79.687,0.001,0.001
08.04.2021 08:32:42.241 GMT-0500,79.783,79.727,0.001,0.001
08.04.2021 08:32:42.581 GMT-0500,79.77300000000001,79.697,0.001,0.001
08.04.2021 08:32:45.997 GMT-0500,79.783,79.697,0.001,0.001
08.04.2021 08:32:46.047 GMT-0500,79.74300000000001,79.697,0.001,0.001
08.04.2021 08:32:47.331 GMT-0500,79.802,79.72800000000001,0.001,0.001
08.04.2021 08:32:47.961 GMT-0500,79.803,79.697,0.001,0.001
08.04.2021 08:32:48.665 GMT-0500,79.752,79.708,0.001,0.001
08.04.2021 08:32:48.715 GMT-0500,79.782,79.718,0.001,0.001
08.04.2021 08:32:48.934 GMT-0500,79.783,79.697,0.001,0.001
08.04.2021 08:32:50.327 GMT-0500,79.782,79.688,0.001,0.001
08.04.2021 08:32:51.715 GMT-0500,79.792,79.688,0.001,0.001
08.04.2021 08:32:55.262 GMT-0500,79.792,79.668,0.001,0.001
08.04.2021 08:32:56.865 GMT-0500,79.793,79.677,0.001,0.001
08.04.2021 08:32:57.257 GMT-0500,79.793,79.667,0.001,0.001
08.04.2021 08:32:57.360 GMT-0500,79.793,79.687,0.001,0.001
08.04.2021 08:32:57.775 GMT-0500,79.793,79.677,0.001,0.001
08.04.2021 08:33:00.277 GMT-0500,79.82300000000001,79.727,0.001,0.001
08.04.2021 08:33:00.527 GMT-0500,79.813,79.727,0.001,0.001
08.04.2021 08:33:00.579 GMT-0500,79.822,79.72800000000001,0.001,0.001
08.04.2021 08:33:01.500 GMT-0500,79.783,79.727,0.001,0.001
08.04.2021 08:33:01.560 GMT-0500,79.802,79.72800000000001,0.001,0.001
08.04.2021 08:33:01.901 GMT-0500,79.792,79.738,0.001,0.001
08.04.2021 08:33:01.951 GMT-0500,79.792,79.72800000000001,0.001,0.001
08.04.2021 08:33:02.288 GMT-0500,79.792,79.738,0.001,0.001
08.04.2021 08:33:02.581 GMT-0500,79.793,79.727,0.001,0.001
08.04.2021 08:33:02.681 GMT-0500,79.792,79.738,0.001,0.001
08.04.2021 08:33:06.487 GMT-0500,79.813,79.737,0.001,0.001
08.04.2021 08:33:07.570 GMT-0500,79.803,79.737,0.001,0.001
08.04.2021 08:33:08.149 GMT-0500,79.812,79.738,0.001,0.001
08.04.2021 08:33:08.328 GMT-0500,79.802,79.738,0.001,0.001
08.04.2021 08:33:08.378 GMT-0500,79.812,79.738,0.001,0.001
08.04.2021 08:33:11.726 GMT-0500,79.82300000000001,79.737,0.001,0.001
08.04.2021 08:33:15.402 GMT-0500,79.793,79.737,0.001,0.001
08.04.2021 08:33:15.928 GMT-0500,79.803,79.737,0.001,0.001
08.04.2021 08:33:15.979 GMT-0500,79.812,79.738,0.001,0.001
08.04.2021 08:33:17.040 GMT-0500,79.803,79.737,0.001,0.001
08.04.2021 08:33:17.090 GMT-0500,79.812,79.738,0.001,0.001
08.04.2021 08:33:17.738 GMT-0500,79.803,79.737,0.001,0.001
08.04.2021 08:33:17.797 GMT-0500,79.812,79.738,0.001,0.001
08.04.2021 08:33:17.848 GMT-0500,79.802,79.738,0.001,0.001
08.04.2021 08:33:18.151 GMT-0500,79.812,79.738,0.001,0.001
08.04.2021 08:33:19.611 GMT-0500,79.822,79.738,0.001,0.001
08.04.2021 08:33:22.774 GMT-0500,79.812,79.738,0.001,0.001
08.04.2021 08:33:22.981 GMT-0500,79.813,79.757,0.001,0.001
08.04.2021 08:33:23.031 GMT-0500,79.813,79.747,0.001,0.001
08.04.2021 08:33:23.225 GMT-0500,79.813,79.757,0.001,0.001
08.04.2021 08:33:23.275 GMT-0500,79.812,79.748,0.001,0.001
08.04.2021 08:33:23.516 GMT-0500,79.813,79.737,0.001,0.001
08.04.2021 08:33:23.599 GMT-0500,79.812,79.748,0.001,0.001
08.04.2021 08:33:23.652 GMT-0500,79.822,79.748,0.001,0.001
08.04.2021 08:33:23.818 GMT-0500,79.812,79.748,0.001,0.001
08.04.2021 08:33:24.055 GMT-0500,79.813,79.737,0.001,0.001
08.04.2021 08:33:24.114 GMT-0500,79.822,79.738,0.001,0.001
08.04.2021 08:33:24.554 GMT-0500,79.812,79.748,0.001,0.001
08.04.2021 08:33:24.892 GMT-0500,79.813,79.757,0.001,0.001
08.04.2021 08:33:24.984 GMT-0500,79.812,79.748,0.001,0.001
08.04.2021 08:33:25.034 GMT-0500,79.812,79.75800000000001,0.001,0.001
08.04.2021 08:33:25.132 GMT-0500,79.812,79.748,0.001,0.001
08.04.2021 08:33:25.476 GMT-0500,79.812,79.738,0.001,0.001
08.04.2021 08:33:25.766 GMT-0500,79.812,79.718,0.001,0.001
08.04.2021 08:33:26.189 GMT-0500,79.813,79.727,0.001,0.001
08.04.2021 08:33:27.064 GMT-0500,79.812,79.718,0.001,0.001
08.04.2021 08:33:27.211 GMT-0500,79.822,79.718,0.001,0.001
08.04.2021 08:33:27.261 GMT-0500,79.813,79.757,0.001,0.001
08.04.2021 08:33:27.311 GMT-0500,79.82300000000001,79.757,0.001,0.001
08.04.2021 08:33:27.362 GMT-0500,79.783,79.717,0.001,0.001
08.04.2021 08:33:27.682 GMT-0500,79.803,79.697,0.001,0.001
08.04.2021 08:33:27.884 GMT-0500,79.792,79.718,0.001,0.001
08.04.2021 08:33:28.046 GMT-0500,79.803,79.717,0.001,0.001
08.04.2021 08:33:28.546 GMT-0500,79.813,79.717,0.001,0.001
08.04.2021 08:33:28.833 GMT-0500,79.813,79.707,0.001,0.001
08.04.2021 08:33:29.116 GMT-0500,79.82300000000001,79.707,0.001,0.001
08.04.2021 08:33:30.384 GMT-0500,79.812,79.718,0.001,0.001
08.04.2021 08:33:30.851 GMT-0500,79.822,79.718,0.001,0.001
08.04.2021 08:33:32.765 GMT-0500,79.852,79.778,0.001,0.001
08.04.2021 08:33:32.815 GMT-0500,79.85300000000001,79.767,0.001,0.001
08.04.2021 08:33:33.308 GMT-0500,79.832,79.738,0.001,0.001
08.04.2021 08:33:33.570 GMT-0500,79.842,79.738,0.001,0.001
08.04.2021 08:33:33.621 GMT-0500,79.822,79.738,0.001,0.001
08.04.2021 08:33:33.680 GMT-0500,79.833,79.737,0.001,0.001
08.04.2021 08:33:33.880 GMT-0500,79.842,79.738,0.001,0.001
08.04.2021 08:33:34.329 GMT-0500,79.832,79.768,0.001,0.001
08.04.2021 08:33:34.760 GMT-0500,79.843,79.767,0.001,0.001
08.04.2021 08:33:34.821 GMT-0500,79.833,79.767,0.001,0.001
08.04.2021 08:33:35.880 GMT-0500,79.843,79.767,0.001,0.001
08.04.2021 08:33:36.946 GMT-0500,79.813,79.767,0.001,0.001
08.04.2021 08:33:41.061 GMT-0500,79.832,79.768,0.001,0.001
08.04.2021 08:33:42.026 GMT-0500,79.842,79.768,0.001,0.001
08.04.2021 08:33:42.113 GMT-0500,79.822,79.768,0.001,0.001
08.04.2021 08:33:42.483 GMT-0500,79.832,79.768,0.001,0.001
08.04.2021 08:33:43.945 GMT-0500,79.843,79.767,0.001,0.001
08.04.2021 08:33:44.153 GMT-0500,79.82300000000001,79.767,0.001,0.001
08.04.2021 08:33:44.261 GMT-0500,79.832,79.768,0.001,0.001
08.04.2021 08:33:45.495 GMT-0500,79.812,79.768,0.001,0.001
08.04.2021 08:33:45.861 GMT-0500,79.843,79.767,0.001,0.001
08.04.2021 08:33:45.912 GMT-0500,79.833,79.767,0.001,0.001
08.04.2021 08:33:46.488 GMT-0500,79.822,79.768,0.001,0.001
08.04.2021 08:33:47.849 GMT-0500,79.833,79.767,0.001,0.001
08.04.2021 08:33:48.706 GMT-0500,79.822,79.72800000000001,0.001,0.001
08.04.2021 08:33:48.756 GMT-0500,79.763,79.717,0.001,0.001
08.04.2021 08:33:48.807 GMT-0500,79.762,79.69800000000001,0.001,0.001
08.04.2021 08:33:49.113 GMT-0500,79.762,79.678,0.001,0.001
08.04.2021 08:33:49.222 GMT-0500,79.783,79.677,0.001,0.001
08.04.2021 08:33:49.690 GMT-0500,79.792,79.668,0.001,0.001
08.04.2021 08:33:56.952 GMT-0500,79.793,79.687,0.001,0.001
08.04.2021 08:33:57.124 GMT-0500,79.793,79.677,0.001,0.001
08.04.2021 08:33:57.845 GMT-0500,79.792,79.688,0.001,0.001
08.04.2021 08:33:57.895 GMT-0500,79.793,79.677,0.001,0.001
08.04.2021 08:33:58.979 GMT-0500,79.752,79.688,0.001,0.001
08.04.2021 08:33:59.101 GMT-0500,79.752,79.668,0.001,0.001
08.04.2021 08:33:59.539 GMT-0500,79.742,79.658,0.001,0.001
08.04.2021 08:33:59.639 GMT-0500,79.74300000000001,79.637,0.001,0.001
08.04.2021 08:33:59.864 GMT-0500,79.742,79.628,0.001,0.001
08.04.2021 08:34:01.936 GMT-0500,79.752,79.628,0.001,0.001
08.04.2021 08:34:02.077 GMT-0500,79.752,79.638,0.001,0.001
08.04.2021 08:34:02.624 GMT-0500,79.74300000000001,79.637,0.001,0.001
08.04.2021 08:34:02.971 GMT-0500,79.752,79.638,0.001,0.001
08.04.2021 08:34:03.196 GMT-0500,79.74300000000001,79.637,0.001,0.001
08.04.2021 08:34:03.482 GMT-0500,79.752,79.638,0.001,0.001
08.04.2021 08:34:05.058 GMT-0500,79.752,79.628,0.001,0.001
08.04.2021 08:34:05.108 GMT-0500,79.752,79.638,0.001,0.001
08.04.2021 08:34:05.158 GMT-0500,79.753,79.627,0.001,0.001
08.04.2021 08:34:10.007 GMT-0500,79.752,79.638,0.001,0.001
08.04.2021 08:34:10.070 GMT-0500,79.753,79.627,0.001,0.001
08.04.2021 08:34:12.121 GMT-0500,79.753,79.647,0.001,0.001
08.04.2021 08:34:12.172 GMT-0500,79.752,79.638,0.001,0.001
08.04.2021 08:34:12.682 GMT-0500,79.752,79.628,0.001,0.001
08.04.2021 08:34:14.120 GMT-0500,79.762,79.658,0.001,0.001
08.04.2021 08:34:14.316 GMT-0500,79.763,79.647,0.001,0.001
08.04.2021 08:34:14.415 GMT-0500,79.763,79.657,0.001,0.001
08.04.2021 08:34:14.617 GMT-0500,79.763,79.647,0.001,0.001
08.04.2021 08:34:14.831 GMT-0500,79.74300000000001,79.717,0.001,0.001
08.04.2021 08:34:14.882 GMT-0500,79.752,79.678,0.001,0.001
08.04.2021 08:34:15.307 GMT-0500,79.772,79.678,0.001,0.001
08.04.2021 08:34:15.445 GMT-0500,79.763,79.687,0.001,0.001
08.04.2021 08:34:15.760 GMT-0500,79.762,79.678,0.001,0.001
08.04.2021 08:34:16.181 GMT-0500,79.762,79.69800000000001,0.001,0.001
08.04.2021 08:34:16.564 GMT-0500,79.762,79.688,0.001,0.001
08.04.2021 08:34:16.863 GMT-0500,79.77300000000001,79.687,0.001,0.001
08.04.2021 08:34:17.638 GMT-0500,79.762,79.688,0.001,0.001
08.04.2021 08:34:18.066 GMT-0500,79.772,79.688,0.001,0.001
08.04.2021 08:34:18.116 GMT-0500,79.763,79.687,0.001,0.001
08.04.2021 08:34:18.681 GMT-0500,79.77300000000001,79.687,0.001,0.001
08.04.2021 08:34:18.957 GMT-0500,79.763,79.687,0.001,0.001
08.04.2021 08:34:19.121 GMT-0500,79.772,79.688,0.001,0.001
08.04.2021 08:34:20.374 GMT-0500,79.763,79.687,0.001,0.001
08.04.2021 08:34:20.476 GMT-0500,79.762,79.69800000000001,0.001,0.001
08.04.2021 08:34:20.749 GMT-0500,79.772,79.688,0.001,0.001
08.04.2021 08:34:20.854 GMT-0500,79.772,79.69800000000001,0.001,0.001
08.04.2021 08:34:20.904 GMT-0500,79.77300000000001,79.687,0.001,0.001
08.04.2021 08:34:21.319 GMT-0500,79.74300000000001,79.687,0.001,0.001
08.04.2021 08:34:21.428 GMT-0500,79.703,79.657,0.001,0.001
08.04.2021 08:34:21.478 GMT-0500,79.733,79.647,0.001,0.001
08.04.2021 08:34:22.342 GMT-0500,79.732,79.628,0.001,0.001
08.04.2021 08:34:23.170 GMT-0500,79.733,79.637,0.001,0.001
08.04.2021 08:34:23.475 GMT-0500,79.742,79.64800000000001,0.001,0.001
08.04.2021 08:34:23.621 GMT-0500,79.742,79.638,0.001,0.001
08.04.2021 08:34:23.721 GMT-0500,79.732,79.638,0.001,0.001
08.04.2021 08:34:23.831 GMT-0500,79.742,79.638,0.001,0.001
08.04.2021 08:34:23.881 GMT-0500,79.732,79.638,0.001,0.001
08.04.2021 08:34:24.127 GMT-0500,79.742,79.638,0.001,0.001
08.04.2021 08:34:24.177 GMT-0500,79.733,79.637,0.001,0.001
08.04.2021 08:34:24.306 GMT-0500,79.74300000000001,79.637,0.001,0.001
08.04.2021 08:34:24.365 GMT-0500,79.732,79.638,0.001,0.001
08.04.2021 08:34:24.877 GMT-0500,79.742,79.638,0.001,0.001
08.04.2021 08:34:24.927 GMT-0500,79.733,79.637,0.001,0.001
08.04.2021 08:34:25.052 GMT-0500,79.74300000000001,79.637,0.001,0.001
08.04.2021 08:34:25.480 GMT-0500,79.732,79.638,0.001,0.001
08.04.2021 08:34:25.538 GMT-0500,79.732,79.628,0.001,0.001
08.04.2021 08:34:26.180 GMT-0500,79.733,79.637,0.001,0.001
08.04.2021 08:34:26.230 GMT-0500,79.742,79.638,0.001,0.001
08.04.2021 08:34:26.281 GMT-0500,79.712,79.638,0.001,0.001
08.04.2021 08:34:26.331 GMT-0500,79.723,79.637,0.001,0.001
08.04.2021 08:34:29.232 GMT-0500,79.71300000000001,79.647,0.001,0.001
08.04.2021 08:34:29.283 GMT-0500,79.71300000000001,79.637,0.001,0.001
08.04.2021 08:34:29.602 GMT-0500,79.722,79.658,0.001,0.001
08.04.2021 08:34:29.716 GMT-0500,79.712,79.658,0.001,0.001
08.04.2021 08:34:30.114 GMT-0500,79.71300000000001,79.677,0.001,0.001
08.04.2021 08:34:30.164 GMT-0500,79.722,79.668,0.001,0.001
08.04.2021 08:34:30.234 GMT-0500,79.712,79.668,0.001,0.001
08.04.2021 08:34:30.335 GMT-0500,79.71300000000001,79.657,0.001,0.001
08.04.2021 08:34:30.435 GMT-0500,79.723,79.667,0.001,0.001
08.04.2021 08:34:30.485 GMT-0500,79.723,79.657,0.001,0.001
08.04.2021 08:34:30.930 GMT-0500,79.723,79.667,0.001,0.001
08.04.2021 08:34:31.456 GMT-0500,79.722,79.658,0.001,0.001
08.04.2021 08:34:32.204 GMT-0500,79.722,79.638,0.001,0.001
08.04.2021 08:34:37.213 GMT-0500,79.702,79.668,0.001,0.001
08.04.2021 08:34:37.494 GMT-0500,79.722,79.668,0.001,0.001
08.04.2021 08:34:39.474 GMT-0500,79.712,79.668,0.001,0.001
08.04.2021 08:34:39.575 GMT-0500,79.722,79.668,0.001,0.001
08.04.2021 08:34:40.028 GMT-0500,79.703,79.667,0.001,0.001
08.04.2021 08:34:51.954 GMT-0500,79.703,79.657,0.001,0.001
08.04.2021 08:34:52.403 GMT-0500,79.703,79.647,0.001,0.001
08.04.2021 08:34:53.147 GMT-0500,79.682,79.638,0.001,0.001
08.04.2021 08:34:54.351 GMT-0500,79.683,79.627,0.001,0.001
08.04.2021 08:34:54.557 GMT-0500,79.702,79.668,0.001,0.001
08.04.2021 08:34:54.614 GMT-0500,79.703,79.647,0.001,0.001
08.04.2021 08:34:54.665 GMT-0500,79.722,79.69800000000001,0.001,0.001
08.04.2021 08:34:57.554 GMT-0500,79.702,79.658,0.001,0.001
08.04.2021 08:34:57.605 GMT-0500,79.71300000000001,79.637,0.001,0.001
08.04.2021 08:34:57.762 GMT-0500,79.703,79.647,0.001,0.001
08.04.2021 08:34:57.813 GMT-0500,79.702,79.638,0.001,0.001
08.04.2021 08:34:58.038 GMT-0500,79.702,79.628,0.001,0.001
08.04.2021 08:34:58.112 GMT-0500,79.712,79.628,0.001,0.001
08.04.2021 08:34:58.746 GMT-0500,79.712,79.608,0.001,0.001
08.04.2021 08:35:00.796 GMT-0500,79.712,79.628,0.001,0.001
08.04.2021 08:35:01.235 GMT-0500,79.723,79.637,0.001,0.001
08.04.2021 08:35:01.813 GMT-0500,79.702,79.628,0.001,0.001
08.04.2021 08:35:02.277 GMT-0500,79.712,79.638,0.001,0.001
08.04.2021 08:35:03.417 GMT-0500,79.71300000000001,79.657,0.001,0.001
08.04.2021 08:35:03.688 GMT-0500,79.722,79.64800000000001,0.001,0.001
08.04.2021 08:35:03.738 GMT-0500,79.71300000000001,79.647,0.001,0.001
08.04.2021 08:35:04.116 GMT-0500,79.722,79.64800000000001,0.001,0.001
08.04.2021 08:35:05.849 GMT-0500,79.712,79.608,0.001,0.001
08.04.2021 08:35:05.904 GMT-0500,79.712,79.61800000000001,0.001,0.001
08.04.2021 08:35:06.223 GMT-0500,79.703,79.627,0.001,0.001
08.04.2021 08:35:06.378 GMT-0500,79.712,79.628,0.001,0.001
08.04.2021 08:35:08.833 GMT-0500,79.703,79.627,0.001,0.001
08.04.2021 08:35:08.941 GMT-0500,79.692,79.628,0.001,0.001
08.04.2021 08:35:09.926 GMT-0500,79.692,79.61800000000001,0.001,0.001
08.04.2021 08:35:09.976 GMT-0500,79.692,79.628,0.001,0.001
08.04.2021 08:35:10.250 GMT-0500,79.702,79.638,0.001,0.001
08.04.2021 08:35:10.828 GMT-0500,79.703,79.627,0.001,0.001
08.04.2021 08:35:13.079 GMT-0500,79.692,79.628,0.001,0.001
08.04.2021 08:35:13.129 GMT-0500,79.702,79.628,0.001,0.001
08.04.2021 08:35:15.114 GMT-0500,79.692,79.608,0.001,0.001
08.04.2021 08:35:15.164 GMT-0500,79.703,79.617,0.001,0.001
08.04.2021 08:35:15.319 GMT-0500,79.653,79.587,0.001,0.001
08.04.2021 08:35:15.369 GMT-0500,79.663,79.587,0.001,0.001
08.04.2021 08:35:15.469 GMT-0500,79.663,79.577,0.001,0.001
08.04.2021 08:35:15.543 GMT-0500,79.682,79.578,0.001,0.001
08.04.2021 08:35:15.684 GMT-0500,79.672,79.578,0.001,0.001
08.04.2021 08:35:17.329 GMT-0500,79.643,79.577,0.001,0.001
08.04.2021 08:35:18.354 GMT-0500,79.602,79.558,0.001,0.001
08.04.2021 08:35:19.359 GMT-0500,79.583,79.547,0.001,0.001
08.04.2021 08:35:19.409 GMT-0500,79.57300000000001,79.527,0.001,0.001
08.04.2021 08:35:20.076 GMT-0500,79.572,79.558,0.001,0.001
08.04.2021 08:35:20.658 GMT-0500,79.60300000000001,79.567,0.001,0.001
08.04.2021 08:35:20.729 GMT-0500,79.582,79.558,0.001,0.001
08.04.2021 08:35:21.049 GMT-0500,79.60300000000001,79.567,0.001,0.001
08.04.2021 08:35:21.319 GMT-0500,79.602,79.558,0.001,0.001
08.04.2021 08:35:22.222 GMT-0500,79.60300000000001,79.547,0.001,0.001
08.04.2021 08:35:22.437 GMT-0500,79.613,79.547,0.001,0.001
08.04.2021 08:35:22.488 GMT-0500,79.602,79.548,0.001,0.001
08.04.2021 08:35:22.754 GMT-0500,79.60300000000001,79.537,0.001,0.001
08.04.2021 08:35:23.995 GMT-0500,79.613,79.537,0.001,0.001
08.04.2021 08:35:26.333 GMT-0500,79.562,79.538,0.001,0.001
08.04.2021 08:35:26.383 GMT-0500,79.562,79.528,0.001,0.001
08.04.2021 08:35:27.368 GMT-0500,79.563,79.507,0.001,0.001
08.04.2021 08:35:27.418 GMT-0500,79.563,79.517,0.001,0.001
08.04.2021 08:35:28.494 GMT-0500,79.562,79.50800000000001,0.001,0.001
08.04.2021 08:35:29.815 GMT-0500,79.553,79.507,0.001,0.001
08.04.2021 08:35:29.865 GMT-0500,79.563,79.507,0.001,0.001
08.04.2021 08:35:30.046 GMT-0500,79.562,79.47800000000001,0.001,0.001
08.04.2021 08:35:31.389 GMT-0500,79.543,79.477,0.001,0.001
08.04.2021 08:35:35.217 GMT-0500,79.532,79.488,0.001,0.001
08.04.2021 08:35:35.267 GMT-0500,79.542,79.47800000000001,0.001,0.001
08.04.2021 08:35:35.491 GMT-0500,79.522,79.47800000000001,0.001,0.001
08.04.2021 08:35:36.362 GMT-0500,79.522,79.468,0.001,0.001
08.04.2021 08:35:36.498 GMT-0500,79.52300000000001,79.477,0.001,0.001
08.04.2021 08:35:36.720 GMT-0500,79.522,79.488,0.001,0.001
08.04.2021 08:35:36.850 GMT-0500,79.522,79.47800000000001,0.001,0.001
08.04.2021 08:35:36.901 GMT-0500,79.543,79.497,0.001,0.001
08.04.2021 08:35:37.139 GMT-0500,79.542,79.488,0.001,0.001
08.04.2021 08:35:37.386 GMT-0500,79.542,79.498,0.001,0.001
08.04.2021 08:35:37.887 GMT-0500,79.542,79.518,0.001,0.001
08.04.2021 08:35:45.228 GMT-0500,79.552,79.528,0.001,0.001
08.04.2021 08:35:45.381 GMT-0500,79.543,79.527,0.001,0.001
08.04.2021 08:35:45.481 GMT-0500,79.542,79.518,0.001,0.001
08.04.2021 08:35:45.971 GMT-0500,79.542,79.50800000000001,0.001,0.001
08.04.2021 08:35:46.268 GMT-0500,79.542,79.488,0.001,0.001
08.04.2021 08:35:46.319 GMT-0500,79.543,79.477,0.001,0.001
08.04.2021 08:35:47.561 GMT-0500,79.543,79.487,0.001,0.001
08.04.2021 08:35:48.577 GMT-0500,79.533,79.487,0.001,0.001
08.04.2021 08:35:48.627 GMT-0500,79.542,79.488,0.001,0.001
08.04.2021 08:35:48.791 GMT-0500,79.543,79.477,0.001,0.001
08.04.2021 08:35:48.872 GMT-0500,79.562,79.528,0.001,0.001
08.04.2021 08:35:48.923 GMT-0500,79.562,79.50800000000001,0.001,0.001
08.04.2021 08:35:49.563 GMT-0500,79.562,79.498,0.001,0.001
08.04.2021 08:35:49.614 GMT-0500,79.562,79.488,0.001,0.001
08.04.2021 08:35:49.668 GMT-0500,79.562,79.528,0.001,0.001
08.04.2021 08:35:49.719 GMT-0500,79.562,79.50800000000001,0.001,0.001
08.04.2021 08:35:49.933 GMT-0500,79.562,79.498,0.001,0.001
08.04.2021 08:35:49.987 GMT-0500,79.552,79.50800000000001,0.001,0.001
08.04.2021 08:35:50.303 GMT-0500,79.563,79.507,0.001,0.001
08.04.2021 08:35:50.751 GMT-0500,79.533,79.487,0.001,0.001
08.04.2021 08:35:50.801 GMT-0500,79.542,79.47800000000001,0.001,0.001
08.04.2021 08:35:50.851 GMT-0500,79.533,79.477,0.001,0.001
08.04.2021 08:35:51.161 GMT-0500,79.543,79.477,0.001,0.001
08.04.2021 08:35:52.011 GMT-0500,79.553,79.477,0.001,0.001
08.04.2021 08:35:52.879 GMT-0500,79.533,79.477,0.001,0.001
08.04.2021 08:35:52.929 GMT-0500,79.532,79.468,0.001,0.001
08.04.2021 08:35:53.232 GMT-0500,79.543,79.477,0.001,0.001
08.04.2021 08:35:53.297 GMT-0500,79.543,79.467,0.001,0.001
08.04.2021 08:35:53.474 GMT-0500,79.553,79.467,0.001,0.001
08.04.2021 08:35:53.833 GMT-0500,79.553,79.477,0.001,0.001
08.04.2021 08:35:53.913 GMT-0500,79.552,79.468,0.001,0.001
08.04.2021 08:35:54.416 GMT-0500,79.552,79.458,0.001,0.001
08.04.2021 08:35:55.813 GMT-0500,79.553,79.477,0.001,0.001
08.04.2021 08:35:58.485 GMT-0500,79.543,79.497,0.001,0.001
08.04.2021 08:35:58.748 GMT-0500,79.543,79.477,0.001,0.001
08.04.2021 08:35:58.798 GMT-0500,79.542,79.488,0.001,0.001
08.04.2021 08:35:59.036 GMT-0500,79.542,79.468,0.001,0.001
08.04.2021 08:35:59.086 GMT-0500,79.533,79.477,0.001,0.001
08.04.2021 08:35:59.323 GMT-0500,79.542,79.47800000000001,0.001,0.001
08.04.2021 08:35:59.512 GMT-0500,79.553,79.477,0.001,0.001
08.04.2021 08:35:59.887 GMT-0500,79.553,79.457,0.001,0.001
08.04.2021 08:36:01.642 GMT-0500,79.49300000000001,79.467,0.001,0.001
08.04.2021 08:36:01.957 GMT-0500,79.492,79.458,0.001,0.001
08.04.2021 08:36:02.085 GMT-0500,79.522,79.458,0.001,0.001
08.04.2021 08:36:02.209 GMT-0500,79.513,79.467,0.001,0.001
08.04.2021 08:36:02.416 GMT-0500,79.52300000000001,79.467,0.001,0.001
08.04.2021 08:36:02.677 GMT-0500,79.52300000000001,79.457,0.001,0.001
08.04.2021 08:36:02.728 GMT-0500,79.522,79.47800000000001,0.001,0.001
08.04.2021 08:36:02.778 GMT-0500,79.532,79.47800000000001,0.001,0.001
08.04.2021 08:36:03.861 GMT-0500,79.532,79.468,0.001,0.001
08.04.2021 08:36:04.961 GMT-0500,79.533,79.477,0.001,0.001
08.04.2021 08:36:05.280 GMT-0500,79.533,79.467,0.001,0.001
08.04.2021 08:36:05.331 GMT-0500,79.533,79.477,0.001,0.001
08.04.2021 08:36:05.562 GMT-0500,79.532,79.468,0.001,0.001
08.04.2021 08:36:05.685 GMT-0500,79.533,79.457,0.001,0.001
08.04.2021 08:36:06.187 GMT-0500,79.532,79.468,0.001,0.001
08.04.2021 08:36:09.897 GMT-0500,79.533,79.457,0.001,0.001
08.04.2021 08:36:09.948 GMT-0500,79.533,79.467,0.001,0.001
08.04.2021 08:36:10.210 GMT-0500,79.533,79.457,0.001,0.001
08.04.2021 08:36:10.365 GMT-0500,79.522,79.468,0.001,0.001
08.04.2021 08:36:10.862 GMT-0500,79.522,79.47800000000001,0.001,0.001
08.04.2021 08:36:10.940 GMT-0500,79.52300000000001,79.467,0.001,0.001
08.04.2021 08:36:11.435 GMT-0500,79.513,79.467,0.001,0.001
08.04.2021 08:36:11.485 GMT-0500,79.522,79.468,0.001,0.001
08.04.2021 08:36:11.769 GMT-0500,79.522,79.458,0.001,0.001
08.04.2021 08:36:11.870 GMT-0500,79.52300000000001,79.487,0.001,0.001
08.04.2021 08:36:16.818 GMT-0500,79.513,79.467,0.001,0.001
08.04.2021 08:36:16.985 GMT-0500,79.522,79.468,0.001,0.001
08.04.2021 08:36:19.560 GMT-0500,79.533,79.507,0.001,0.001
08.04.2021 08:36:19.610 GMT-0500,79.563,79.527,0.001,0.001
08.04.2021 08:36:20.001 GMT-0500,79.553,79.527,0.001,0.001
08.04.2021 08:36:20.052 GMT-0500,79.562,79.528,0.001,0.001
08.04.2021 08:36:20.235 GMT-0500,79.552,79.518,0.001,0.001
08.04.2021 08:36:20.684 GMT-0500,79.552,79.538,0.001,0.001
08.04.2021 08:36:20.817 GMT-0500,79.553,79.517,0.001,0.001
08.04.2021 08:36:20.868 GMT-0500,79.552,79.528,0.001,0.001
08.04.2021 08:36:21.111 GMT-0500,79.553,79.517,0.001,0.001
08.04.2021 08:36:22.226 GMT-0500,79.563,79.527,0.001,0.001
08.04.2021 08:36:22.381 GMT-0500,79.562,79.538,0.001,0.001
08.04.2021 08:36:22.431 GMT-0500,79.563,79.517,0.001,0.001
08.04.2021 08:36:22.481 GMT-0500,79.563,79.527,0.001,0.001
08.04.2021 08:36:22.842 GMT-0500,79.562,79.518,0.001,0.001
08.04.2021 08:36:24.314 GMT-0500,79.562,79.528,0.001,0.001
08.04.2021 08:36:28.254 GMT-0500,79.563,79.537,0.001,0.001
08.04.2021 08:36:28.304 GMT-0500,79.563,79.527,0.001,0.001
08.04.2021 08:36:28.853 GMT-0500,79.582,79.538,0.001,0.001
08.04.2021 08:36:29.216 GMT-0500,79.592,79.538,0.001,0.001
08.04.2021 08:36:29.395 GMT-0500,79.563,79.527,0.001,0.001
08.04.2021 08:36:29.819 GMT-0500,79.57300000000001,79.527,0.001,0.001
08.04.2021 08:36:31.633 GMT-0500,79.583,79.527,0.001,0.001
08.04.2021 08:36:32.106 GMT-0500,79.592,79.528,0.001,0.001
08.04.2021 08:36:32.157 GMT-0500,79.583,79.527,0.001,0.001
08.04.2021 08:36:32.455 GMT-0500,79.552,79.528,0.001,0.001
08.04.2021 08:36:32.996 GMT-0500,79.562,79.528,0.001,0.001
08.04.2021 08:36:33.345 GMT-0500,79.542,79.498,0.001,0.001
08.04.2021 08:36:33.541 GMT-0500,79.542,79.488,0.001,0.001
08.04.2021 08:36:34.128 GMT-0500,79.542,79.47800000000001,0.001,0.001
08.04.2021 08:36:34.470 GMT-0500,79.562,79.47800000000001,0.001,0.001
08.04.2021 08:36:34.520 GMT-0500,79.552,79.488,0.001,0.001
08.04.2021 08:36:35.221 GMT-0500,79.562,79.488,0.001,0.001
08.04.2021 08:36:36.813 GMT-0500,79.562,79.518,0.001,0.001
08.04.2021 08:36:37.095 GMT-0500,79.552,79.518,0.001,0.001
08.04.2021 08:36:37.145 GMT-0500,79.562,79.518,0.001,0.001
08.04.2021 08:36:40.898 GMT-0500,79.57300000000001,79.527,0.001,0.001
08.04.2021 08:36:40.948 GMT-0500,79.57300000000001,79.517,0.001,0.001
08.04.2021 08:36:41.831 GMT-0500,79.583,79.517,0.001,0.001
08.04.2021 08:36:41.978 GMT-0500,79.592,79.518,0.001,0.001
08.04.2021 08:36:42.842 GMT-0500,79.582,79.518,0.001,0.001
08.04.2021 08:36:43.018 GMT-0500,79.592,79.518,0.001,0.001
08.04.2021 08:36:45.295 GMT-0500,79.562,79.548,0.001,0.001
08.04.2021 08:36:45.851 GMT-0500,79.553,79.537,0.001,0.001
08.04.2021 08:36:45.901 GMT-0500,79.562,79.538,0.001,0.001
08.04.2021 08:36:46.036 GMT-0500,79.552,79.518,0.001,0.001
08.04.2021 08:36:47.390 GMT-0500,79.542,79.50800000000001,0.001,0.001
08.04.2021 08:36:47.440 GMT-0500,79.552,79.50800000000001,0.001,0.001
08.04.2021 08:36:48.133 GMT-0500,79.553,79.497,0.001,0.001
08.04.2021 08:36:49.664 GMT-0500,79.552,79.50800000000001,0.001,0.001
08.04.2021 08:36:50.593 GMT-0500,79.553,79.497,0.001,0.001
08.04.2021 08:36:51.025 GMT-0500,79.563,79.537,0.001,0.001
08.04.2021 08:36:51.126 GMT-0500,79.582,79.548,0.001,0.001
08.04.2021 08:36:51.326 GMT-0500,79.592,79.538,0.001,0.001
08.04.2021 08:36:52.412 GMT-0500,79.602,79.538,0.001,0.001
08.04.2021 08:36:53.321 GMT-0500,79.592,79.538,0.001,0.001
08.04.2021 08:36:53.427 GMT-0500,79.593,79.527,0.001,0.001
08.04.2021 08:36:58.378 GMT-0500,79.60300000000001,79.537,0.001,0.001
08.04.2021 08:36:59.138 GMT-0500,79.593,79.557,0.001,0.001
08.04.2021 08:36:59.189 GMT-0500,79.572,79.528,0.001,0.001
08.04.2021 08:36:59.784 GMT-0500,79.582,79.528,0.001,0.001
08.04.2021 08:37:00.687 GMT-0500,79.57300000000001,79.527,0.001,0.001
08.04.2021 08:37:00.928 GMT-0500,79.572,79.548,0.001,0.001
08.04.2021 08:37:02.460 GMT-0500,79.552,79.538,0.001,0.001
08.04.2021 08:37:02.959 GMT-0500,79.562,79.538,0.001,0.001
08.04.2021 08:37:03.392 GMT-0500,79.543,79.497,0.001,0.001
08.04.2021 08:37:03.442 GMT-0500,79.543,79.507,0.001,0.001
08.04.2021 08:37:05.403 GMT-0500,79.553,79.517,0.001,0.001
08.04.2021 08:37:06.018 GMT-0500,79.542,79.50800000000001,0.001,0.001
08.04.2021 08:37:06.366 GMT-0500,79.552,79.518,0.001,0.001
08.04.2021 08:37:07.666 GMT-0500,79.563,79.547,0.001,0.001
08.04.2021 08:37:07.862 GMT-0500,79.562,79.528,0.001,0.001
08.04.2021 08:37:08.019 GMT-0500,79.562,79.538,0.001,0.001
08.04.2021 08:37:08.122 GMT-0500,79.582,79.538,0.001,0.001
08.04.2021 08:37:08.651 GMT-0500,79.583,79.547,0.001,0.001
08.04.2021 08:37:08.916 GMT-0500,79.552,79.518,0.001,0.001
08.04.2021 08:37:09.104 GMT-0500,79.563,79.527,0.001,0.001
08.04.2021 08:37:11.480 GMT-0500,79.582,79.548,0.001,0.001
08.04.2021 08:37:12.556 GMT-0500,79.593,79.557,0.001,0.001
08.04.2021 08:37:12.642 GMT-0500,79.592,79.548,0.001,0.001
08.04.2021 08:37:13.072 GMT-0500,79.572,79.548,0.001,0.001
08.04.2021 08:37:13.122 GMT-0500,79.583,79.547,0.001,0.001
08.04.2021 08:37:13.320 GMT-0500,79.582,79.538,0.001,0.001
08.04.2021 08:37:13.421 GMT-0500,79.583,79.557,0.001,0.001
08.04.2021 08:37:16.816 GMT-0500,79.57300000000001,79.557,0.001,0.001
08.04.2021 08:37:17.718 GMT-0500,79.562,79.538,0.001,0.001
08.04.2021 08:37:17.849 GMT-0500,79.572,79.538,0.001,0.001
08.04.2021 08:37:18.210 GMT-0500,79.562,79.538,0.001,0.001
08.04.2021 08:37:18.574 GMT-0500,79.562,79.528,0.001,0.001
08.04.2021 08:37:18.899 GMT-0500,79.572,79.528,0.001,0.001
08.04.2021 08:37:22.679 GMT-0500,79.563,79.527,0.001,0.001
08.04.2021 08:37:22.730 GMT-0500,79.572,79.528,0.001,0.001
08.04.2021 08:37:22.782 GMT-0500,79.57300000000001,79.537,0.001,0.001
08.04.2021 08:37:23.639 GMT-0500,79.592,79.568,0.001,0.001
08.04.2021 08:37:23.689 GMT-0500,79.592,79.558,0.001,0.001
08.04.2021 08:37:24.194 GMT-0500,79.602,79.548,0.001,0.001
08.04.2021 08:37:24.500 GMT-0500,79.602,79.558,0.001,0.001
08.04.2021 08:37:24.801 GMT-0500,79.602,79.548,0.001,0.001
08.04.2021 08:37:24.911 GMT-0500,79.60300000000001,79.557,0.001,0.001
08.04.2021 08:37:24.962 GMT-0500,79.60300000000001,79.547,0.001,0.001
08.04.2021 08:37:25.247 GMT-0500,79.582,79.548,0.001,0.001
08.04.2021 08:37:27.039 GMT-0500,79.572,79.528,0.001,0.001
08.04.2021 08:37:27.139 GMT-0500,79.583,79.547,0.001,0.001
08.04.2021 08:37:27.412 GMT-0500,79.582,79.538,0.001,0.001
08.04.2021 08:37:27.713 GMT-0500,79.582,79.548,0.001,0.001
08.04.2021 08:37:28.673 GMT-0500,79.563,79.537,0.001,0.001
08.04.2021 08:37:28.724 GMT-0500,79.572,79.538,0.001,0.001
08.04.2021 08:37:29.112 GMT-0500,79.553,79.537,0.001,0.001
08.04.2021 08:37:29.454 GMT-0500,79.542,79.518,0.001,0.001
08.04.2021 08:37:29.708 GMT-0500,79.553,79.517,0.001,0.001
08.04.2021 08:37:29.758 GMT-0500,79.542,79.518,0.001,0.001
08.04.2021 08:37:29.876 GMT-0500,79.552,79.518,0.001,0.001
08.04.2021 08:37:30.146 GMT-0500,79.542,79.498,0.001,0.001
08.04.2021 08:37:30.196 GMT-0500,79.532,79.498,0.001,0.001
08.04.2021 08:37:30.278 GMT-0500,79.543,79.497,0.001,0.001
08.04.2021 08:37:31.594 GMT-0500,79.52300000000001,79.487,0.001,0.001
08.04.2021 08:37:32.090 GMT-0500,79.522,79.47800000000001,0.001,0.001
08.04.2021 08:37:32.470 GMT-0500,79.52300000000001,79.467,0.001,0.001
08.04.2021 08:37:32.572 GMT-0500,79.522,79.47800000000001,0.001,0.001
08.04.2021 08:37:34.470 GMT-0500,79.522,79.468,0.001,0.001
08.04.2021 08:37:35.679 GMT-0500,79.522,79.47800000000001,0.001,0.001
08.04.2021 08:37:36.191 GMT-0500,79.52300000000001,79.467,0.001,0.001
08.04.2021 08:37:37.197 GMT-0500,79.513,79.467,0.001,0.001
08.04.2021 08:37:37.661 GMT-0500,79.512,79.47800000000001,0.001,0.001
08.04.2021 08:37:37.845 GMT-0500,79.52300000000001,79.487,0.001,0.001
08.04.2021 08:37:38.717 GMT-0500,79.512,79.47800000000001,0.001,0.001
08.04.2021 08:37:38.908 GMT-0500,79.502,79.468,0.001,0.001
08.04.2021 08:37:39.585 GMT-0500,79.502,79.458,0.001,0.001
08.04.2021 08:37:39.636 GMT-0500,79.49300000000001,79.457,0.001,0.001
08.04.2021 08:37:42.805 GMT-0500,79.503,79.467,0.001,0.001
08.04.2021 08:37:42.954 GMT-0500,79.502,79.458,0.001,0.001
08.04.2021 08:37:43.035 GMT-0500,79.503,79.467,0.001,0.001
08.04.2021 08:37:45.535 GMT-0500,79.502,79.458,0.001,0.001
08.04.2021 08:37:45.825 GMT-0500,79.492,79.458,0.001,0.001
08.04.2021 08:37:50.825 GMT-0500,79.482,79.458,0.001,0.001
08.04.2021 08:38:03.102 GMT-0500,79.513,79.477,0.001,0.001
08.04.2021 08:38:03.522 GMT-0500,79.512,79.488,0.001,0.001
08.04.2021 08:38:03.572 GMT-0500,79.512,79.47800000000001,0.001,0.001
08.04.2021 08:38:03.957 GMT-0500,79.512,79.488,0.001,0.001
08.04.2021 08:38:04.117 GMT-0500,79.513,79.497,0.001,0.001
08.04.2021 08:38:04.169 GMT-0500,79.513,79.487,0.001,0.001
08.04.2021 08:38:06.377 GMT-0500,79.502,79.488,0.001,0.001
08.04.2021 08:38:07.393 GMT-0500,79.492,79.468,0.001,0.001
08.04.2021 08:38:07.443 GMT-0500,79.483,79.457,0.001,0.001
08.04.2021 08:38:08.258 GMT-0500,79.492,79.458,0.001,0.001
08.04.2021 08:38:08.308 GMT-0500,79.49300000000001,79.467,0.001,0.001
08.04.2021 08:38:08.558 GMT-0500,79.482,79.458,0.001,0.001
08.04.2021 08:38:09.343 GMT-0500,79.492,79.458,0.001,0.001
08.04.2021 08:38:09.393 GMT-0500,79.483,79.457,0.001,0.001
08.04.2021 08:38:09.618 GMT-0500,79.503,79.467,0.001,0.001
08.04.2021 08:38:10.135 GMT-0500,79.513,79.497,0.001,0.001
08.04.2021 08:38:10.185 GMT-0500,79.512,79.47800000000001,0.001,0.001
08.04.2021 08:38:10.461 GMT-0500,79.513,79.467,0.001,0.001
08.04.2021 08:38:10.652 GMT-0500,79.512,79.47800000000001,0.001,0.001
08.04.2021 08:38:10.924 GMT-0500,79.513,79.467,0.001,0.001
08.04.2021 08:38:12.116 GMT-0500,79.52300000000001,79.487,0.001,0.001
08.04.2021 08:38:12.166 GMT-0500,79.522,79.47800000000001,0.001,0.001
08.04.2021 08:38:12.377 GMT-0500,79.52300000000001,79.467,0.001,0.001
08.04.2021 08:38:13.345 GMT-0500,79.52300000000001,79.487,0.001,0.001
08.04.2021 08:38:16.279 GMT-0500,79.513,79.487,0.001,0.001
08.04.2021 08:38:18.955 GMT-0500,79.513,79.467,0.001,0.001
08.04.2021 08:38:19.056 GMT-0500,79.513,79.487,0.001,0.001
08.04.2021 08:38:20.956 GMT-0500,79.512,79.468,0.001,0.001
08.04.2021 08:38:21.912 GMT-0500,79.533,79.497,0.001,0.001
08.04.2021 08:38:24.202 GMT-0500,79.52300000000001,79.497,0.001,0.001
08.04.2021 08:38:24.252 GMT-0500,79.542,79.498,0.001,0.001
08.04.2021 08:38:24.303 GMT-0500,79.542,79.50800000000001,0.001,0.001
08.04.2021 08:38:24.691 GMT-0500,79.542,79.518,0.001,0.001
08.04.2021 08:38:24.875 GMT-0500,79.553,79.517,0.001,0.001
08.04.2021 08:38:25.610 GMT-0500,79.552,79.50800000000001,0.001,0.001
08.04.2021 08:38:25.660 GMT-0500,79.552,79.518,0.001,0.001
08.04.2021 08:38:25.920 GMT-0500,79.542,79.50800000000001,0.001,0.001
08.04.2021 08:38:28.721 GMT-0500,79.533,79.497,0.001,0.001
08.04.2021 08:38:29.594 GMT-0500,79.532,79.488,0.001,0.001
08.04.2021 08:38:30.483 GMT-0500,79.513,79.477,0.001,0.001
08.04.2021 08:38:30.584 GMT-0500,79.512,79.488,0.001,0.001
08.04.2021 08:38:30.765 GMT-0500,79.513,79.477,0.001,0.001
08.04.2021 08:38:32.197 GMT-0500,79.532,79.47800000000001,0.001,0.001
08.04.2021 08:38:32.904 GMT-0500,79.513,79.477,0.001,0.001
08.04.2021 08:38:35.915 GMT-0500,79.533,79.487,0.001,0.001
08.04.2021 08:38:36.016 GMT-0500,79.52300000000001,79.487,0.001,0.001
08.04.2021 08:38:36.937 GMT-0500,79.533,79.487,0.001,0.001
08.04.2021 08:38:37.512 GMT-0500,79.522,79.488,0.001,0.001
08.04.2021 08:38:37.562 GMT-0500,79.532,79.488,0.001,0.001
08.04.2021 08:38:37.613 GMT-0500,79.52300000000001,79.477,0.001,0.001
08.04.2021 08:38:38.011 GMT-0500,79.522,79.488,0.001,0.001
08.04.2021 08:38:38.201 GMT-0500,79.512,79.47800000000001,0.001,0.001
08.04.2021 08:38:40.127 GMT-0500,79.503,79.467,0.001,0.001
08.04.2021 08:38:42.491 GMT-0500,79.503,79.457,0.001,0.001
08.04.2021 08:38:42.697 GMT-0500,79.503,79.467,0.001,0.001
08.04.2021 08:38:43.536 GMT-0500,79.502,79.458,0.001,0.001
08.04.2021 08:38:44.648 GMT-0500,79.502,79.468,0.001,0.001
08.04.2021 08:38:48.146 GMT-0500,79.49300000000001,79.457,0.001,0.001
08.04.2021 08:38:49.111 GMT-0500,79.502,79.468,0.001,0.001
08.04.2021 08:38:49.665 GMT-0500,79.513,79.477,0.001,0.001
08.04.2021 08:38:50.186 GMT-0500,79.503,79.467,0.001,0.001
08.04.2021 08:38:50.237 GMT-0500,79.512,79.468,0.001,0.001
08.04.2021 08:38:50.325 GMT-0500,79.513,79.477,0.001,0.001
08.04.2021 08:38:51.097 GMT-0500,79.522,79.488,0.001,0.001
08.04.2021 08:38:51.425 GMT-0500,79.49300000000001,79.467,0.001,0.001
08.04.2021 08:38:51.514 GMT-0500,79.503,79.467,0.001,0.001
08.04.2021 08:38:51.817 GMT-0500,79.513,79.477,0.001,0.001
08.04.2021 08:38:51.930 GMT-0500,79.52300000000001,79.487,0.001,0.001
08.04.2021 08:38:52.299 GMT-0500,79.532,79.488,0.001,0.001
08.04.2021 08:38:54.813 GMT-0500,79.533,79.507,0.001,0.001
08.04.2021 08:38:54.864 GMT-0500,79.532,79.498,0.001,0.001
08.04.2021 08:38:54.965 GMT-0500,79.543,79.507,0.001,0.001
08.04.2021 08:38:55.344 GMT-0500,79.553,79.507,0.001,0.001
08.04.2021 08:38:56.892 GMT-0500,79.553,79.517,0.001,0.001
08.04.2021 08:39:01.093 GMT-0500,79.532,79.518,0.001,0.001
08.04.2021 08:39:01.389 GMT-0500,79.553,79.517,0.001,0.001
08.04.2021 08:39:02.502 GMT-0500,79.533,79.517,0.001,0.001
08.04.2021 08:39:02.552 GMT-0500,79.552,79.518,0.001,0.001
08.04.2021 08:39:02.666 GMT-0500,79.522,79.488,0.001,0.001
08.04.2021 08:39:04.013 GMT-0500,79.532,79.50800000000001,0.001,0.001
08.04.2021 08:39:04.750 GMT-0500,79.532,79.498,0.001,0.001
08.04.2021 08:39:06.306 GMT-0500,79.532,79.50800000000001,0.001,0.001
08.04.2021 08:39:09.069 GMT-0500,79.553,79.517,0.001,0.001
08.04.2021 08:39:09.369 GMT-0500,79.552,79.528,0.001,0.001
08.04.2021 08:39:09.420 GMT-0500,79.552,79.518,0.001,0.001
08.04.2021 08:39:09.714 GMT-0500,79.553,79.527,0.001,0.001
08.04.2021 08:39:09.827 GMT-0500,79.553,79.517,0.001,0.001
08.04.2021 08:39:12.188 GMT-0500,79.542,79.50800000000001,0.001,0.001
08.04.2021 08:39:13.027 GMT-0500,79.532,79.498,0.001,0.001
08.04.2021 08:39:13.178 GMT-0500,79.543,79.507,0.001,0.001
08.04.2021 08:39:13.735 GMT-0500,79.553,79.517,0.001,0.001
08.04.2021 08:39:14.212 GMT-0500,79.543,79.507,0.001,0.001
08.04.2021 08:39:20.893 GMT-0500,79.562,79.518,0.001,0.001
08.04.2021 08:39:20.944 GMT-0500,79.563,79.527,0.001,0.001
08.04.2021 08:39:21.154 GMT-0500,79.552,79.518,0.001,0.001
08.04.2021 08:39:22.523 GMT-0500,79.552,79.528,0.001,0.001
08.04.2021 08:39:24.315 GMT-0500,79.533,79.507,0.001,0.001
08.04.2021 08:39:24.366 GMT-0500,79.532,79.498,0.001,0.001
08.04.2021 08:39:24.616 GMT-0500,79.52300000000001,79.497,0.001,0.001
08.04.2021 08:39:27.732 GMT-0500,79.512,79.498,0.001,0.001
08.04.2021 08:39:27.783 GMT-0500,79.502,79.468,0.001,0.001
08.04.2021 08:39:28.071 GMT-0500,79.49300000000001,79.467,0.001,0.001
08.04.2021 08:39:28.386 GMT-0500,79.503,79.477,0.001,0.001
08.04.2021 08:39:28.436 GMT-0500,79.503,79.467,0.001,0.001
08.04.2021 08:39:28.770 GMT-0500,79.503,79.477,0.001,0.001
08.04.2021 08:39:28.871 GMT-0500,79.503,79.467,0.001,0.001
08.04.2021 08:39:28.990 GMT-0500,79.49300000000001,79.467,0.001,0.001
08.04.2021 08:39:40.538 GMT-0500,79.473,79.417,0.001,0.001
08.04.2021 08:39:40.639 GMT-0500,79.473,79.437,0.001,0.001
08.04.2021 08:39:45.421 GMT-0500,79.473,79.427,0.001,0.001
08.04.2021 08:39:46.774 GMT-0500,79.482,79.468,0.001,0.001
08.04.2021 08:39:46.849 GMT-0500,79.483,79.457,0.001,0.001
08.04.2021 08:39:48.178 GMT-0500,79.502,79.47800000000001,0.001,0.001
08.04.2021 08:39:48.228 GMT-0500,79.502,79.468,0.001,0.001
08.04.2021 08:39:48.542 GMT-0500,79.503,79.477,0.001,0.001
08.04.2021 08:39:48.657 GMT-0500,79.512,79.47800000000001,0.001,0.001
08.04.2021 08:39:48.707 GMT-0500,79.52300000000001,79.487,0.001,0.001
08.04.2021 08:39:48.996 GMT-0500,79.52300000000001,79.497,0.001,0.001
08.04.2021 08:39:49.046 GMT-0500,79.52300000000001,79.487,0.001,0.001
08.04.2021 08:39:49.584 GMT-0500,79.512,79.488,0.001,0.001
08.04.2021 08:39:51.840 GMT-0500,79.532,79.488,0.001,0.001
08.04.2021 08:39:52.725 GMT-0500,79.532,79.498,0.001,0.001
08.04.2021 08:39:55.107 GMT-0500,79.522,79.498,0.001,0.001
08.04.2021 08:39:55.368 GMT-0500,79.503,79.477,0.001,0.001
08.04.2021 08:39:55.731 GMT-0500,79.503,79.467,0.001,0.001
08.04.2021 08:39:55.789 GMT-0500,79.502,79.47800000000001,0.001,0.001
08.04.2021 08:39:58.097 GMT-0500,79.522,79.498,0.001,0.001
08.04.2021 08:39:58.148 GMT-0500,79.522,79.488,0.001,0.001
08.04.2021 08:39:59.772 GMT-0500,79.512,79.47800000000001,0.001,0.001
08.04.2021 08:39:59.965 GMT-0500,79.503,79.477,0.001,0.001
08.04.2021 08:40:00.051 GMT-0500,79.512,79.47800000000001,0.001,0.001
08.04.2021 08:40:00.101 GMT-0500,79.502,79.47800000000001,0.001,0.001
08.04.2021 08:40:00.151 GMT-0500,79.513,79.477,0.001,0.001
08.04.2021 08:40:00.440 GMT-0500,79.503,79.467,0.001,0.001
08.04.2021 08:40:01.970 GMT-0500,79.512,79.47800000000001,0.001,0.001
08.04.2021 08:40:03.002 GMT-0500,79.513,79.487,0.001,0.001
08.04.2021 08:40:04.046 GMT-0500,79.512,79.47800000000001,0.001,0.001
08.04.2021 08:40:04.293 GMT-0500,79.512,79.488,0.001,0.001
08.04.2021 08:40:04.422 GMT-0500,79.512,79.47800000000001,0.001,0.001
08.04.2021 08:40:04.527 GMT-0500,79.513,79.487,0.001,0.001
08.04.2021 08:40:04.757 GMT-0500,79.513,79.477,0.001,0.001
08.04.2021 08:40:05.158 GMT-0500,79.52300000000001,79.487,0.001,0.001
08.04.2021 08:40:05.326 GMT-0500,79.512,79.488,0.001,0.001
08.04.2021 08:40:05.377 GMT-0500,79.522,79.488,0.001,0.001
08.04.2021 08:40:05.427 GMT-0500,79.52300000000001,79.497,0.001,0.001
08.04.2021 08:40:05.477 GMT-0500,79.52300000000001,79.487,0.001,0.001
08.04.2021 08:40:06.638 GMT-0500,79.513,79.477,0.001,0.001
08.04.2021 08:40:07.672 GMT-0500,79.52300000000001,79.487,0.001,0.001
08.04.2021 08:40:08.298 GMT-0500,79.52300000000001,79.477,0.001,0.001
08.04.2021 08:40:08.349 GMT-0500,79.513,79.487,0.001,0.001
08.04.2021 08:40:09.442 GMT-0500,79.52300000000001,79.487,0.001,0.001
08.04.2021 08:40:09.714 GMT-0500,79.513,79.487,0.001,0.001
08.04.2021 08:40:13.501 GMT-0500,79.52300000000001,79.487,0.001,0.001
08.04.2021 08:40:13.607 GMT-0500,79.532,79.498,0.001,0.001
08.04.2021 08:40:15.298 GMT-0500,79.533,79.517,0.001,0.001
08.04.2021 08:40:15.348 GMT-0500,79.543,79.507,0.001,0.001
08.04.2021 08:40:15.398 GMT-0500,79.542,79.518,0.001,0.001
08.04.2021 08:40:17.604 GMT-0500,79.572,79.518,0.001,0.001
08.04.2021 08:40:17.654 GMT-0500,79.562,79.518,0.001,0.001
08.04.2021 08:40:18.455 GMT-0500,79.563,79.527,0.001,0.001
08.04.2021 08:40:18.915 GMT-0500,79.542,79.518,0.001,0.001
08.04.2021 08:40:18.966 GMT-0500,79.563,79.527,0.001,0.001
08.04.2021 08:40:19.066 GMT-0500,79.562,79.518,0.001,0.001
08.04.2021 08:40:19.979 GMT-0500,79.552,79.518,0.001,0.001
08.04.2021 08:40:20.549 GMT-0500,79.562,79.528,0.001,0.001
08.04.2021 08:40:22.571 GMT-0500,79.553,79.527,0.001,0.001
08.04.2021 08:40:22.853 GMT-0500,79.542,79.528,0.001,0.001
08.04.2021 08:40:23.037 GMT-0500,79.563,79.527,0.001,0.001
08.04.2021 08:40:26.857 GMT-0500,79.543,79.527,0.001,0.001
08.04.2021 08:40:26.907 GMT-0500,79.563,79.527,0.001,0.001
08.04.2021 08:40:26.969 GMT-0500,79.552,79.528,0.001,0.001
08.04.2021 08:40:27.047 GMT-0500,79.563,79.527,0.001,0.001
08.04.2021 08:40:28.847 GMT-0500,79.533,79.497,0.001,0.001
08.04.2021 08:40:29.019 GMT-0500,79.52300000000001,79.497,0.001,0.001
08.04.2021 08:40:29.099 GMT-0500,79.532,79.498,0.001,0.001
08.04.2021 08:40:29.367 GMT-0500,79.522,79.488,0.001,0.001
08.04.2021 08:40:29.472 GMT-0500,79.533,79.487,0.001,0.001
08.04.2021 08:40:29.753 GMT-0500,79.522,79.488,0.001,0.001
08.04.2021 08:40:30.053 GMT-0500,79.532,79.498,0.001,0.001
08.04.2021 08:40:30.154 GMT-0500,79.543,79.517,0.001,0.001
08.04.2021 08:40:32.631 GMT-0500,79.542,79.528,0.001,0.001
08.04.2021 08:40:33.061 GMT-0500,79.552,79.528,0.001,0.001
08.04.2021 08:40:34.510 GMT-0500,79.57300000000001,79.537,0.001,0.001
08.04.2021 08:40:34.610 GMT-0500,79.562,79.538,0.001,0.001
08.04.2021 08:40:34.805 GMT-0500,79.562,79.528,0.001,0.001
08.04.2021 08:40:34.961 GMT-0500,79.57300000000001,79.537,0.001,0.001
08.04.2021 08:40:35.504 GMT-0500,79.562,79.538,0.001,0.001
08.04.2021 08:40:35.939 GMT-0500,79.57300000000001,79.537,0.001,0.001
08.04.2021 08:40:37.885 GMT-0500,79.57300000000001,79.547,0.001,0.001
08.04.2021 08:40:38.177 GMT-0500,79.583,79.547,0.001,0.001
08.04.2021 08:40:38.227 GMT-0500,79.583,79.557,0.001,0.001
08.04.2021 08:40:38.747 GMT-0500,79.563,79.537,0.001,0.001
08.04.2021 08:40:38.848 GMT-0500,79.572,79.548,0.001,0.001
08.04.2021 08:40:44.139 GMT-0500,79.572,79.528,0.001,0.001
08.04.2021 08:40:44.189 GMT-0500,79.552,79.538,0.001,0.001
08.04.2021 08:40:44.239 GMT-0500,79.552,79.528,0.001,0.001
08.04.2021 08:40:47.071 GMT-0500,79.57300000000001,79.527,0.001,0.001
08.04.2021 08:40:48.581 GMT-0500,79.57300000000001,79.537,0.001,0.001
08.04.2021 08:40:48.682 GMT-0500,79.562,79.528,0.001,0.001
08.04.2021 08:40:51.057 GMT-0500,79.572,79.538,0.001,0.001
08.04.2021 08:40:51.270 GMT-0500,79.582,79.558,0.001,0.001
08.04.2021 08:40:51.320 GMT-0500,79.60300000000001,79.567,0.001,0.001
08.04.2021 08:40:51.714 GMT-0500,79.623,79.577,0.001,0.001
08.04.2021 08:40:51.765 GMT-0500,79.613,79.577,0.001,0.001
08.04.2021 08:40:52.048 GMT-0500,79.622,79.578,0.001,0.001
08.04.2021 08:40:53.099 GMT-0500,79.593,79.557,0.001,0.001
08.04.2021 08:40:53.200 GMT-0500,79.593,79.567,0.001,0.001
08.04.2021 08:40:53.250 GMT-0500,79.593,79.557,0.001,0.001
08.04.2021 08:40:54.110 GMT-0500,79.592,79.568,0.001,0.001
08.04.2021 08:40:54.160 GMT-0500,79.60300000000001,79.567,0.001,0.001
08.04.2021 08:40:55.719 GMT-0500,79.592,79.568,0.001,0.001
08.04.2021 08:40:56.304 GMT-0500,79.60300000000001,79.567,0.001,0.001
08.04.2021 08:40:57.568 GMT-0500,79.613,79.577,0.001,0.001
08.04.2021 08:40:57.713 GMT-0500,79.623,79.577,0.001,0.001
08.04.2021 08:40:59.652 GMT-0500,79.623,79.587,0.001,0.001
08.04.2021 08:40:59.703 GMT-0500,79.623,79.577,0.001,0.001
08.04.2021 08:41:00.176 GMT-0500,79.623,79.587,0.001,0.001
08.04.2021 08:41:00.226 GMT-0500,79.623,79.577,0.001,0.001
08.04.2021 08:41:00.330 GMT-0500,79.623,79.587,0.001,0.001
08.04.2021 08:41:00.449 GMT-0500,79.622,79.578,0.001,0.001
08.04.2021 08:41:00.643 GMT-0500,79.623,79.587,0.001,0.001
08.04.2021 08:41:00.832 GMT-0500,79.622,79.578,0.001,0.001
08.04.2021 08:41:00.899 GMT-0500,79.622,79.58800000000001,0.001,0.001
08.04.2021 08:41:01.149 GMT-0500,79.623,79.577,0.001,0.001
08.04.2021 08:41:01.199 GMT-0500,79.623,79.587,0.001,0.001
08.04.2021 08:41:01.345 GMT-0500,79.623,79.577,0.001,0.001
08.04.2021 08:41:01.894 GMT-0500,79.632,79.578,0.001,0.001
08.04.2021 08:41:02.408 GMT-0500,79.622,79.578,0.001,0.001
08.04.2021 08:41:02.808 GMT-0500,79.63300000000001,79.577,0.001,0.001
08.04.2021 08:41:02.858 GMT-0500,79.622,79.578,0.001,0.001
08.04.2021 08:41:03.251 GMT-0500,79.60300000000001,79.577,0.001,0.001
08.04.2021 08:41:04.337 GMT-0500,79.623,79.577,0.001,0.001
08.04.2021 08:41:04.989 GMT-0500,79.642,79.578,0.001,0.001
08.04.2021 08:41:05.040 GMT-0500,79.622,79.58800000000001,0.001,0.001
08.04.2021 08:41:05.182 GMT-0500,79.63300000000001,79.597,0.001,0.001
08.04.2021 08:41:05.286 GMT-0500,79.632,79.608,0.001,0.001
08.04.2021 08:41:05.695 GMT-0500,79.643,79.607,0.001,0.001
08.04.2021 08:41:05.998 GMT-0500,79.63300000000001,79.607,0.001,0.001
08.04.2021 08:41:09.772 GMT-0500,79.643,79.607,0.001,0.001
08.04.2021 08:41:09.908 GMT-0500,79.63300000000001,79.607,0.001,0.001
08.04.2021 08:41:10.271 GMT-0500,79.642,79.608,0.001,0.001
08.04.2021 08:41:10.484 GMT-0500,79.632,79.608,0.001,0.001
08.04.2021 08:41:10.721 GMT-0500,79.632,79.598,0.001,0.001
08.04.2021 08:41:12.489 GMT-0500,79.632,79.608,0.001,0.001
08.04.2021 08:41:12.790 GMT-0500,79.632,79.598,0.001,0.001
08.04.2021 08:41:13.468 GMT-0500,79.63300000000001,79.617,0.001,0.001
08.04.2021 08:41:13.781 GMT-0500,79.642,79.61800000000001,0.001,0.001
08.04.2021 08:41:14.068 GMT-0500,79.653,79.617,0.001,0.001
08.04.2021 08:41:14.118 GMT-0500,79.653,79.627,0.001,0.001
08.04.2021 08:41:14.665 GMT-0500,79.652,79.61800000000001,0.001,0.001
08.04.2021 08:41:14.915 GMT-0500,79.642,79.61800000000001,0.001,0.001
08.04.2021 08:41:15.017 GMT-0500,79.632,79.61800000000001,0.001,0.001
08.04.2021 08:41:15.328 GMT-0500,79.63300000000001,79.597,0.001,0.001
08.04.2021 08:41:15.378 GMT-0500,79.63300000000001,79.607,0.001,0.001
08.04.2021 08:41:15.640 GMT-0500,79.63300000000001,79.597,0.001,0.001
08.04.2021 08:41:15.776 GMT-0500,79.643,79.607,0.001,0.001
08.04.2021 08:41:16.147 GMT-0500,79.643,79.597,0.001,0.001
08.04.2021 08:41:16.392 GMT-0500,79.643,79.607,0.001,0.001
08.04.2021 08:41:16.761 GMT-0500,79.643,79.617,0.001,0.001
08.04.2021 08:41:17.540 GMT-0500,79.642,79.608,0.001,0.001
08.04.2021 08:41:18.116 GMT-0500,79.632,79.598,0.001,0.001
08.04.2021 08:41:18.402 GMT-0500,79.602,79.578,0.001,0.001
08.04.2021 08:41:18.570 GMT-0500,79.593,79.577,0.001,0.001
08.04.2021 08:41:18.620 GMT-0500,79.593,79.567,0.001,0.001
08.04.2021 08:41:20.017 GMT-0500,79.60300000000001,79.567,0.001,0.001
08.04.2021 08:41:22.630 GMT-0500,79.592,79.568,0.001,0.001
08.04.2021 08:41:22.860 GMT-0500,79.593,79.557,0.001,0.001
08.04.2021 08:41:23.222 GMT-0500,79.583,79.557,0.001,0.001
08.04.2021 08:41:23.715 GMT-0500,79.583,79.537,0.001,0.001
08.04.2021 08:41:23.765 GMT-0500,79.593,79.557,0.001,0.001
08.04.2021 08:41:23.976 GMT-0500,79.582,79.558,0.001,0.001
08.04.2021 08:41:24.179 GMT-0500,79.582,79.548,0.001,0.001
08.04.2021 08:41:25.665 GMT-0500,79.582,79.558,0.001,0.001
08.04.2021 08:41:27.526 GMT-0500,79.592,79.558,0.001,0.001
08.04.2021 08:41:27.945 GMT-0500,79.582,79.548,0.001,0.001
08.04.2021 08:41:29.370 GMT-0500,79.592,79.568,0.001,0.001
08.04.2021 08:41:30.125 GMT-0500,79.60300000000001,79.577,0.001,0.001
08.04.2021 08:41:30.428 GMT-0500,79.592,79.568,0.001,0.001
08.04.2021 08:41:31.964 GMT-0500,79.60300000000001,79.567,0.001,0.001
08.04.2021 08:41:32.923 GMT-0500,79.612,79.58800000000001,0.001,0.001
08.04.2021 08:41:34.073 GMT-0500,79.613,79.577,0.001,0.001
08.04.2021 08:41:35.058 GMT-0500,79.602,79.578,0.001,0.001
08.04.2021 08:41:35.170 GMT-0500,79.592,79.568,0.001,0.001
08.04.2021 08:41:35.358 GMT-0500,79.57300000000001,79.547,0.001,0.001
08.04.2021 08:41:35.408 GMT-0500,79.572,79.538,0.001,0.001
08.04.2021 08:41:35.525 GMT-0500,79.572,79.528,0.001,0.001
08.04.2021 08:41:35.860 GMT-0500,79.562,79.518,0.001,0.001
08.04.2021 08:41:36.089 GMT-0500,79.57300000000001,79.517,0.001,0.001
08.04.2021 08:41:36.428 GMT-0500,79.563,79.517,0.001,0.001
08.04.2021 08:41:41.628 GMT-0500,79.553,79.527,0.001,0.001
08.04.2021 08:41:45.824 GMT-0500,79.542,79.528,0.001,0.001
08.04.2021 08:41:47.316 GMT-0500,79.533,79.507,0.001,0.001
08.04.2021 08:41:48.803 GMT-0500,79.52300000000001,79.487,0.001,0.001
08.04.2021 08:41:49.135 GMT-0500,79.532,79.488,0.001,0.001
08.04.2021 08:41:49.185 GMT-0500,79.522,79.488,0.001,0.001
08.04.2021 08:41:49.809 GMT-0500,79.522,79.47800000000001,0.001,0.001
08.04.2021 08:41:49.862 GMT-0500,79.513,79.477,0.001,0.001
08.04.2021 08:41:51.146 GMT-0500,79.513,79.487,0.001,0.001
08.04.2021 08:41:52.107 GMT-0500,79.502,79.468,0.001,0.001
08.04.2021 08:41:52.229 GMT-0500,79.502,79.458,0.001,0.001
08.04.2021 08:41:53.036 GMT-0500,79.513,79.477,0.001,0.001
08.04.2021 08:41:53.267 GMT-0500,79.513,79.467,0.001,0.001
08.04.2021 08:41:55.124 GMT-0500,79.513,79.487,0.001,0.001
08.04.2021 08:41:56.216 GMT-0500,79.512,79.468,0.001,0.001
08.04.2021 08:41:56.644 GMT-0500,79.513,79.477,0.001,0.001
08.04.2021 08:41:57.698 GMT-0500,79.522,79.488,0.001,0.001
08.04.2021 08:41:57.850 GMT-0500,79.542,79.50800000000001,0.001,0.001
08.04.2021 08:41:58.163 GMT-0500,79.543,79.517,0.001,0.001
08.04.2021 08:41:58.310 GMT-0500,79.543,79.507,0.001,0.001
08.04.2021 08:41:58.360 GMT-0500,79.532,79.50800000000001,0.001,0.001
08.04.2021 08:41:59.311 GMT-0500,79.533,79.497,0.001,0.001
08.04.2021 08:41:59.687 GMT-0500,79.542,79.50800000000001,0.001,0.001
08.04.2021 08:41:59.824 GMT-0500,79.533,79.507,0.001,0.001
08.04.2021 08:42:00.175 GMT-0500,79.543,79.507,0.001,0.001
08.04.2021 08:42:00.525 GMT-0500,79.532,79.50800000000001,0.001,0.001
08.04.2021 08:42:00.729 GMT-0500,79.52300000000001,79.487,0.001,0.001
08.04.2021 08:42:00.797 GMT-0500,79.522,79.498,0.001,0.001
08.04.2021 08:42:00.848 GMT-0500,79.52300000000001,79.487,0.001,0.001
08.04.2021 08:42:03.315 GMT-0500,79.532,79.50800000000001,0.001,0.001
08.04.2021 08:42:03.417 GMT-0500,79.542,79.50800000000001,0.001,0.001
08.04.2021 08:42:04.982 GMT-0500,79.532,79.50800000000001,0.001,0.001
08.04.2021 08:42:05.150 GMT-0500,79.532,79.498,0.001,0.001
08.04.2021 08:42:05.818 GMT-0500,79.522,79.488,0.001,0.001
08.04.2021 08:42:05.990 GMT-0500,79.513,79.487,0.001,0.001
08.04.2021 08:42:06.041 GMT-0500,79.513,79.467,0.001,0.001
08.04.2021 08:42:06.091 GMT-0500,79.52300000000001,79.487,0.001,0.001
08.04.2021 08:42:06.229 GMT-0500,79.513,79.467,0.001,0.001
08.04.2021 08:42:06.805 GMT-0500,79.502,79.468,0.001,0.001
08.04.2021 08:42:08.436 GMT-0500,79.512,79.468,0.001,0.001
08.04.2021 08:42:08.486 GMT-0500,79.502,79.468,0.001,0.001
08.04.2021 08:42:09.263 GMT-0500,79.502,79.458,0.001,0.001
08.04.2021 08:42:10.469 GMT-0500,79.52300000000001,79.497,0.001,0.001
08.04.2021 08:42:11.222 GMT-0500,79.522,79.47800000000001,0.001,0.001
08.04.2021 08:42:11.272 GMT-0500,79.512,79.47800000000001,0.001,0.001
08.04.2021 08:42:11.384 GMT-0500,79.503,79.477,0.001,0.001
08.04.2021 08:42:11.435 GMT-0500,79.502,79.468,0.001,0.001
08.04.2021 08:42:11.542 GMT-0500,79.503,79.457,0.001,0.001
08.04.2021 08:42:12.184 GMT-0500,79.502,79.47800000000001,0.001,0.001
08.04.2021 08:42:12.234 GMT-0500,79.503,79.457,0.001,0.001
08.04.2021 08:42:14.334 GMT-0500,79.482,79.44800000000001,0.001,0.001
08.04.2021 08:42:15.051 GMT-0500,79.472,79.44800000000001,0.001,0.001
08.04.2021 08:42:15.101 GMT-0500,79.483,79.447,0.001,0.001
08.04.2021 08:42:15.151 GMT-0500,79.472,79.44800000000001,0.001,0.001
08.04.2021 08:42:15.416 GMT-0500,79.482,79.44800000000001,0.001,0.001
08.04.2021 08:42:17.135 GMT-0500,79.49300000000001,79.457,0.001,0.001
08.04.2021 08:42:17.407 GMT-0500,79.492,79.468,0.001,0.001
08.04.2021 08:42:17.458 GMT-0500,79.49300000000001,79.457,0.001,0.001
08.04.2021 08:42:17.543 GMT-0500,79.482,79.458,0.001,0.001
08.04.2021 08:42:17.865 GMT-0500,79.473,79.447,0.001,0.001
08.04.2021 08:42:18.054 GMT-0500,79.472,79.458,0.001,0.001
08.04.2021 08:42:18.961 GMT-0500,79.49300000000001,79.457,0.001,0.001
08.04.2021 08:42:19.011 GMT-0500,79.482,79.44800000000001,0.001,0.001
08.04.2021 08:42:19.338 GMT-0500,79.482,79.458,0.001,0.001
08.04.2021 08:42:19.388 GMT-0500,79.49300000000001,79.457,0.001,0.001
08.04.2021 08:42:20.618 GMT-0500,79.473,79.447,0.001,0.001
08.04.2021 08:42:20.668 GMT-0500,79.482,79.44800000000001,0.001,0.001
08.04.2021 08:42:21.353 GMT-0500,79.473,79.437,0.001,0.001
08.04.2021 08:42:21.638 GMT-0500,79.473,79.427,0.001,0.001
08.04.2021 08:42:22.023 GMT-0500,79.46300000000001,79.427,0.001,0.001
08.04.2021 08:42:23.161 GMT-0500,79.452,79.428,0.001,0.001
08.04.2021 08:42:23.517 GMT-0500,79.453,79.417,0.001,0.001
08.04.2021 08:42:23.980 GMT-0500,79.453,79.407,0.001,0.001
08.04.2021 08:42:24.030 GMT-0500,79.452,79.418,0.001,0.001
08.04.2021 08:42:24.329 GMT-0500,79.443,79.417,0.001,0.001
08.04.2021 08:42:24.379 GMT-0500,79.443,79.407,0.001,0.001
08.04.2021 08:42:24.586 GMT-0500,79.443,79.387,0.001,0.001
08.04.2021 08:42:24.637 GMT-0500,79.442,79.39800000000001,0.001,0.001
08.04.2021 08:42:24.821 GMT-0500,79.442,79.418,0.001,0.001
08.04.2021 08:42:25.453 GMT-0500,79.453,79.417,0.001,0.001
08.04.2021 08:42:26.803 GMT-0500,79.452,79.428,0.001,0.001
08.04.2021 08:42:26.953 GMT-0500,79.453,79.437,0.001,0.001
08.04.2021 08:42:27.058 GMT-0500,79.462,79.44800000000001,0.001,0.001
08.04.2021 08:42:27.228 GMT-0500,79.46300000000001,79.437,0.001,0.001
08.04.2021 08:42:27.395 GMT-0500,79.462,79.428,0.001,0.001
08.04.2021 08:42:27.532 GMT-0500,79.452,79.418,0.001,0.001
08.04.2021 08:42:28.320 GMT-0500,79.452,79.428,0.001,0.001
08.04.2021 08:42:30.049 GMT-0500,79.443,79.427,0.001,0.001
08.04.2021 08:42:30.489 GMT-0500,79.442,79.418,0.001,0.001
08.04.2021 08:42:30.539 GMT-0500,79.433,79.417,0.001,0.001
08.04.2021 08:42:32.705 GMT-0500,79.443,79.417,0.001,0.001
08.04.2021 08:42:33.734 GMT-0500,79.432,79.418,0.001,0.001
08.04.2021 08:42:34.819 GMT-0500,79.442,79.418,0.001,0.001
08.04.2021 08:42:35.513 GMT-0500,79.432,79.418,0.001,0.001
08.04.2021 08:42:35.910 GMT-0500,79.442,79.428,0.001,0.001
08.04.2021 08:42:36.042 GMT-0500,79.462,79.438,0.001,0.001
08.04.2021 08:42:36.092 GMT-0500,79.452,79.438,0.001,0.001
08.04.2021 08:42:36.143 GMT-0500,79.452,79.428,0.001,0.001
08.04.2021 08:42:36.326 GMT-0500,79.462,79.428,0.001,0.001
08.04.2021 08:42:37.343 GMT-0500,79.453,79.427,0.001,0.001
08.04.2021 08:42:37.813 GMT-0500,79.462,79.428,0.001,0.001
08.04.2021 08:42:37.908 GMT-0500,79.453,79.427,0.001,0.001
08.04.2021 08:42:37.958 GMT-0500,79.462,79.418,0.001,0.001
08.04.2021 08:42:38.012 GMT-0500,79.462,79.408,0.001,0.001
08.04.2021 08:42:38.801 GMT-0500,79.452,79.408,0.001,0.001
08.04.2021 08:42:39.938 GMT-0500,79.453,79.437,0.001,0.001
08.04.2021 08:42:40.038 GMT-0500,79.46300000000001,79.437,0.001,0.001
08.04.2021 08:42:42.653 GMT-0500,79.473,79.437,0.001,0.001
08.04.2021 08:42:44.004 GMT-0500,79.462,79.438,0.001,0.001
08.04.2021 08:42:46.550 GMT-0500,79.453,79.437,0.001,0.001
08.04.2021 08:42:46.601 GMT-0500,79.452,79.418,0.001,0.001
08.04.2021 08:42:46.651 GMT-0500,79.443,79.417,0.001,0.001
08.04.2021 08:42:46.855 GMT-0500,79.442,79.408,0.001,0.001
08.04.2021 08:42:46.943 GMT-0500,79.443,79.387,0.001,0.001
08.04.2021 08:42:47.798 GMT-0500,79.442,79.418,0.001,0.001
08.04.2021 08:42:47.848 GMT-0500,79.453,79.417,0.001,0.001
08.04.2021 08:42:47.906 GMT-0500,79.442,79.418,0.001,0.001
08.04.2021 08:42:48.194 GMT-0500,79.442,79.388,0.001,0.001
08.04.2021 08:42:48.244 GMT-0500,79.433,79.397,0.001,0.001
08.04.2021 08:42:48.455 GMT-0500,79.423,79.377,0.001,0.001
08.04.2021 08:42:48.506 GMT-0500,79.433,79.397,0.001,0.001
08.04.2021 08:42:48.651 GMT-0500,79.432,79.388,0.001,0.001
08.04.2021 08:42:48.875 GMT-0500,79.422,79.388,0.001,0.001
08.04.2021 08:42:48.986 GMT-0500,79.423,79.377,0.001,0.001
08.04.2021 08:42:49.128 GMT-0500,79.422,79.36800000000001,0.001,0.001
08.04.2021 08:42:49.832 GMT-0500,79.423,79.397,0.001,0.001
08.04.2021 08:42:49.882 GMT-0500,79.423,79.377,0.001,0.001
08.04.2021 08:42:49.963 GMT-0500,79.422,79.36800000000001,0.001,0.001
08.04.2021 08:42:50.064 GMT-0500,79.423,79.377,0.001,0.001
08.04.2021 08:42:50.358 GMT-0500,79.422,79.36800000000001,0.001,0.001
08.04.2021 08:42:52.194 GMT-0500,79.422,79.39800000000001,0.001,0.001
08.04.2021 08:42:52.396 GMT-0500,79.433,79.397,0.001,0.001
08.04.2021 08:42:52.581 GMT-0500,79.433,79.407,0.001,0.001
08.04.2021 08:42:53.531 GMT-0500,79.442,79.408,0.001,0.001
08.04.2021 08:42:54.371 GMT-0500,79.442,79.418,0.001,0.001
08.04.2021 08:42:54.929 GMT-0500,79.433,79.417,0.001,0.001
08.04.2021 08:42:54.979 GMT-0500,79.442,79.418,0.001,0.001
08.04.2021 08:42:57.077 GMT-0500,79.432,79.418,0.001,0.001
08.04.2021 08:42:57.578 GMT-0500,79.442,79.418,0.001,0.001
08.04.2021 08:42:57.628 GMT-0500,79.432,79.418,0.001,0.001
08.04.2021 08:42:57.747 GMT-0500,79.442,79.418,0.001,0.001
08.04.2021 08:42:59.470 GMT-0500,79.432,79.418,0.001,0.001
08.04.2021 08:42:59.560 GMT-0500,79.442,79.418,0.001,0.001
08.04.2021 08:43:02.154 GMT-0500,79.432,79.418,0.001,0.001
08.04.2021 08:43:03.015 GMT-0500,79.442,79.418,0.001,0.001
08.04.2021 08:43:05.267 GMT-0500,79.432,79.418,0.001,0.001
08.04.2021 08:43:05.317 GMT-0500,79.423,79.397,0.001,0.001
08.04.2021 08:43:05.368 GMT-0500,79.412,79.378,0.001,0.001
08.04.2021 08:43:05.455 GMT-0500,79.422,79.378,0.001,0.001
08.04.2021 08:43:06.002 GMT-0500,79.423,79.397,0.001,0.001
08.04.2021 08:43:06.549 GMT-0500,79.433,79.407,0.001,0.001
08.04.2021 08:43:06.922 GMT-0500,79.432,79.39800000000001,0.001,0.001
08.04.2021 08:43:07.926 GMT-0500,79.412,79.378,0.001,0.001
08.04.2021 08:43:07.976 GMT-0500,79.422,79.378,0.001,0.001
08.04.2021 08:43:08.281 GMT-0500,79.422,79.39800000000001,0.001,0.001
08.04.2021 08:43:08.701 GMT-0500,79.443,79.407,0.001,0.001
08.04.2021 08:43:08.751 GMT-0500,79.442,79.418,0.001,0.001
08.04.2021 08:43:09.196 GMT-0500,79.443,79.407,0.001,0.001
08.04.2021 08:43:09.701 GMT-0500,79.432,79.39800000000001,0.001,0.001
08.04.2021 08:43:11.062 GMT-0500,79.432,79.408,0.001,0.001
08.04.2021 08:43:11.336 GMT-0500,79.443,79.407,0.001,0.001
08.04.2021 08:43:12.602 GMT-0500,79.443,79.417,0.001,0.001
08.04.2021 08:43:12.723 GMT-0500,79.443,79.407,0.001,0.001
08.04.2021 08:43:14.476 GMT-0500,79.452,79.428,0.001,0.001
08.04.2021 08:43:14.526 GMT-0500,79.452,79.418,0.001,0.001
08.04.2021 08:43:15.445 GMT-0500,79.453,79.427,0.001,0.001
08.04.2021 08:43:15.495 GMT-0500,79.473,79.427,0.001,0.001
08.04.2021 08:43:16.479 GMT-0500,79.453,79.427,0.001,0.001
08.04.2021 08:43:16.529 GMT-0500,79.46300000000001,79.427,0.001,0.001
08.04.2021 08:43:16.673 GMT-0500,79.472,79.428,0.001,0.001
08.04.2021 08:43:17.249 GMT-0500,79.452,79.428,0.001,0.001
08.04.2021 08:43:17.815 GMT-0500,79.442,79.418,0.001,0.001
08.04.2021 08:43:18.090 GMT-0500,79.442,79.408,0.001,0.001
08.04.2021 08:43:18.233 GMT-0500,79.432,79.408,0.001,0.001
08.04.2021 08:43:20.340 GMT-0500,79.443,79.407,0.001,0.001
08.04.2021 08:43:20.973 GMT-0500,79.433,79.407,0.001,0.001
08.04.2021 08:43:21.023 GMT-0500,79.433,79.397,0.001,0.001
08.04.2021 08:43:22.552 GMT-0500,79.432,79.408,0.001,0.001
08.04.2021 08:43:23.737 GMT-0500,79.443,79.407,0.001,0.001
08.04.2021 08:43:23.861 GMT-0500,79.443,79.417,0.001,0.001
08.04.2021 08:43:23.988 GMT-0500,79.453,79.417,0.001,0.001
08.04.2021 08:43:24.438 GMT-0500,79.473,79.437,0.001,0.001
08.04.2021 08:43:24.813 GMT-0500,79.46300000000001,79.427,0.001,0.001
08.04.2021 08:43:25.803 GMT-0500,79.453,79.427,0.001,0.001
08.04.2021 08:43:26.988 GMT-0500,79.453,79.417,0.001,0.001
08.04.2021 08:43:27.755 GMT-0500,79.442,79.418,0.001,0.001
08.04.2021 08:43:28.756 GMT-0500,79.443,79.407,0.001,0.001
08.04.2021 08:43:28.806 GMT-0500,79.443,79.417,0.001,0.001
08.04.2021 08:43:31.860 GMT-0500,79.453,79.417,0.001,0.001
08.04.2021 08:43:34.282 GMT-0500,79.442,79.418,0.001,0.001
08.04.2021 08:43:34.459 GMT-0500,79.452,79.418,0.001,0.001
08.04.2021 08:43:34.633 GMT-0500,79.442,79.418,0.001,0.001
08.04.2021 08:43:34.833 GMT-0500,79.453,79.417,0.001,0.001
08.04.2021 08:43:35.722 GMT-0500,79.443,79.407,0.001,0.001
08.04.2021 08:43:35.918 GMT-0500,79.433,79.397,0.001,0.001
08.04.2021 08:43:36.401 GMT-0500,79.432,79.408,0.001,0.001
08.04.2021 08:43:36.452 GMT-0500,79.442,79.408,0.001,0.001
08.04.2021 08:43:36.858 GMT-0500,79.432,79.408,0.001,0.001
08.04.2021 08:43:36.908 GMT-0500,79.442,79.408,0.001,0.001
08.04.2021 08:43:39.643 GMT-0500,79.442,79.418,0.001,0.001
08.04.2021 08:43:39.693 GMT-0500,79.452,79.418,0.001,0.001
08.04.2021 08:43:40.590 GMT-0500,79.453,79.427,0.001,0.001
08.04.2021 08:43:41.302 GMT-0500,79.472,79.428,0.001,0.001
08.04.2021 08:43:42.142 GMT-0500,79.462,79.428,0.001,0.001
08.04.2021 08:43:42.555 GMT-0500,79.473,79.437,0.001,0.001
08.04.2021 08:43:43.046 GMT-0500,79.462,79.438,0.001,0.001
08.04.2021 08:43:44.104 GMT-0500,79.472,79.438,0.001,0.001
08.04.2021 08:43:44.154 GMT-0500,79.472,79.44800000000001,0.001,0.001
08.04.2021 08:43:44.419 GMT-0500,79.483,79.447,0.001,0.001
08.04.2021 08:43:44.579 GMT-0500,79.462,79.438,0.001,0.001
08.04.2021 08:43:44.629 GMT-0500,79.473,79.437,0.001,0.001
08.04.2021 08:43:44.713 GMT-0500,79.462,79.438,0.001,0.001
08.04.2021 08:43:47.614 GMT-0500,79.472,79.438,0.001,0.001
08.04.2021 08:43:49.256 GMT-0500,79.452,79.438,0.001,0.001
08.04.2021 08:43:49.306 GMT-0500,79.46300000000001,79.437,0.001,0.001
08.04.2021 08:43:49.436 GMT-0500,79.443,79.417,0.001,0.001
08.04.2021 08:43:49.738 GMT-0500,79.443,79.407,0.001,0.001
08.04.2021 08:43:53.075 GMT-0500,79.433,79.397,0.001,0.001
08.04.2021 08:43:53.340 GMT-0500,79.433,79.407,0.001,0.001
08.04.2021 08:43:53.672 GMT-0500,79.442,79.408,0.001,0.001
08.04.2021 08:43:54.488 GMT-0500,79.46300000000001,79.437,0.001,0.001
08.04.2021 08:43:54.951 GMT-0500,79.472,79.438,0.001,0.001
08.04.2021 08:43:56.195 GMT-0500,79.462,79.438,0.001,0.001
08.04.2021 08:43:56.807 GMT-0500,79.462,79.428,0.001,0.001
08.04.2021 08:43:58.697 GMT-0500,79.462,79.418,0.001,0.001
08.04.2021 08:43:59.367 GMT-0500,79.453,79.427,0.001,0.001
08.04.2021 08:43:59.468 GMT-0500,79.453,79.417,0.001,0.001
08.04.2021 08:43:59.975 GMT-0500,79.462,79.428,0.001,0.001
08.04.2021 08:44:00.216 GMT-0500,79.453,79.417,0.001,0.001
08.04.2021 08:44:05.003 GMT-0500,79.462,79.428,0.001,0.001
08.04.2021 08:44:06.571 GMT-0500,79.453,79.427,0.001,0.001
08.04.2021 08:44:06.621 GMT-0500,79.46300000000001,79.427,0.001,0.001
08.04.2021 08:44:07.148 GMT-0500,79.46300000000001,79.437,0.001,0.001
08.04.2021 08:44:09.004 GMT-0500,79.483,79.457,0.001,0.001
08.04.2021 08:44:09.058 GMT-0500,79.483,79.447,0.001,0.001
08.04.2021 08:44:09.108 GMT-0500,79.49300000000001,79.457,0.001,0.001
08.04.2021 08:44:09.228 GMT-0500,79.502,79.458,0.001,0.001
08.04.2021 08:44:09.298 GMT-0500,79.492,79.468,0.001,0.001
08.04.2021 08:44:09.399 GMT-0500,79.502,79.47800000000001,0.001,0.001
08.04.2021 08:44:10.163 GMT-0500,79.513,79.487,0.001,0.001
08.04.2021 08:44:10.213 GMT-0500,79.513,79.477,0.001,0.001
08.04.2021 08:44:13.377 GMT-0500,79.522,79.488,0.001,0.001
08.04.2021 08:44:13.472 GMT-0500,79.52300000000001,79.477,0.001,0.001
08.04.2021 08:44:13.990 GMT-0500,79.52300000000001,79.487,0.001,0.001
08.04.2021 08:44:15.318 GMT-0500,79.522,79.498,0.001,0.001
08.04.2021 08:44:16.271 GMT-0500,79.532,79.498,0.001,0.001
08.04.2021 08:44:16.321 GMT-0500,79.533,79.507,0.001,0.001
08.04.2021 08:44:17.158 GMT-0500,79.533,79.497,0.001,0.001
08.04.2021 08:44:18.164 GMT-0500,79.533,79.507,0.001,0.001
08.04.2021 08:44:18.639 GMT-0500,79.542,79.50800000000001,0.001,0.001
08.04.2021 08:44:20.345 GMT-0500,79.532,79.498,0.001,0.001
08.04.2021 08:44:20.905 GMT-0500,79.522,79.498,0.001,0.001
08.04.2021 08:44:25.498 GMT-0500,79.543,79.497,0.001,0.001
08.04.2021 08:44:25.549 GMT-0500,79.533,79.507,0.001,0.001
08.04.2021 08:44:26.093 GMT-0500,79.542,79.50800000000001,0.001,0.001
08.04.2021 08:44:26.807 GMT-0500,79.553,79.517,0.001,0.001
08.04.2021 08:44:28.811 GMT-0500,79.563,79.517,0.001,0.001
08.04.2021 08:44:29.066 GMT-0500,79.553,79.517,0.001,0.001
08.04.2021 08:44:29.418 GMT-0500,79.543,79.517,0.001,0.001
08.04.2021 08:44:29.869 GMT-0500,79.553,79.517,0.001,0.001
08.04.2021 08:44:29.920 GMT-0500,79.543,79.507,0.001,0.001
08.04.2021 08:44:30.056 GMT-0500,79.533,79.507,0.001,0.001
08.04.2021 08:44:30.403 GMT-0500,79.533,79.497,0.001,0.001
08.04.2021 08:44:31.584 GMT-0500,79.52300000000001,79.497,0.001,0.001
08.04.2021 08:44:31.747 GMT-0500,79.532,79.498,0.001,0.001
08.04.2021 08:44:32.207 GMT-0500,79.542,79.50800000000001,0.001,0.001
08.04.2021 08:44:32.836 GMT-0500,79.532,79.50800000000001,0.001,0.001
08.04.2021 08:44:32.887 GMT-0500,79.533,79.497,0.001,0.001
08.04.2021 08:44:32.937 GMT-0500,79.542,79.50800000000001,0.001,0.001
08.04.2021 08:44:34.589 GMT-0500,79.562,79.528,0.001,0.001
08.04.2021 08:44:35.041 GMT-0500,79.572,79.538,0.001,0.001
08.04.2021 08:44:36.167 GMT-0500,79.562,79.538,0.001,0.001
08.04.2021 08:44:40.123 GMT-0500,79.57300000000001,79.557,0.001,0.001
08.04.2021 08:44:40.174 GMT-0500,79.602,79.568,0.001,0.001
08.04.2021 08:44:40.823 GMT-0500,79.612,79.568,0.001,0.001
08.04.2021 08:44:40.918 GMT-0500,79.602,79.568,0.001,0.001
08.04.2021 08:44:41.207 GMT-0500,79.60300000000001,79.577,0.001,0.001
08.04.2021 08:44:41.257 GMT-0500,79.613,79.567,0.001,0.001
08.04.2021 08:44:42.357 GMT-0500,79.602,79.568,0.001,0.001
08.04.2021 08:44:42.611 GMT-0500,79.593,79.577,0.001,0.001
08.04.2021 08:44:42.726 GMT-0500,79.582,79.568,0.001,0.001
08.04.2021 08:44:42.777 GMT-0500,79.592,79.558,0.001,0.001
08.04.2021 08:44:43.314 GMT-0500,79.592,79.568,0.001,0.001
08.04.2021 08:44:43.470 GMT-0500,79.60300000000001,79.577,0.001,0.001
08.04.2021 08:44:43.799 GMT-0500,79.612,79.578,0.001,0.001
08.04.2021 08:44:43.849 GMT-0500,79.602,79.578,0.001,0.001
08.04.2021 08:44:44.260 GMT-0500,79.592,79.568,0.001,0.001
08.04.2021 08:44:45.060 GMT-0500,79.572,79.548,0.001,0.001
08.04.2021 08:44:45.174 GMT-0500,79.582,79.548,0.001,0.001
08.04.2021 08:44:45.572 GMT-0500,79.582,79.558,0.001,0.001
08.04.2021 08:44:46.279 GMT-0500,79.583,79.547,0.001,0.001
08.04.2021 08:44:46.834 GMT-0500,79.593,79.547,0.001,0.001
08.04.2021 08:44:47.034 GMT-0500,79.582,79.548,0.001,0.001
08.04.2021 08:44:48.612 GMT-0500,79.582,79.558,0.001,0.001
08.04.2021 08:44:48.662 GMT-0500,79.592,79.558,0.001,0.001
08.04.2021 08:44:49.057 GMT-0500,79.583,79.557,0.001,0.001
08.04.2021 08:44:49.108 GMT-0500,79.593,79.557,0.001,0.001
08.04.2021 08:44:50.187 GMT-0500,79.583,79.557,0.001,0.001
08.04.2021 08:44:51.216 GMT-0500,79.592,79.558,0.001,0.001
08.04.2021 08:44:51.417 GMT-0500,79.582,79.558,0.001,0.001
08.04.2021 08:44:51.589 GMT-0500,79.593,79.557,0.001,0.001
08.04.2021 08:44:51.639 GMT-0500,79.60300000000001,79.567,0.001,0.001
08.04.2021 08:44:51.969 GMT-0500,79.602,79.578,0.001,0.001
08.04.2021 08:44:52.652 GMT-0500,79.623,79.587,0.001,0.001
08.04.2021 08:44:52.703 GMT-0500,79.632,79.598,0.001,0.001
08.04.2021 08:44:53.049 GMT-0500,79.632,79.608,0.001,0.001
08.04.2021 08:44:54.754 GMT-0500,79.643,79.607,0.001,0.001
08.04.2021 08:44:56.061 GMT-0500,79.63300000000001,79.597,0.001,0.001
08.04.2021 08:44:56.352 GMT-0500,79.622,79.598,0.001,0.001
08.04.2021 08:44:56.403 GMT-0500,79.632,79.598,0.001,0.001
08.04.2021 08:44:58.232 GMT-0500,79.632,79.608,0.001,0.001
08.04.2021 08:44:58.283 GMT-0500,79.642,79.608,0.001,0.001
08.04.2021 08:44:59.428 GMT-0500,79.632,79.608,0.001,0.001
08.04.2021 08:45:00.053 GMT-0500,79.63300000000001,79.597,0.001,0.001
08.04.2021 08:45:00.154 GMT-0500,79.643,79.607,0.001,0.001
08.04.2021 08:45:00.981 GMT-0500,79.622,79.598,0.001,0.001
08.04.2021 08:45:01.032 GMT-0500,79.632,79.598,0.001,0.001
08.04.2021 08:45:01.082 GMT-0500,79.642,79.608,0.001,0.001
08.04.2021 08:45:01.360 GMT-0500,79.642,79.61800000000001,0.001,0.001
08.04.2021 08:45:01.461 GMT-0500,79.642,79.608,0.001,0.001
08.04.2021 08:45:02.267 GMT-0500,79.642,79.61800000000001,0.001,0.001
08.04.2021 08:45:02.651 GMT-0500,79.63300000000001,79.617,0.001,0.001
08.04.2021 08:45:03.024 GMT-0500,79.643,79.617,0.001,0.001
08.04.2021 08:45:05.241 GMT-0500,79.642,79.628,0.001,0.001
08.04.2021 08:45:05.291 GMT-0500,79.643,79.617,0.001,0.001
08.04.2021 08:45:05.596 GMT-0500,79.663,79.627,0.001,0.001
08.04.2021 08:45:06.026 GMT-0500,79.653,79.627,0.001,0.001
08.04.2021 08:45:07.304 GMT-0500,79.673,79.637,0.001,0.001
08.04.2021 08:45:07.405 GMT-0500,79.663,79.637,0.001,0.001
08.04.2021 08:45:07.691 GMT-0500,79.673,79.637,0.001,0.001
08.04.2021 08:45:08.317 GMT-0500,79.663,79.637,0.001,0.001
08.04.2021 08:45:09.181 GMT-0500,79.653,79.637,0.001,0.001
08.04.2021 08:45:09.232 GMT-0500,79.652,79.628,0.001,0.001
08.04.2021 08:45:09.329 GMT-0500,79.643,79.627,0.001,0.001
08.04.2021 08:45:09.379 GMT-0500,79.632,79.608,0.001,0.001
08.04.2021 08:45:09.480 GMT-0500,79.642,79.608,0.001,0.001
08.04.2021 08:45:10.578 GMT-0500,79.643,79.617,0.001,0.001
08.04.2021 08:45:10.678 GMT-0500,79.652,79.61800000000001,0.001,0.001
08.04.2021 08:45:12.824 GMT-0500,79.642,79.61800000000001,0.001,0.001
08.04.2021 08:45:12.974 GMT-0500,79.652,79.61800000000001,0.001,0.001
08.04.2021 08:45:13.526 GMT-0500,79.642,79.61800000000001,0.001,0.001
08.04.2021 08:45:13.576 GMT-0500,79.652,79.61800000000001,0.001,0.001
08.04.2021 08:45:15.906 GMT-0500,79.653,79.627,0.001,0.001
08.04.2021 08:45:15.957 GMT-0500,79.652,79.61800000000001,0.001,0.001
08.04.2021 08:45:16.116 GMT-0500,79.652,79.628,0.001,0.001
08.04.2021 08:45:16.569 GMT-0500,79.653,79.617,0.001,0.001
08.04.2021 08:45:16.619 GMT-0500,79.643,79.607,0.001,0.001
08.04.2021 08:45:18.067 GMT-0500,79.643,79.617,0.001,0.001
08.04.2021 08:45:18.118 GMT-0500,79.652,79.61800000000001,0.001,0.001
08.04.2021 08:45:18.920 GMT-0500,79.643,79.607,0.001,0.001
08.04.2021 08:45:20.782 GMT-0500,79.632,79.608,0.001,0.001
08.04.2021 08:45:22.051 GMT-0500,79.642,79.608,0.001,0.001
08.04.2021 08:45:22.426 GMT-0500,79.643,79.617,0.001,0.001
08.04.2021 08:45:23.818 GMT-0500,79.653,79.617,0.001,0.001
08.04.2021 08:45:23.868 GMT-0500,79.662,79.628,0.001,0.001
08.04.2021 08:45:24.383 GMT-0500,79.653,79.617,0.001,0.001
08.04.2021 08:45:25.628 GMT-0500,79.652,79.638,0.001,0.001
08.04.2021 08:45:25.679 GMT-0500,79.673,79.647,0.001,0.001
08.04.2021 08:45:25.779 GMT-0500,79.673,79.637,0.001,0.001
08.04.2021 08:45:25.905 GMT-0500,79.683,79.647,0.001,0.001
08.04.2021 08:45:26.069 GMT-0500,79.682,79.638,0.001,0.001
08.04.2021 08:45:26.119 GMT-0500,79.683,79.647,0.001,0.001
08.04.2021 08:45:26.434 GMT-0500,79.673,79.637,0.001,0.001
08.04.2021 08:45:26.484 GMT-0500,79.682,79.638,0.001,0.001
08.04.2021 08:45:26.546 GMT-0500,79.673,79.637,0.001,0.001
08.04.2021 08:45:26.720 GMT-0500,79.682,79.64800000000001,0.001,0.001
08.04.2021 08:45:26.770 GMT-0500,79.682,79.638,0.001,0.001
08.04.2021 08:45:26.820 GMT-0500,79.672,79.638,0.001,0.001
08.04.2021 08:45:26.921 GMT-0500,79.683,79.647,0.001,0.001
08.04.2021 08:45:29.214 GMT-0500,79.682,79.658,0.001,0.001
08.04.2021 08:45:30.214 GMT-0500,79.702,79.658,0.001,0.001
08.04.2021 08:45:30.264 GMT-0500,79.692,79.658,0.001,0.001
08.04.2021 08:45:30.784 GMT-0500,79.683,79.657,0.001,0.001
08.04.2021 08:45:31.077 GMT-0500,79.692,79.658,0.001,0.001
08.04.2021 08:45:31.442 GMT-0500,79.682,79.658,0.001,0.001
08.04.2021 08:45:33.867 GMT-0500,79.692,79.658,0.001,0.001
08.04.2021 08:45:33.977 GMT-0500,79.71300000000001,79.657,0.001,0.001
08.04.2021 08:45:34.027 GMT-0500,79.703,79.657,0.001,0.001
08.04.2021 08:45:34.152 GMT-0500,79.693,79.657,0.001,0.001
08.04.2021 08:45:34.393 GMT-0500,79.693,79.667,0.001,0.001
08.04.2021 08:45:35.189 GMT-0500,79.703,79.677,0.001,0.001
08.04.2021 08:45:35.715 GMT-0500,79.71300000000001,79.677,0.001,0.001
08.04.2021 08:45:36.123 GMT-0500,79.712,79.688,0.001,0.001
08.04.2021 08:45:36.465 GMT-0500,79.732,79.69800000000001,0.001,0.001
08.04.2021 08:45:38.182 GMT-0500,79.74300000000001,79.707,0.001,0.001
08.04.2021 08:45:38.332 GMT-0500,79.71300000000001,79.687,0.001,0.001
08.04.2021 08:45:39.044 GMT-0500,79.722,79.688,0.001,0.001
08.04.2021 08:45:39.144 GMT-0500,79.712,79.688,0.001,0.001
08.04.2021 08:45:39.194 GMT-0500,79.722,79.688,0.001,0.001
08.04.2021 08:45:40.101 GMT-0500,79.71300000000001,79.687,0.001,0.001
08.04.2021 08:45:40.201 GMT-0500,79.722,79.688,0.001,0.001
08.04.2021 08:45:41.239 GMT-0500,79.71300000000001,79.687,0.001,0.001
08.04.2021 08:45:44.056 GMT-0500,79.702,79.678,0.001,0.001
08.04.2021 08:45:44.601 GMT-0500,79.722,79.688,0.001,0.001
08.04.2021 08:45:44.702 GMT-0500,79.722,79.69800000000001,0.001,0.001
08.04.2021 08:45:45.933 GMT-0500,79.702,79.678,0.001,0.001
08.04.2021 08:45:45.984 GMT-0500,79.702,79.668,0.001,0.001
08.04.2021 08:45:46.635 GMT-0500,79.702,79.678,0.001,0.001
08.04.2021 08:45:46.685 GMT-0500,79.71300000000001,79.677,0.001,0.001
08.04.2021 08:45:47.028 GMT-0500,79.703,79.677,0.001,0.001
08.04.2021 08:45:47.078 GMT-0500,79.702,79.668,0.001,0.001
08.04.2021 08:45:47.129 GMT-0500,79.703,79.677,0.001,0.001
08.04.2021 08:45:48.351 GMT-0500,79.71300000000001,79.677,0.001,0.001
08.04.2021 08:45:48.402 GMT-0500,79.723,79.687,0.001,0.001
08.04.2021 08:45:49.311 GMT-0500,79.733,79.697,0.001,0.001
08.04.2021 08:45:51.089 GMT-0500,79.74300000000001,79.707,0.001,0.001
08.04.2021 08:45:53.974 GMT-0500,79.732,79.69800000000001,0.001,0.001
08.04.2021 08:45:54.289 GMT-0500,79.74300000000001,79.707,0.001,0.001
08.04.2021 08:45:55.899 GMT-0500,79.732,79.708,0.001,0.001
08.04.2021 08:45:56.144 GMT-0500,79.74300000000001,79.707,0.001,0.001
08.04.2021 08:45:57.661 GMT-0500,79.732,79.69800000000001,0.001,0.001
08.04.2021 08:45:59.268 GMT-0500,79.742,79.708,0.001,0.001
08.04.2021 08:45:59.486 GMT-0500,79.74300000000001,79.717,0.001,0.001
08.04.2021 08:45:59.537 GMT-0500,79.74300000000001,79.707,0.001,0.001
08.04.2021 08:45:59.595 GMT-0500,79.742,79.718,0.001,0.001
08.04.2021 08:45:59.773 GMT-0500,79.742,79.708,0.001,0.001
08.04.2021 08:46:02.534 GMT-0500,79.742,79.718,0.001,0.001
08.04.2021 08:46:02.585 GMT-0500,79.742,79.708,0.001,0.001
08.04.2021 08:46:02.637 GMT-0500,79.74300000000001,79.717,0.001,0.001
08.04.2021 08:46:03.018 GMT-0500,79.74300000000001,79.727,0.001,0.001
08.04.2021 08:46:03.214 GMT-0500,79.733,79.717,0.001,0.001
08.04.2021 08:46:03.905 GMT-0500,79.733,79.707,0.001,0.001
08.04.2021 08:46:03.955 GMT-0500,79.733,79.717,0.001,0.001
08.04.2021 08:46:04.263 GMT-0500,79.74300000000001,79.727,0.001,0.001
08.04.2021 08:46:04.413 GMT-0500,79.742,79.718,0.001,0.001
08.04.2021 08:46:04.756 GMT-0500,79.74300000000001,79.707,0.001,0.001
08.04.2021 08:46:05.839 GMT-0500,79.752,79.718,0.001,0.001
08.04.2021 08:46:08.660 GMT-0500,79.762,79.72800000000001,0.001,0.001
08.04.2021 08:46:09.093 GMT-0500,79.772,79.738,0.001,0.001
08.04.2021 08:46:09.232 GMT-0500,79.763,79.727,0.001,0.001
08.04.2021 08:46:09.549 GMT-0500,79.753,79.727,0.001,0.001
08.04.2021 08:46:10.093 GMT-0500,79.752,79.738,0.001,0.001
08.04.2021 08:46:10.144 GMT-0500,79.753,79.727,0.001,0.001
08.04.2021 08:46:10.841 GMT-0500,79.753,79.717,0.001,0.001
08.04.2021 08:46:11.371 GMT-0500,79.74300000000001,79.707,0.001,0.001
08.04.2021 08:46:14.461 GMT-0500,79.742,79.69800000000001,0.001,0.001
08.04.2021 08:46:15.184 GMT-0500,79.733,79.707,0.001,0.001
08.04.2021 08:46:15.235 GMT-0500,79.74300000000001,79.707,0.001,0.001
08.04.2021 08:46:15.614 GMT-0500,79.733,79.697,0.001,0.001
08.04.2021 08:46:15.797 GMT-0500,79.742,79.708,0.001,0.001
08.04.2021 08:46:17.084 GMT-0500,79.723,79.697,0.001,0.001
08.04.2021 08:46:17.640 GMT-0500,79.732,79.69800000000001,0.001,0.001
08.04.2021 08:46:18.504 GMT-0500,79.732,79.708,0.001,0.001
08.04.2021 08:46:18.605 GMT-0500,79.723,79.707,0.001,0.001
08.04.2021 08:46:18.705 GMT-0500,79.723,79.697,0.001,0.001
08.04.2021 08:46:19.614 GMT-0500,79.712,79.69800000000001,0.001,0.001
08.04.2021 08:46:21.741 GMT-0500,79.722,79.69800000000001,0.001,0.001
08.04.2021 08:46:21.791 GMT-0500,79.732,79.708,0.001,0.001
08.04.2021 08:46:22.124 GMT-0500,79.732,79.69800000000001,0.001,0.001
08.04.2021 08:46:22.297 GMT-0500,79.723,79.697,0.001,0.001
08.04.2021 08:46:23.099 GMT-0500,79.722,79.708,0.001,0.001
08.04.2021 08:46:28.752 GMT-0500,79.74300000000001,79.717,0.001,0.001
08.04.2021 08:46:29.228 GMT-0500,79.74300000000001,79.707,0.001,0.001
08.04.2021 08:46:29.278 GMT-0500,79.74300000000001,79.717,0.001,0.001
08.04.2021 08:46:29.899 GMT-0500,79.733,79.717,0.001,0.001
08.04.2021 08:46:30.768 GMT-0500,79.732,79.708,0.001,0.001
08.04.2021 08:46:30.849 GMT-0500,79.732,79.718,0.001,0.001
08.04.2021 08:46:30.985 GMT-0500,79.733,79.707,0.001,0.001
08.04.2021 08:46:31.266 GMT-0500,79.733,79.717,0.001,0.001
08.04.2021 08:46:31.537 GMT-0500,79.742,79.72800000000001,0.001,0.001
08.04.2021 08:46:31.587 GMT-0500,79.742,79.718,0.001,0.001
08.04.2021 08:46:33.109 GMT-0500,79.762,79.72800000000001,0.001,0.001
08.04.2021 08:46:33.711 GMT-0500,79.763,79.737,0.001,0.001
08.04.2021 08:46:34.441 GMT-0500,79.772,79.748,0.001,0.001
08.04.2021 08:46:34.491 GMT-0500,79.783,79.747,0.001,0.001
08.04.2021 08:46:34.894 GMT-0500,79.802,79.748,0.001,0.001
08.04.2021 08:46:34.944 GMT-0500,79.783,79.747,0.001,0.001
08.04.2021 08:46:35.239 GMT-0500,79.793,79.747,0.001,0.001
08.04.2021 08:46:36.133 GMT-0500,79.803,79.747,0.001,0.001
08.04.2021 08:46:37.180 GMT-0500,79.783,79.747,0.001,0.001
08.04.2021 08:46:37.234 GMT-0500,79.793,79.747,0.001,0.001
08.04.2021 08:46:37.514 GMT-0500,79.783,79.747,0.001,0.001
08.04.2021 08:46:37.822 GMT-0500,79.772,79.748,0.001,0.001
08.04.2021 08:46:38.048 GMT-0500,79.782,79.748,0.001,0.001
08.04.2021 08:46:38.717 GMT-0500,79.783,79.757,0.001,0.001
08.04.2021 08:46:38.832 GMT-0500,79.783,79.747,0.001,0.001
08.04.2021 08:46:39.048 GMT-0500,79.803,79.767,0.001,0.001
08.04.2021 08:46:39.098 GMT-0500,79.802,79.75800000000001,0.001,0.001
08.04.2021 08:46:39.149 GMT-0500,79.802,79.768,0.001,0.001
08.04.2021 08:46:39.626 GMT-0500,79.792,79.768,0.001,0.001
08.04.2021 08:46:40.129 GMT-0500,79.803,79.767,0.001,0.001
08.04.2021 08:46:40.327 GMT-0500,79.793,79.767,0.001,0.001
08.04.2021 08:46:40.377 GMT-0500,79.783,79.747,0.001,0.001
08.04.2021 08:46:40.545 GMT-0500,79.793,79.757,0.001,0.001
08.04.2021 08:46:40.608 GMT-0500,79.793,79.747,0.001,0.001
08.04.2021 08:46:40.779 GMT-0500,79.793,79.757,0.001,0.001
08.04.2021 08:46:41.141 GMT-0500,79.792,79.748,0.001,0.001
08.04.2021 08:46:41.191 GMT-0500,79.793,79.757,0.001,0.001
08.04.2021 08:46:41.616 GMT-0500,79.792,79.748,0.001,0.001
08.04.2021 08:46:41.786 GMT-0500,79.793,79.767,0.001,0.001
08.04.2021 08:46:42.046 GMT-0500,79.792,79.778,0.001,0.001
08.04.2021 08:46:42.571 GMT-0500,79.792,79.75800000000001,0.001,0.001
08.04.2021 08:46:42.621 GMT-0500,79.77300000000001,79.747,0.001,0.001
08.04.2021 08:46:43.070 GMT-0500,79.772,79.75800000000001,0.001,0.001
08.04.2021 08:46:43.785 GMT-0500,79.772,79.748,0.001,0.001
08.04.2021 08:46:44.714 GMT-0500,79.77300000000001,79.757,0.001,0.001
08.04.2021 08:46:44.853 GMT-0500,79.782,79.768,0.001,0.001
08.04.2021 08:46:46.427 GMT-0500,79.793,79.777,0.001,0.001
08.04.2021 08:46:46.490 GMT-0500,79.803,79.777,0.001,0.001
08.04.2021 08:46:46.591 GMT-0500,79.792,79.768,0.001,0.001
08.04.2021 08:46:46.736 GMT-0500,79.802,79.768,0.001,0.001
08.04.2021 08:46:48.232 GMT-0500,79.812,79.778,0.001,0.001
08.04.2021 08:46:48.443 GMT-0500,79.822,79.778,0.001,0.001
08.04.2021 08:46:48.922 GMT-0500,79.813,79.777,0.001,0.001
08.04.2021 08:46:48.973 GMT-0500,79.813,79.767,0.001,0.001
08.04.2021 08:46:49.320 GMT-0500,79.802,79.768,0.001,0.001
08.04.2021 08:46:49.829 GMT-0500,79.792,79.768,0.001,0.001
08.04.2021 08:46:52.573 GMT-0500,79.772,79.75800000000001,0.001,0.001
08.04.2021 08:46:52.805 GMT-0500,79.783,79.757,0.001,0.001
08.04.2021 08:46:52.873 GMT-0500,79.77300000000001,79.747,0.001,0.001
08.04.2021 08:46:54.716 GMT-0500,79.783,79.747,0.001,0.001
08.04.2021 08:46:56.282 GMT-0500,79.793,79.747,0.001,0.001
08.04.2021 08:46:57.919 GMT-0500,79.783,79.747,0.001,0.001
08.04.2021 08:46:58.725 GMT-0500,79.792,79.748,0.001,0.001
08.04.2021 08:46:59.059 GMT-0500,79.783,79.747,0.001,0.001
08.04.2021 08:46:59.270 GMT-0500,79.793,79.747,0.001,0.001
08.04.2021 08:47:00.749 GMT-0500,79.782,79.748,0.001,0.001
08.04.2021 08:47:01.939 GMT-0500,79.772,79.748,0.001,0.001
08.04.2021 08:47:02.054 GMT-0500,79.752,79.72800000000001,0.001,0.001
08.04.2021 08:47:02.104 GMT-0500,79.763,79.727,0.001,0.001
08.04.2021 08:47:02.163 GMT-0500,79.763,79.717,0.001,0.001
08.04.2021 08:47:03.241 GMT-0500,79.752,79.718,0.001,0.001
08.04.2021 08:47:03.347 GMT-0500,79.763,79.727,0.001,0.001
08.04.2021 08:47:04.196 GMT-0500,79.752,79.72800000000001,0.001,0.001
08.04.2021 08:47:04.258 GMT-0500,79.763,79.727,0.001,0.001
08.04.2021 08:47:04.604 GMT-0500,79.753,79.727,0.001,0.001
08.04.2021 08:47:05.386 GMT-0500,79.763,79.727,0.001,0.001
08.04.2021 08:47:08.425 GMT-0500,79.753,79.727,0.001,0.001
08.04.2021 08:47:08.669 GMT-0500,79.753,79.717,0.001,0.001
08.04.2021 08:47:09.598 GMT-0500,79.763,79.727,0.001,0.001
08.04.2021 08:47:09.648 GMT-0500,79.762,79.718,0.001,0.001
08.04.2021 08:47:09.872 GMT-0500,79.762,79.72800000000001,0.001,0.001
08.04.2021 08:47:10.246 GMT-0500,79.763,79.717,0.001,0.001
08.04.2021 08:47:10.305 GMT-0500,79.77300000000001,79.737,0.001,0.001
08.04.2021 08:47:10.516 GMT-0500,79.77300000000001,79.727,0.001,0.001
08.04.2021 08:47:10.616 GMT-0500,79.77300000000001,79.737,0.001,0.001
08.04.2021 08:47:12.234 GMT-0500,79.763,79.737,0.001,0.001
08.04.2021 08:47:12.342 GMT-0500,79.763,79.727,0.001,0.001
08.04.2021 08:47:12.845 GMT-0500,79.772,79.72800000000001,0.001,0.001
08.04.2021 08:47:13.581 GMT-0500,79.772,79.738,0.001,0.001
08.04.2021 08:47:16.630 GMT-0500,79.77300000000001,79.747,0.001,0.001
08.04.2021 08:47:16.888 GMT-0500,79.753,79.727,0.001,0.001
08.04.2021 08:47:16.939 GMT-0500,79.762,79.72800000000001,0.001,0.001
08.04.2021 08:47:17.502 GMT-0500,79.762,79.738,0.001,0.001
08.04.2021 08:47:18.770 GMT-0500,79.792,79.738,0.001,0.001
08.04.2021 08:47:18.820 GMT-0500,79.793,79.747,0.001,0.001
08.04.2021 08:47:19.061 GMT-0500,79.792,79.75800000000001,0.001,0.001
08.04.2021 08:47:20.054 GMT-0500,79.793,79.747,0.001,0.001
08.04.2021 08:47:20.426 GMT-0500,79.792,79.75800000000001,0.001,0.001
08.04.2021 08:47:20.476 GMT-0500,79.792,79.748,0.001,0.001
08.04.2021 08:47:20.952 GMT-0500,79.783,79.737,0.001,0.001
08.04.2021 08:47:21.252 GMT-0500,79.793,79.737,0.001,0.001
08.04.2021 08:47:24.310 GMT-0500,79.783,79.737,0.001,0.001
08.04.2021 08:47:24.706 GMT-0500,79.793,79.737,0.001,0.001
08.04.2021 08:47:25.169 GMT-0500,79.783,79.737,0.001,0.001
08.04.2021 08:47:25.220 GMT-0500,79.792,79.738,0.001,0.001
08.04.2021 08:47:29.937 GMT-0500,79.792,79.75800000000001,0.001,0.001
08.04.2021 08:47:30.433 GMT-0500,79.803,79.767,0.001,0.001
08.04.2021 08:47:30.863 GMT-0500,79.803,79.757,0.001,0.001
08.04.2021 08:47:33.859 GMT-0500,79.792,79.75800000000001,0.001,0.001
08.04.2021 08:47:38.759 GMT-0500,79.803,79.757,0.001,0.001
08.04.2021 08:47:40.455 GMT-0500,79.792,79.75800000000001,0.001,0.001
08.04.2021 08:47:40.891 GMT-0500,79.802,79.75800000000001,0.001,0.001
08.04.2021 08:47:41.053 GMT-0500,79.802,79.768,0.001,0.001
08.04.2021 08:47:43.293 GMT-0500,79.793,79.767,0.001,0.001
08.04.2021 08:47:43.425 GMT-0500,79.802,79.768,0.001,0.001
08.04.2021 08:47:43.702 GMT-0500,79.793,79.767,0.001,0.001
08.04.2021 08:47:44.390 GMT-0500,79.77300000000001,79.747,0.001,0.001
08.04.2021 08:47:44.541 GMT-0500,79.783,79.747,0.001,0.001
08.04.2021 08:47:45.476 GMT-0500,79.77300000000001,79.747,0.001,0.001
08.04.2021 08:47:46.924 GMT-0500,79.782,79.748,0.001,0.001
08.04.2021 08:47:47.085 GMT-0500,79.772,79.748,0.001,0.001
08.04.2021 08:47:49.350 GMT-0500,79.762,79.748,0.001,0.001
08.04.2021 08:47:50.601 GMT-0500,79.772,79.748,0.001,0.001
08.04.2021 08:47:51.391 GMT-0500,79.77300000000001,79.757,0.001,0.001
08.04.2021 08:47:51.808 GMT-0500,79.762,79.748,0.001,0.001
08.04.2021 08:47:51.909 GMT-0500,79.772,79.75800000000001,0.001,0.001
08.04.2021 08:47:52.458 GMT-0500,79.772,79.748,0.001,0.001
08.04.2021 08:47:53.758 GMT-0500,79.772,79.75800000000001,0.001,0.001
08.04.2021 08:47:55.080 GMT-0500,79.77300000000001,79.747,0.001,0.001
08.04.2021 08:47:55.188 GMT-0500,79.772,79.738,0.001,0.001
08.04.2021 08:47:55.362 GMT-0500,79.77300000000001,79.747,0.001,0.001
08.04.2021 08:47:56.640 GMT-0500,79.77300000000001,79.757,0.001,0.001
08.04.2021 08:47:56.741 GMT-0500,79.77300000000001,79.747,0.001,0.001
08.04.2021 08:47:57.487 GMT-0500,79.783,79.757,0.001,0.001
08.04.2021 08:47:57.896 GMT-0500,79.77300000000001,79.737,0.001,0.001
08.04.2021 08:48:01.394 GMT-0500,79.772,79.748,0.001,0.001
08.04.2021 08:48:03.897 GMT-0500,79.772,79.738,0.001,0.001
08.04.2021 08:48:04.264 GMT-0500,79.762,79.72800000000001,0.001,0.001
08.04.2021 08:48:05.224 GMT-0500,79.763,79.737,0.001,0.001
08.04.2021 08:48:05.454 GMT-0500,79.772,79.738,0.001,0.001
08.04.2021 08:48:05.686 GMT-0500,79.772,79.72800000000001,0.001,0.001
08.04.2021 08:48:06.839 GMT-0500,79.772,79.748,0.001,0.001
08.04.2021 08:48:06.889 GMT-0500,79.77300000000001,79.737,0.001,0.001
08.04.2021 08:48:08.837 GMT-0500,79.772,79.72800000000001,0.001,0.001
08.04.2021 08:48:09.175 GMT-0500,79.763,79.727,0.001,0.001
08.04.2021 08:48:09.286 GMT-0500,79.772,79.72800000000001,0.001,0.001
08.04.2021 08:48:10.230 GMT-0500,79.77300000000001,79.757,0.001,0.001
08.04.2021 08:48:10.989 GMT-0500,79.782,79.768,0.001,0.001
08.04.2021 08:48:11.039 GMT-0500,79.782,79.75800000000001,0.001,0.001
08.04.2021 08:48:12.379 GMT-0500,79.792,79.768,0.001,0.001
08.04.2021 08:48:12.652 GMT-0500,79.813,79.777,0.001,0.001
08.04.2021 08:48:13.051 GMT-0500,79.82300000000001,79.777,0.001,0.001
08.04.2021 08:48:13.180 GMT-0500,79.82300000000001,79.787,0.001,0.001
08.04.2021 08:48:13.231 GMT-0500,79.82300000000001,79.777,0.001,0.001
08.04.2021 08:48:13.322 GMT-0500,79.82300000000001,79.787,0.001,0.001
08.04.2021 08:48:14.501 GMT-0500,79.813,79.787,0.001,0.001
08.04.2021 08:48:15.103 GMT-0500,79.82300000000001,79.787,0.001,0.001
08.04.2021 08:48:16.453 GMT-0500,79.813,79.787,0.001,0.001
08.04.2021 08:48:16.630 GMT-0500,79.82300000000001,79.787,0.001,0.001
08.04.2021 08:48:19.884 GMT-0500,79.82300000000001,79.797,0.001,0.001
08.04.2021 08:48:19.934 GMT-0500,79.82300000000001,79.787,0.001,0.001
08.04.2021 08:48:20.199 GMT-0500,79.833,79.797,0.001,0.001
08.04.2021 08:48:21.008 GMT-0500,79.843,79.797,0.001,0.001
08.04.2021 08:48:21.067 GMT-0500,79.833,79.797,0.001,0.001
08.04.2021 08:48:21.796 GMT-0500,79.82300000000001,79.797,0.001,0.001
08.04.2021 08:48:22.239 GMT-0500,79.833,79.797,0.001,0.001
08.04.2021 08:48:22.824 GMT-0500,79.843,79.797,0.001,0.001
08.04.2021 08:48:23.031 GMT-0500,79.852,79.798,0.001,0.001
08.04.2021 08:48:23.081 GMT-0500,79.843,79.797,0.001,0.001
08.04.2021 08:48:23.219 GMT-0500,79.852,79.798,0.001,0.001
08.04.2021 08:48:23.269 GMT-0500,79.842,79.798,0.001,0.001
08.04.2021 08:48:23.455 GMT-0500,79.852,79.798,0.001,0.001
08.04.2021 08:48:24.015 GMT-0500,79.843,79.797,0.001,0.001
08.04.2021 08:48:24.102 GMT-0500,79.85300000000001,79.797,0.001,0.001
08.04.2021 08:48:24.695 GMT-0500,79.85300000000001,79.807,0.001,0.001
08.04.2021 08:48:24.959 GMT-0500,79.842,79.798,0.001,0.001
08.04.2021 08:48:25.243 GMT-0500,79.852,79.798,0.001,0.001
08.04.2021 08:48:26.464 GMT-0500,79.832,79.798,0.001,0.001
08.04.2021 08:48:31.993 GMT-0500,79.843,79.797,0.001,0.001
08.04.2021 08:48:32.093 GMT-0500,79.85300000000001,79.807,0.001,0.001
08.04.2021 08:48:32.194 GMT-0500,79.852,79.818,0.001,0.001
08.04.2021 08:48:32.413 GMT-0500,79.842,79.808,0.001,0.001
08.04.2021 08:48:34.079 GMT-0500,79.852,79.808,0.001,0.001
08.04.2021 08:48:34.188 GMT-0500,79.852,79.818,0.001,0.001
08.04.2021 08:48:39.354 GMT-0500,79.852,79.828,0.001,0.001
08.04.2021 08:48:39.435 GMT-0500,79.852,79.818,0.001,0.001
08.04.2021 08:48:40.516 GMT-0500,79.833,79.817,0.001,0.001
08.04.2021 08:48:40.567 GMT-0500,79.842,79.818,0.001,0.001
08.04.2021 08:48:40.767 GMT-0500,79.852,79.818,0.001,0.001
08.04.2021 08:48:41.133 GMT-0500,79.842,79.818,0.001,0.001
08.04.2021 08:48:41.695 GMT-0500,79.842,79.808,0.001,0.001
08.04.2021 08:48:42.195 GMT-0500,79.843,79.817,0.001,0.001
08.04.2021 08:48:42.246 GMT-0500,79.842,79.808,0.001,0.001
08.04.2021 08:48:43.938 GMT-0500,79.843,79.817,0.001,0.001
08.04.2021 08:48:45.244 GMT-0500,79.832,79.818,0.001,0.001
08.04.2021 08:48:47.864 GMT-0500,79.822,79.798,0.001,0.001
08.04.2021 08:48:48.557 GMT-0500,79.82300000000001,79.787,0.001,0.001
08.04.2021 08:48:48.607 GMT-0500,79.822,79.798,0.001,0.001
08.04.2021 08:48:49.276 GMT-0500,79.813,79.787,0.001,0.001
08.04.2021 08:48:49.388 GMT-0500,79.822,79.788,0.001,0.001
08.04.2021 08:48:50.339 GMT-0500,79.812,79.778,0.001,0.001
08.04.2021 08:48:50.522 GMT-0500,79.82300000000001,79.777,0.001,0.001
08.04.2021 08:48:50.573 GMT-0500,79.813,79.777,0.001,0.001
08.04.2021 08:48:52.060 GMT-0500,79.813,79.787,0.001,0.001
08.04.2021 08:48:52.607 GMT-0500,79.803,79.767,0.001,0.001
08.04.2021 08:48:53.540 GMT-0500,79.793,79.767,0.001,0.001
08.04.2021 08:48:53.620 GMT-0500,79.803,79.767,0.001,0.001
08.04.2021 08:48:54.142 GMT-0500,79.802,79.778,0.001,0.001
08.04.2021 08:48:54.683 GMT-0500,79.803,79.767,0.001,0.001
08.04.2021 08:48:57.789 GMT-0500,79.803,79.777,0.001,0.001
08.04.2021 08:48:57.839 GMT-0500,79.803,79.767,0.001,0.001
08.04.2021 08:49:00.209 GMT-0500,79.793,79.767,0.001,0.001
08.04.2021 08:49:00.260 GMT-0500,79.783,79.747,0.001,0.001
08.04.2021 08:49:00.686 GMT-0500,79.782,79.75800000000001,0.001,0.001
08.04.2021 08:49:00.736 GMT-0500,79.783,79.747,0.001,0.001
08.04.2021 08:49:02.592 GMT-0500,79.77300000000001,79.737,0.001,0.001
08.04.2021 08:49:03.121 GMT-0500,79.782,79.738,0.001,0.001
08.04.2021 08:49:03.171 GMT-0500,79.77300000000001,79.737,0.001,0.001
08.04.2021 08:49:03.435 GMT-0500,79.782,79.738,0.001,0.001
08.04.2021 08:49:03.622 GMT-0500,79.77300000000001,79.737,0.001,0.001
08.04.2021 08:49:04.098 GMT-0500,79.763,79.737,0.001,0.001
08.04.2021 08:49:05.876 GMT-0500,79.762,79.748,0.001,0.001
08.04.2021 08:49:13.905 GMT-0500,79.752,79.72800000000001,0.001,0.001
08.04.2021 08:49:14.247 GMT-0500,79.753,79.717,0.001,0.001
08.04.2021 08:49:16.627 GMT-0500,79.753,79.727,0.001,0.001
08.04.2021 08:49:17.902 GMT-0500,79.74300000000001,79.717,0.001,0.001
08.04.2021 08:49:19.232 GMT-0500,79.753,79.727,0.001,0.001
08.04.2021 08:49:19.951 GMT-0500,79.762,79.72800000000001,0.001,0.001
08.04.2021 08:49:20.001 GMT-0500,79.753,79.717,0.001,0.001
08.04.2021 08:49:23.744 GMT-0500,79.762,79.72800000000001,0.001,0.001
08.04.2021 08:49:25.400 GMT-0500,79.763,79.737,0.001,0.001
08.04.2021 08:49:26.090 GMT-0500,79.77300000000001,79.737,0.001,0.001
08.04.2021 08:49:31.833 GMT-0500,79.783,79.757,0.001,0.001
08.04.2021 08:49:31.883 GMT-0500,79.772,79.738,0.001,0.001
08.04.2021 08:49:33.369 GMT-0500,79.783,79.737,0.001,0.001
08.04.2021 08:49:33.420 GMT-0500,79.782,79.748,0.001,0.001
08.04.2021 08:49:44.171 GMT-0500,79.772,79.748,0.001,0.001
08.04.2021 08:49:44.222 GMT-0500,79.753,79.717,0.001,0.001
08.04.2021 08:49:47.475 GMT-0500,79.763,79.717,0.001,0.001
08.04.2021 08:49:47.526 GMT-0500,79.763,79.727,0.001,0.001
08.04.2021 08:49:47.759 GMT-0500,79.763,79.737,0.001,0.001
08.04.2021 08:49:47.809 GMT-0500,79.763,79.727,0.001,0.001
08.04.2021 08:49:48.102 GMT-0500,79.772,79.72800000000001,0.001,0.001
08.04.2021 08:49:48.152 GMT-0500,79.77300000000001,79.737,0.001,0.001
08.04.2021 08:49:48.411 GMT-0500,79.763,79.737,0.001,0.001
08.04.2021 08:49:48.465 GMT-0500,79.763,79.727,0.001,0.001
