Local time,Ask,Bid,AskVolume,BidVolume
08.04.2021 08:30:00.877 GMT-0500,362.80300000000005,362.10699999999997,0.011,0.011
08.04.2021 08:30:01.140 GMT-0500,362.80199999999996,362.55800000000005,0.011,0.011
08.04.2021 08:30:01.461 GMT-0500,362.782,362.55800000000005,0.0075,0.0008
08.04.2021 08:30:01.511 GMT-0500,362.80300000000005,362.10699999999997,0.011,0.011
08.04.2021 08:30:01.861 GMT-0500,362.712,362.10800000000006,0.011,0.011
08.04.2021 08:30:01.911 GMT-0500,362.80300000000005,362.10699999999997,0.011,0.011
08.04.2021 08:30:02.812 GMT-0500,362.80199999999996,362.348,0.011,0.011
08.04.2021 08:30:04.966 GMT-0500,362.783,362.347,0.0075,0.011
08.04.2021 08:30:06.086 GMT-0500,362.478,362.347,0.0008,0.011
08.04.2021 08:30:06.136 GMT-0500,362.782,362.348,0.011,0.011
08.04.2021 08:30:06.187 GMT-0500,362.80199999999996,362.13800000000003,0.011,0.011
08.04.2021 08:30:06.237 GMT-0500,362.51300000000003,362.137,0.011,0.011
08.04.2021 08:30:06.351 GMT-0500,362.51300000000003,362.10699999999997,0.011,0.011
08.04.2021 08:30:06.581 GMT-0500,362.51300000000003,362.147,0.011,0.0008
08.04.2021 08:30:07.261 GMT-0500,362.50300000000004,362.147,0.0075,0.011
08.04.2021 08:30:07.605 GMT-0500,362.512,362.148,0.011,0.011
08.04.2021 08:30:10.325 GMT-0500,362.50199999999995,362.148,0.0008,0.011
08.04.2021 08:30:10.731 GMT-0500,362.512,362.148,0.011,0.011
08.04.2021 08:30:14.033 GMT-0500,362.512,362.158,0.011,0.011
08.04.2021 08:30:14.321 GMT-0500,362.51300000000003,362.10699999999997,0.011,0.011
08.04.2021 08:30:14.440 GMT-0500,362.512,362.48199999999997,0.0075,0.0008
08.04.2021 08:30:14.490 GMT-0500,362.79300000000006,362.467,0.011,0.011
08.04.2021 08:30:14.628 GMT-0500,362.80300000000005,362.467,0.011,0.011
08.04.2021 08:30:14.678 GMT-0500,362.68199999999996,362.468,0.011,0.011
08.04.2021 08:30:14.871 GMT-0500,362.80300000000005,362.11699999999996,0.011,0.011
08.04.2021 08:30:15.028 GMT-0500,362.473,362.11699999999996,0.0008,0.0075
08.04.2021 08:30:15.079 GMT-0500,362.473,362.10699999999997,0.011,0.011
08.04.2021 08:30:15.581 GMT-0500,362.473,362.11699999999996,0.011,0.0008
08.04.2021 08:30:15.632 GMT-0500,362.472,362.10800000000006,0.011,0.011
08.04.2021 08:30:16.413 GMT-0500,362.80199999999996,362.158,0.011,0.011
08.04.2021 08:30:17.013 GMT-0500,362.413,362.157,0.011,0.011
08.04.2021 08:30:20.490 GMT-0500,362.412,360.76800000000003,0.011,0.011
08.04.2021 08:30:20.594 GMT-0500,362.412,361.935,0.011,0.0075
08.04.2021 08:30:21.683 GMT-0500,362.412,360.76800000000003,0.011,0.011
08.04.2021 08:30:21.816 GMT-0500,362.402,360.76800000000003,0.0075,0.011
08.04.2021 08:30:22.018 GMT-0500,362.402,360.778,0.011,0.0075
08.04.2021 08:30:22.205 GMT-0500,362.403,360.767,0.011,0.011
08.04.2021 08:30:23.032 GMT-0500,362.402,360.778,0.011,0.0075
08.04.2021 08:30:23.082 GMT-0500,362.402,360.76800000000003,0.011,0.011
08.04.2021 08:30:23.283 GMT-0500,362.413,360.767,0.011,0.011
08.04.2021 08:30:23.571 GMT-0500,362.413,362.18699999999995,0.011,0.0008
08.04.2021 08:30:23.621 GMT-0500,362.413,360.767,0.011,0.011
08.04.2021 08:30:23.682 GMT-0500,362.413,362.18699999999995,0.011,0.0008
08.04.2021 08:30:23.732 GMT-0500,362.413,360.767,0.011,0.011
08.04.2021 08:30:23.966 GMT-0500,362.413,360.777,0.011,0.0008
08.04.2021 08:30:24.066 GMT-0500,362.413,360.767,0.011,0.011
08.04.2021 08:30:24.173 GMT-0500,362.412,362.158,0.011,0.011
08.04.2021 08:30:24.223 GMT-0500,362.412,360.76800000000003,0.011,0.011
08.04.2021 08:30:24.556 GMT-0500,362.402,360.76800000000003,0.0075,0.011
08.04.2021 08:30:24.712 GMT-0500,362.412,360.76800000000003,0.011,0.011
08.04.2021 08:30:24.824 GMT-0500,362.412,360.778,0.011,0.0008
08.04.2021 08:30:24.924 GMT-0500,362.413,360.767,0.011,0.011
08.04.2021 08:30:24.984 GMT-0500,362.413,361.93699999999995,0.011,0.0008
08.04.2021 08:30:25.238 GMT-0500,362.413,360.767,0.011,0.011
08.04.2021 08:30:25.680 GMT-0500,362.412,360.778,0.011,0.0075
08.04.2021 08:30:25.781 GMT-0500,362.413,360.767,0.011,0.011
08.04.2021 08:30:25.831 GMT-0500,362.39300000000003,360.767,0.011,0.011
08.04.2021 08:30:26.663 GMT-0500,362.412,360.76800000000003,0.011,0.011
08.04.2021 08:30:26.713 GMT-0500,362.412,362.158,0.011,0.011
08.04.2021 08:30:28.922 GMT-0500,362.412,360.76800000000003,0.011,0.011
08.04.2021 08:30:28.985 GMT-0500,362.412,361.935,0.011,0.0075
08.04.2021 08:30:29.332 GMT-0500,362.412,360.778,0.011,0.011
08.04.2021 08:30:29.431 GMT-0500,362.413,361.94199999999995,0.011,0.0075
08.04.2021 08:30:29.481 GMT-0500,362.413,360.767,0.011,0.011
08.04.2021 08:30:29.548 GMT-0500,362.413,362.17699999999996,0.011,0.011
08.04.2021 08:30:30.253 GMT-0500,362.412,360.76800000000003,0.011,0.011
08.04.2021 08:30:30.304 GMT-0500,362.413,360.777,0.011,0.011
08.04.2021 08:30:30.406 GMT-0500,362.413,362.18699999999995,0.011,0.011
08.04.2021 08:30:30.555 GMT-0500,362.413,360.767,0.011,0.011
08.04.2021 08:30:30.654 GMT-0500,362.412,362.18800000000005,0.011,0.0075
08.04.2021 08:30:31.437 GMT-0500,362.413,360.767,0.011,0.011
08.04.2021 08:30:31.519 GMT-0500,362.413,362.17699999999996,0.011,0.0075
08.04.2021 08:30:31.692 GMT-0500,362.413,360.767,0.011,0.011
08.04.2021 08:30:31.744 GMT-0500,362.412,362.18800000000005,0.011,0.011
08.04.2021 08:30:32.010 GMT-0500,362.792,362.18800000000005,0.011,0.011
08.04.2021 08:30:32.126 GMT-0500,362.38300000000004,362.18699999999995,0.011,0.011
08.04.2021 08:30:32.454 GMT-0500,362.38300000000004,360.767,0.011,0.011
08.04.2021 08:30:32.568 GMT-0500,362.382,360.778,0.011,0.0008
08.04.2021 08:30:32.725 GMT-0500,362.382,360.76800000000003,0.011,0.011
08.04.2021 08:30:33.044 GMT-0500,362.382,362.17800000000005,0.011,0.011
08.04.2021 08:30:33.094 GMT-0500,362.38300000000004,360.767,0.011,0.011
08.04.2021 08:30:33.393 GMT-0500,362.38300000000004,362.18699999999995,0.011,0.011
08.04.2021 08:30:33.675 GMT-0500,362.772,362.18800000000005,0.011,0.011
08.04.2021 08:30:33.789 GMT-0500,362.50300000000004,362.18699999999995,0.0075,0.011
08.04.2021 08:30:36.933 GMT-0500,362.50199999999995,360.848,0.011,0.011
08.04.2021 08:30:36.983 GMT-0500,362.50300000000004,360.85699999999997,0.011,0.011
08.04.2021 08:30:37.087 GMT-0500,362.50199999999995,360.848,0.011,0.011
08.04.2021 08:30:37.550 GMT-0500,362.50300000000004,362.01,0.011,0.0008
08.04.2021 08:30:37.950 GMT-0500,362.50300000000004,362.097,0.011,0.011
08.04.2021 08:30:38.001 GMT-0500,362.50300000000004,362.18699999999995,0.011,0.0075
08.04.2021 08:30:38.102 GMT-0500,362.50300000000004,362.207,0.011,0.011
08.04.2021 08:30:38.557 GMT-0500,362.48199999999997,362.098,0.011,0.011
08.04.2021 08:30:38.607 GMT-0500,362.49300000000005,362.197,0.011,0.011
08.04.2021 08:30:38.720 GMT-0500,362.473,362.097,0.011,0.011
08.04.2021 08:30:38.786 GMT-0500,362.473,362.197,0.0075,0.0008
08.04.2021 08:30:38.837 GMT-0500,362.49199999999996,362.19800000000004,0.011,0.011
08.04.2021 08:30:38.934 GMT-0500,362.473,362.197,0.0075,0.0008
08.04.2021 08:30:38.984 GMT-0500,362.49199999999996,362.208,0.011,0.011
08.04.2021 08:30:39.313 GMT-0500,362.48300000000006,362.207,0.0008,0.0075
08.04.2021 08:30:39.364 GMT-0500,362.49300000000005,362.097,0.011,0.011
08.04.2021 08:30:39.530 GMT-0500,362.48300000000006,362.097,0.011,0.011
08.04.2021 08:30:39.610 GMT-0500,362.49199999999996,362.098,0.011,0.011
08.04.2021 08:30:39.712 GMT-0500,362.49300000000005,362.18699999999995,0.011,0.011
08.04.2021 08:30:44.039 GMT-0500,362.48199999999997,362.18800000000005,0.0075,0.011
08.04.2021 08:30:44.140 GMT-0500,362.48300000000006,362.097,0.011,0.011
08.04.2021 08:30:44.522 GMT-0500,362.48199999999997,362.208,0.011,0.0075
08.04.2021 08:30:44.622 GMT-0500,362.463,362.097,0.011,0.011
08.04.2021 08:30:44.838 GMT-0500,362.44300000000004,362.097,0.0008,0.011
08.04.2021 08:30:44.938 GMT-0500,362.463,362.097,0.011,0.011
08.04.2021 08:30:45.317 GMT-0500,362.44300000000004,362.097,0.0008,0.011
08.04.2021 08:30:45.367 GMT-0500,362.462,362.098,0.011,0.011
08.04.2021 08:30:45.492 GMT-0500,362.463,362.227,0.011,0.0008
08.04.2021 08:30:45.542 GMT-0500,362.463,362.097,0.011,0.011
08.04.2021 08:30:45.712 GMT-0500,362.44300000000004,362.097,0.011,0.011
08.04.2021 08:30:45.814 GMT-0500,362.462,362.218,0.011,0.011
08.04.2021 08:30:46.056 GMT-0500,362.462,362.098,0.011,0.011
08.04.2021 08:30:46.448 GMT-0500,362.462,362.228,0.011,0.0075
08.04.2021 08:30:46.498 GMT-0500,362.463,362.097,0.011,0.011
08.04.2021 08:30:46.627 GMT-0500,362.44300000000004,362.097,0.011,0.011
08.04.2021 08:30:46.733 GMT-0500,362.463,362.097,0.011,0.011
08.04.2021 08:30:47.356 GMT-0500,362.44199999999995,362.098,0.0008,0.011
08.04.2021 08:30:47.407 GMT-0500,362.463,362.097,0.011,0.011
08.04.2021 08:30:47.734 GMT-0500,362.463,362.217,0.011,0.011
08.04.2021 08:30:47.784 GMT-0500,362.462,362.098,0.011,0.011
08.04.2021 08:30:49.087 GMT-0500,362.462,362.228,0.011,0.0008
08.04.2021 08:30:49.249 GMT-0500,362.463,362.097,0.011,0.011
08.04.2021 08:30:49.809 GMT-0500,362.463,362.227,0.011,0.011
08.04.2021 08:30:50.006 GMT-0500,362.463,362.097,0.011,0.011
08.04.2021 08:30:50.120 GMT-0500,362.463,362.227,0.011,0.011
08.04.2021 08:30:50.837 GMT-0500,362.462,362.098,0.011,0.011
08.04.2021 08:30:50.924 GMT-0500,362.462,362.228,0.011,0.0075
08.04.2021 08:30:51.025 GMT-0500,362.462,362.098,0.011,0.011
08.04.2021 08:30:51.206 GMT-0500,362.463,362.227,0.011,0.0075
08.04.2021 08:30:51.257 GMT-0500,362.463,362.097,0.011,0.011
08.04.2021 08:30:51.694 GMT-0500,362.463,362.23699999999997,0.011,0.0075
08.04.2021 08:30:51.949 GMT-0500,362.462,362.098,0.011,0.011
08.04.2021 08:30:52.320 GMT-0500,362.45300000000003,362.097,0.0008,0.011
08.04.2021 08:30:52.405 GMT-0500,362.462,362.098,0.011,0.011
08.04.2021 08:30:53.185 GMT-0500,362.463,362.227,0.011,0.011
08.04.2021 08:30:53.235 GMT-0500,362.462,362.098,0.011,0.011
08.04.2021 08:30:53.605 GMT-0500,362.463,362.18699999999995,0.011,0.0008
08.04.2021 08:30:54.823 GMT-0500,362.463,362.227,0.011,0.0008
08.04.2021 08:30:54.924 GMT-0500,362.462,362.18800000000005,0.011,0.011
08.04.2021 08:30:54.974 GMT-0500,362.37199999999996,362.18800000000005,0.011,0.011
08.04.2021 08:30:56.909 GMT-0500,362.472,362.18800000000005,0.011,0.011
08.04.2021 08:30:57.067 GMT-0500,362.462,362.18800000000005,0.0008,0.011
08.04.2021 08:30:57.524 GMT-0500,362.472,362.18800000000005,0.011,0.011
08.04.2021 08:30:57.704 GMT-0500,362.463,362.18699999999995,0.0075,0.011
08.04.2021 08:30:57.881 GMT-0500,362.472,362.18800000000005,0.011,0.011
08.04.2021 08:30:59.223 GMT-0500,362.473,362.227,0.011,0.0008
08.04.2021 08:31:00.035 GMT-0500,362.473,362.18699999999995,0.011,0.011
08.04.2021 08:31:01.934 GMT-0500,362.462,362.18800000000005,0.0008,0.011
08.04.2021 08:31:02.092 GMT-0500,362.472,362.18800000000005,0.011,0.011
08.04.2021 08:31:02.720 GMT-0500,362.463,362.18699999999995,0.0075,0.011
08.04.2021 08:31:04.371 GMT-0500,362.42300000000006,362.18699999999995,0.0075,0.011
08.04.2021 08:31:04.421 GMT-0500,362.272,360.57800000000003,0.0008,0.011
08.04.2021 08:31:04.522 GMT-0500,362.333,360.577,0.011,0.011
08.04.2021 08:31:04.633 GMT-0500,362.332,360.56800000000004,0.011,0.011
08.04.2021 08:31:04.683 GMT-0500,362.31199999999995,360.56800000000004,0.011,0.011
08.04.2021 08:31:04.734 GMT-0500,362.333,360.56699999999995,0.011,0.011
08.04.2021 08:31:04.964 GMT-0500,362.31199999999995,360.56800000000004,0.0008,0.011
08.04.2021 08:31:05.187 GMT-0500,362.31300000000005,360.577,0.011,0.011
08.04.2021 08:31:05.649 GMT-0500,362.31199999999995,360.69800000000004,0.011,0.0075
08.04.2021 08:31:06.094 GMT-0500,362.31199999999995,360.708,0.011,0.0008
08.04.2021 08:31:06.580 GMT-0500,362.292,360.708,0.011,0.011
08.04.2021 08:31:06.768 GMT-0500,362.333,360.707,0.011,0.011
08.04.2021 08:31:07.590 GMT-0500,362.333,360.717,0.011,0.0075
08.04.2021 08:31:08.653 GMT-0500,362.333,360.727,0.011,0.0008
08.04.2021 08:31:09.409 GMT-0500,362.333,362.207,0.011,0.0075
08.04.2021 08:31:09.459 GMT-0500,362.472,362.228,0.011,0.011
08.04.2021 08:31:10.119 GMT-0500,362.472,360.82800000000003,0.011,0.011
08.04.2021 08:31:10.206 GMT-0500,362.472,362.26800000000003,0.011,0.011
08.04.2021 08:31:10.256 GMT-0500,362.50199999999995,362.26800000000003,0.011,0.011
08.04.2021 08:31:10.952 GMT-0500,362.50300000000004,360.727,0.011,0.011
08.04.2021 08:31:11.027 GMT-0500,362.50300000000004,360.73699999999997,0.011,0.011
08.04.2021 08:31:11.398 GMT-0500,362.50199999999995,362.25800000000004,0.011,0.0008
08.04.2021 08:31:11.448 GMT-0500,362.50199999999995,362.158,0.011,0.011
08.04.2021 08:31:14.723 GMT-0500,362.50300000000004,362.407,0.0075,0.0008
08.04.2021 08:31:14.773 GMT-0500,362.74199999999996,362.408,0.011,0.011
08.04.2021 08:31:15.691 GMT-0500,362.74300000000005,362.157,0.011,0.011
08.04.2021 08:31:16.048 GMT-0500,362.74300000000005,362.167,0.011,0.0008
08.04.2021 08:31:16.184 GMT-0500,362.74199999999996,362.158,0.011,0.011
08.04.2021 08:31:16.599 GMT-0500,362.74199999999996,362.31800000000004,0.011,0.011
08.04.2021 08:31:17.989 GMT-0500,362.722,362.31800000000004,0.0075,0.011
08.04.2021 08:31:18.090 GMT-0500,362.74199999999996,362.31800000000004,0.011,0.011
08.04.2021 08:31:20.115 GMT-0500,362.773,362.31699999999995,0.011,0.011
08.04.2021 08:31:21.893 GMT-0500,362.70300000000003,362.31699999999995,0.0075,0.011
08.04.2021 08:31:23.266 GMT-0500,362.723,362.31699999999995,0.011,0.011
08.04.2021 08:31:23.374 GMT-0500,362.713,362.31699999999995,0.0008,0.011
08.04.2021 08:31:23.475 GMT-0500,362.712,362.348,0.011,0.011
08.04.2021 08:31:23.525 GMT-0500,362.712,362.31800000000004,0.011,0.011
08.04.2021 08:31:24.715 GMT-0500,362.51300000000003,362.31699999999995,0.0075,0.011
08.04.2021 08:31:24.765 GMT-0500,362.67300000000006,362.167,0.011,0.011
08.04.2021 08:31:24.819 GMT-0500,362.652,362.16800000000006,0.0008,0.011
08.04.2021 08:31:24.869 GMT-0500,362.67300000000006,362.167,0.011,0.011
08.04.2021 08:31:24.924 GMT-0500,362.652,362.16800000000006,0.0008,0.011
08.04.2021 08:31:25.068 GMT-0500,362.632,362.16800000000006,0.0008,0.011
08.04.2021 08:31:25.118 GMT-0500,362.67199999999997,362.16800000000006,0.011,0.011
08.04.2021 08:31:25.202 GMT-0500,362.653,362.167,0.011,0.011
08.04.2021 08:31:25.252 GMT-0500,362.67199999999997,362.16800000000006,0.011,0.011
08.04.2021 08:31:27.523 GMT-0500,362.70300000000003,362.167,0.011,0.011
08.04.2021 08:31:27.573 GMT-0500,362.50300000000004,362.167,0.011,0.011
08.04.2021 08:31:32.330 GMT-0500,362.67199999999997,362.16800000000006,0.011,0.011
08.04.2021 08:31:32.395 GMT-0500,362.50199999999995,362.16800000000006,0.0008,0.011
08.04.2021 08:31:33.569 GMT-0500,362.50300000000004,362.17699999999996,0.0008,0.0075
08.04.2021 08:31:33.619 GMT-0500,362.68199999999996,362.17800000000005,0.011,0.011
08.04.2021 08:31:33.670 GMT-0500,362.632,362.16800000000006,0.011,0.011
08.04.2021 08:31:33.809 GMT-0500,362.61300000000006,362.167,0.0008,0.011
08.04.2021 08:31:33.979 GMT-0500,362.632,362.16800000000006,0.011,0.011
08.04.2021 08:31:39.755 GMT-0500,362.63300000000004,362.507,0.0008,0.0075
08.04.2021 08:31:39.805 GMT-0500,362.67199999999997,362.16800000000006,0.011,0.011
08.04.2021 08:31:40.106 GMT-0500,362.67300000000006,362.417,0.0075,0.0008
08.04.2021 08:31:40.156 GMT-0500,362.80300000000005,362.167,0.011,0.011
08.04.2021 08:31:40.512 GMT-0500,362.80199999999996,362.17800000000005,0.011,0.0075
08.04.2021 08:31:40.613 GMT-0500,362.80300000000005,362.167,0.011,0.011
08.04.2021 08:31:40.725 GMT-0500,362.782,362.16800000000006,0.011,0.011
08.04.2021 08:31:42.336 GMT-0500,362.783,362.17699999999996,0.011,0.011
08.04.2021 08:31:42.489 GMT-0500,362.782,362.16800000000006,0.011,0.011
08.04.2021 08:31:43.569 GMT-0500,362.783,362.17699999999996,0.011,0.0075
08.04.2021 08:31:43.620 GMT-0500,362.86300000000006,362.167,0.011,0.011
08.04.2021 08:31:44.377 GMT-0500,362.86300000000006,362.17699999999996,0.011,0.0075
08.04.2021 08:31:44.478 GMT-0500,362.86300000000006,362.167,0.011,0.011
08.04.2021 08:31:45.280 GMT-0500,362.86300000000006,362.17699999999996,0.011,0.0008
08.04.2021 08:31:46.606 GMT-0500,362.86199999999997,362.18800000000005,0.011,0.0008
08.04.2021 08:31:46.707 GMT-0500,362.86300000000006,362.17699999999996,0.011,0.011
08.04.2021 08:31:47.361 GMT-0500,362.86300000000006,362.18699999999995,0.011,0.0008
08.04.2021 08:31:47.616 GMT-0500,362.86199999999997,362.17800000000005,0.011,0.011
08.04.2021 08:31:48.421 GMT-0500,362.86199999999997,362.18800000000005,0.011,0.0075
08.04.2021 08:31:48.923 GMT-0500,362.86199999999997,362.17800000000005,0.011,0.011
08.04.2021 08:31:50.191 GMT-0500,362.86199999999997,362.18800000000005,0.011,0.011
08.04.2021 08:31:50.312 GMT-0500,362.86300000000006,362.167,0.011,0.011
08.04.2021 08:31:51.946 GMT-0500,362.86199999999997,362.17800000000005,0.011,0.011
08.04.2021 08:31:52.650 GMT-0500,362.86199999999997,362.50800000000004,0.0008,0.0075
08.04.2021 08:31:52.700 GMT-0500,362.963,362.507,0.011,0.011
08.04.2021 08:31:52.801 GMT-0500,362.94300000000004,362.167,0.011,0.011
08.04.2021 08:31:53.375 GMT-0500,362.94300000000004,362.17699999999996,0.011,0.0075
08.04.2021 08:31:53.488 GMT-0500,362.852,362.16800000000006,0.011,0.011
08.04.2021 08:31:53.589 GMT-0500,362.86199999999997,362.75800000000004,0.011,0.011
08.04.2021 08:31:53.639 GMT-0500,363.033,362.167,0.011,0.011
08.04.2021 08:31:53.689 GMT-0500,362.962,362.16800000000006,0.011,0.011
08.04.2021 08:31:53.908 GMT-0500,362.962,362.17800000000005,0.011,0.0008
08.04.2021 08:31:54.012 GMT-0500,362.963,362.167,0.011,0.011
08.04.2021 08:31:54.384 GMT-0500,362.962,362.67800000000005,0.011,0.0075
08.04.2021 08:31:58.036 GMT-0500,363.663,362.92699999999996,0.011,0.011
08.04.2021 08:31:58.087 GMT-0500,363.13300000000004,362.727,0.011,0.011
08.04.2021 08:31:58.137 GMT-0500,363.20300000000003,362.73699999999997,0.011,0.011
08.04.2021 08:31:58.188 GMT-0500,363.19300000000004,362.73699999999997,0.011,0.011
08.04.2021 08:31:58.238 GMT-0500,363.19199999999995,362.728,0.011,0.011
08.04.2021 08:31:58.299 GMT-0500,363.212,363.06800000000004,0.011,0.011
08.04.2021 08:31:58.349 GMT-0500,364.022,363.06800000000004,0.011,0.011
08.04.2021 08:31:58.400 GMT-0500,364.023,362.947,0.011,0.011
08.04.2021 08:31:58.455 GMT-0500,363.202,362.94800000000004,0.011,0.011
08.04.2021 08:32:00.101 GMT-0500,364.01300000000003,362.707,0.011,0.011
08.04.2021 08:32:00.234 GMT-0500,363.20300000000003,362.707,0.0075,0.0008
08.04.2021 08:32:00.284 GMT-0500,363.202,362.69800000000004,0.011,0.011
08.04.2021 08:32:00.613 GMT-0500,364.012,362.69800000000004,0.011,0.011
08.04.2021 08:32:00.718 GMT-0500,363.202,362.69800000000004,0.011,0.011
08.04.2021 08:32:00.843 GMT-0500,363.163,362.697,0.0075,0.011
08.04.2021 08:32:00.944 GMT-0500,363.18199999999996,362.708,0.011,0.011
08.04.2021 08:32:01.048 GMT-0500,363.17300000000006,362.707,0.0008,0.011
08.04.2021 08:32:01.149 GMT-0500,363.17300000000006,362.98699999999997,0.011,0.011
08.04.2021 08:32:01.199 GMT-0500,363.17300000000006,362.717,0.011,0.011
08.04.2021 08:32:02.193 GMT-0500,363.17300000000006,362.697,0.011,0.011
08.04.2021 08:32:02.243 GMT-0500,363.17300000000006,362.707,0.011,0.011
08.04.2021 08:32:03.045 GMT-0500,363.17300000000006,362.767,0.011,0.0075
08.04.2021 08:32:04.569 GMT-0500,363.18300000000005,362.767,0.011,0.011
08.04.2021 08:32:04.683 GMT-0500,363.152,362.76800000000003,0.0008,0.011
08.04.2021 08:32:05.107 GMT-0500,363.152,362.958,0.0075,0.0008
08.04.2021 08:32:05.157 GMT-0500,363.18300000000005,362.777,0.011,0.011
08.04.2021 08:32:06.163 GMT-0500,363.18199999999996,362.76800000000003,0.011,0.011
08.04.2021 08:32:06.925 GMT-0500,363.18300000000005,363.037,0.011,0.0008
08.04.2021 08:32:06.975 GMT-0500,363.18300000000005,362.777,0.011,0.011
08.04.2021 08:32:07.930 GMT-0500,363.18199999999996,362.76800000000003,0.011,0.011
08.04.2021 08:32:10.124 GMT-0500,363.18199999999996,363.1,0.0008,0.0075
08.04.2021 08:32:10.174 GMT-0500,363.342,362.778,0.011,0.011
08.04.2021 08:32:11.007 GMT-0500,363.343,362.787,0.011,0.0075
08.04.2021 08:32:11.835 GMT-0500,363.342,362.99800000000005,0.011,0.0075
08.04.2021 08:32:11.886 GMT-0500,363.343,362.787,0.011,0.011
08.04.2021 08:32:12.470 GMT-0500,363.342,362.79800000000006,0.011,0.0008
08.04.2021 08:32:12.664 GMT-0500,363.32300000000004,362.787,0.011,0.011
08.04.2021 08:32:13.349 GMT-0500,363.32300000000004,362.79699999999997,0.011,0.0075
08.04.2021 08:32:13.560 GMT-0500,363.32300000000004,362.787,0.011,0.011
08.04.2021 08:32:14.094 GMT-0500,363.343,363.087,0.011,0.011
08.04.2021 08:32:14.145 GMT-0500,363.342,362.76800000000003,0.011,0.011
08.04.2021 08:32:14.917 GMT-0500,363.343,362.777,0.011,0.0008
08.04.2021 08:32:15.232 GMT-0500,363.342,362.76800000000003,0.011,0.011
08.04.2021 08:32:17.749 GMT-0500,363.343,362.777,0.011,0.0008
08.04.2021 08:32:19.025 GMT-0500,363.343,362.787,0.011,0.011
08.04.2021 08:32:20.792 GMT-0500,363.342,362.79800000000006,0.011,0.0075
08.04.2021 08:32:21.726 GMT-0500,363.343,362.80699999999996,0.011,0.0008
08.04.2021 08:32:21.965 GMT-0500,363.343,362.79699999999997,0.011,0.011
08.04.2021 08:32:23.054 GMT-0500,363.343,362.80699999999996,0.011,0.0008
08.04.2021 08:32:23.720 GMT-0500,363.343,362.81699999999995,0.011,0.011
08.04.2021 08:32:24.071 GMT-0500,363.342,362.80800000000005,0.011,0.011
08.04.2021 08:32:24.776 GMT-0500,363.343,362.81699999999995,0.011,0.0075
08.04.2021 08:32:24.973 GMT-0500,363.343,362.80699999999996,0.011,0.011
08.04.2021 08:32:25.266 GMT-0500,363.952,363.038,0.011,0.011
08.04.2021 08:32:25.398 GMT-0500,363.402,363.038,0.0008,0.011
08.04.2021 08:32:28.274 GMT-0500,363.43199999999996,363.038,0.011,0.011
08.04.2021 08:32:28.324 GMT-0500,363.30300000000005,363.037,0.011,0.011
08.04.2021 08:32:31.032 GMT-0500,363.30199999999996,362.778,0.011,0.011
08.04.2021 08:32:31.087 GMT-0500,363.30300000000005,363.027,0.011,0.0075
08.04.2021 08:32:31.137 GMT-0500,363.30300000000005,362.777,0.011,0.011
08.04.2021 08:32:31.289 GMT-0500,363.30199999999996,363.038,0.011,0.0008
08.04.2021 08:32:31.339 GMT-0500,363.18300000000005,362.777,0.011,0.011
08.04.2021 08:32:31.390 GMT-0500,363.18300000000005,362.767,0.011,0.011
08.04.2021 08:32:31.829 GMT-0500,363.18199999999996,362.778,0.011,0.0008
08.04.2021 08:32:32.427 GMT-0500,363.18199999999996,363.06800000000004,0.011,0.011
08.04.2021 08:32:32.478 GMT-0500,363.283,363.06699999999995,0.011,0.011
08.04.2021 08:32:33.000 GMT-0500,363.29300000000006,363.06699999999995,0.011,0.011
08.04.2021 08:32:33.609 GMT-0500,363.412,363.088,0.011,0.011
08.04.2021 08:32:34.060 GMT-0500,363.94300000000004,363.06699999999995,0.011,0.011
08.04.2021 08:32:34.182 GMT-0500,363.34000000000003,363.06800000000004,0.0075,0.011
08.04.2021 08:32:36.951 GMT-0500,363.273,362.79699999999997,0.011,0.011
08.04.2021 08:32:37.051 GMT-0500,363.653,362.957,0.011,0.011
08.04.2021 08:32:37.104 GMT-0500,363.94199999999995,362.958,0.011,0.011
08.04.2021 08:32:37.270 GMT-0500,363.26800000000003,362.958,0.0008,0.011
08.04.2021 08:32:41.875 GMT-0500,363.18300000000005,362.957,0.0008,0.0075
08.04.2021 08:32:41.926 GMT-0500,363.19300000000004,362.767,0.011,0.011
08.04.2021 08:32:42.026 GMT-0500,363.18300000000005,362.767,0.011,0.011
08.04.2021 08:32:42.127 GMT-0500,363.162,362.76800000000003,0.011,0.011
08.04.2021 08:32:42.593 GMT-0500,363.14300000000003,362.767,0.0075,0.011
08.04.2021 08:32:42.644 GMT-0500,363.222,362.76800000000003,0.011,0.011
08.04.2021 08:32:42.729 GMT-0500,363.033,362.767,0.011,0.011
08.04.2021 08:32:42.779 GMT-0500,363.17300000000006,362.767,0.011,0.011
08.04.2021 08:32:42.829 GMT-0500,363.162,362.76800000000003,0.011,0.011
08.04.2021 08:32:42.930 GMT-0500,363.44199999999995,362.76800000000003,0.011,0.011
08.04.2021 08:32:42.980 GMT-0500,363.153,362.767,0.011,0.011
08.04.2021 08:32:43.698 GMT-0500,363.12199999999996,362.76800000000003,0.0008,0.011
08.04.2021 08:32:44.186 GMT-0500,363.152,362.76800000000003,0.011,0.011
08.04.2021 08:32:45.675 GMT-0500,363.032,362.76800000000003,0.0008,0.011
08.04.2021 08:33:00.826 GMT-0500,363.033,362.777,0.0075,0.0008
08.04.2021 08:33:00.876 GMT-0500,363.142,362.778,0.011,0.011
08.04.2021 08:33:01.893 GMT-0500,363.14300000000003,362.767,0.011,0.011
08.04.2021 08:33:02.495 GMT-0500,363.142,362.51800000000003,0.011,0.011
08.04.2021 08:33:03.681 GMT-0500,363.14300000000003,362.527,0.011,0.011
08.04.2021 08:33:05.661 GMT-0500,363.142,362.538,0.011,0.011
08.04.2021 08:33:06.474 GMT-0500,363.142,362.54800000000006,0.011,0.0008
08.04.2021 08:33:07.698 GMT-0500,363.14300000000003,362.55699999999996,0.011,0.0075
08.04.2021 08:33:08.123 GMT-0500,363.14300000000003,362.54699999999997,0.011,0.011
08.04.2021 08:33:08.766 GMT-0500,363.142,362.55800000000005,0.011,0.0075
08.04.2021 08:33:09.066 GMT-0500,363.14300000000003,362.54699999999997,0.011,0.011
08.04.2021 08:33:09.841 GMT-0500,363.142,362.55800000000005,0.011,0.0008
08.04.2021 08:33:10.350 GMT-0500,363.14300000000003,362.86699999999996,0.011,0.0008
08.04.2021 08:33:10.451 GMT-0500,363.14300000000003,362.54699999999997,0.011,0.011
08.04.2021 08:33:11.271 GMT-0500,363.14300000000003,362.55699999999996,0.011,0.0075
08.04.2021 08:33:11.748 GMT-0500,363.142,362.87800000000004,0.011,0.0008
08.04.2021 08:33:11.798 GMT-0500,363.142,362.55800000000005,0.011,0.011
08.04.2021 08:33:13.090 GMT-0500,363.142,362.56800000000004,0.011,0.0075
08.04.2021 08:33:13.420 GMT-0500,363.142,362.55800000000005,0.011,0.011
08.04.2021 08:33:15.341 GMT-0500,363.14300000000003,362.847,0.011,0.0008
08.04.2021 08:33:15.897 GMT-0500,363.142,362.85800000000006,0.011,0.0075
08.04.2021 08:33:16.007 GMT-0500,363.142,362.86800000000005,0.011,0.0008
08.04.2021 08:33:16.374 GMT-0500,363.382,363.04800000000006,0.011,0.011
08.04.2021 08:33:17.979 GMT-0500,363.38300000000004,363.147,0.011,0.0008
08.04.2021 08:33:18.029 GMT-0500,363.37300000000005,363.04699999999997,0.011,0.011
08.04.2021 08:33:18.080 GMT-0500,363.38300000000004,363.04699999999997,0.011,0.011
08.04.2021 08:33:18.880 GMT-0500,363.382,362.55800000000005,0.011,0.011
08.04.2021 08:33:18.956 GMT-0500,363.38300000000004,363.097,0.011,0.0075
08.04.2021 08:33:19.106 GMT-0500,363.37300000000005,363.097,0.011,0.011
08.04.2021 08:33:19.157 GMT-0500,363.38300000000004,363.097,0.011,0.011
08.04.2021 08:33:20.788 GMT-0500,363.382,363.24800000000005,0.0075,0.0008
08.04.2021 08:33:20.838 GMT-0500,363.42300000000006,363.097,0.011,0.011
08.04.2021 08:33:21.073 GMT-0500,363.20300000000003,362.55699999999996,0.011,0.011
08.04.2021 08:33:21.124 GMT-0500,363.342,362.538,0.011,0.011
08.04.2021 08:33:21.174 GMT-0500,363.343,363.077,0.011,0.011
08.04.2021 08:33:21.730 GMT-0500,363.403,362.43699999999995,0.011,0.011
08.04.2021 08:33:21.884 GMT-0500,363.39300000000003,362.43699999999995,0.0075,0.011
08.04.2021 08:33:21.934 GMT-0500,363.403,362.43699999999995,0.011,0.011
08.04.2021 08:33:22.281 GMT-0500,363.392,362.43800000000005,0.011,0.011
08.04.2021 08:33:22.430 GMT-0500,363.402,363.07800000000003,0.011,0.0008
08.04.2021 08:33:22.481 GMT-0500,363.403,362.43699999999995,0.011,0.011
08.04.2021 08:33:22.541 GMT-0500,363.30199999999996,362.43800000000005,0.0008,0.011
08.04.2021 08:33:22.720 GMT-0500,363.292,362.44800000000004,0.0008,0.0008
08.04.2021 08:33:22.871 GMT-0500,363.292,362.43800000000005,0.011,0.011
08.04.2021 08:33:23.092 GMT-0500,363.30199999999996,362.43800000000005,0.011,0.011
08.04.2021 08:33:23.263 GMT-0500,363.30199999999996,362.44800000000004,0.011,0.0075
08.04.2021 08:33:23.364 GMT-0500,363.30199999999996,363.06800000000004,0.011,0.011
08.04.2021 08:33:25.034 GMT-0500,363.292,363.06800000000004,0.011,0.011
08.04.2021 08:33:25.135 GMT-0500,363.30300000000005,363.087,0.011,0.011
08.04.2021 08:33:25.185 GMT-0500,363.30300000000005,362.457,0.011,0.011
08.04.2021 08:33:25.257 GMT-0500,363.30300000000005,363.032,0.011,0.0075
08.04.2021 08:33:25.357 GMT-0500,363.30199999999996,362.458,0.011,0.011
08.04.2021 08:33:25.431 GMT-0500,363.30199999999996,363.035,0.011,0.0008
08.04.2021 08:33:26.469 GMT-0500,363.30199999999996,362.458,0.011,0.011
08.04.2021 08:33:26.691 GMT-0500,363.30300000000005,363.035,0.011,0.0008
08.04.2021 08:33:26.741 GMT-0500,363.93199999999996,363.088,0.011,0.011
08.04.2021 08:33:26.792 GMT-0500,363.94300000000004,363.087,0.011,0.011
08.04.2021 08:33:26.842 GMT-0500,363.39300000000003,363.087,0.011,0.011
08.04.2021 08:33:27.383 GMT-0500,363.39300000000003,363.097,0.011,0.011
08.04.2021 08:33:27.489 GMT-0500,363.39300000000003,363.087,0.011,0.011
08.04.2021 08:33:27.585 GMT-0500,363.392,363.098,0.011,0.0075
08.04.2021 08:33:27.752 GMT-0500,363.39300000000003,362.43699999999995,0.011,0.011
08.04.2021 08:33:28.463 GMT-0500,363.392,362.44800000000004,0.011,0.011
08.04.2021 08:33:28.809 GMT-0500,363.39300000000003,363.077,0.011,0.0008
08.04.2021 08:33:29.166 GMT-0500,363.392,362.44800000000004,0.011,0.011
08.04.2021 08:33:31.051 GMT-0500,363.392,362.458,0.011,0.0075
08.04.2021 08:33:33.004 GMT-0500,363.39300000000003,363.077,0.011,0.0075
08.04.2021 08:33:33.055 GMT-0500,363.392,362.458,0.011,0.011
08.04.2021 08:33:33.199 GMT-0500,363.392,363.07800000000003,0.011,0.0075
08.04.2021 08:33:36.138 GMT-0500,363.392,363.148,0.011,0.0008
08.04.2021 08:33:36.482 GMT-0500,363.392,363.158,0.011,0.0075
08.04.2021 08:33:37.091 GMT-0500,363.392,362.458,0.011,0.011
08.04.2021 08:33:37.142 GMT-0500,363.392,362.468,0.011,0.011
08.04.2021 08:33:37.243 GMT-0500,363.39300000000003,362.447,0.011,0.011
08.04.2021 08:33:37.293 GMT-0500,363.36199999999997,362.44800000000004,0.011,0.011
08.04.2021 08:33:37.905 GMT-0500,363.36199999999997,362.458,0.011,0.0008
08.04.2021 08:33:38.740 GMT-0500,363.36300000000006,362.467,0.011,0.011
08.04.2021 08:33:38.968 GMT-0500,363.29300000000006,362.447,0.0075,0.011
08.04.2021 08:33:39.319 GMT-0500,363.29300000000006,362.457,0.011,0.0008
08.04.2021 08:33:39.753 GMT-0500,363.283,362.777,0.011,0.011
08.04.2021 08:33:40.270 GMT-0500,363.273,362.777,0.011,0.011
08.04.2021 08:33:40.390 GMT-0500,363.292,362.778,0.011,0.011
08.04.2021 08:33:40.695 GMT-0500,363.272,362.778,0.0008,0.011
08.04.2021 08:33:40.745 GMT-0500,363.283,362.777,0.011,0.011
08.04.2021 08:33:40.840 GMT-0500,363.272,362.778,0.0008,0.011
08.04.2021 08:33:41.041 GMT-0500,363.262,362.778,0.0075,0.011
08.04.2021 08:33:41.463 GMT-0500,363.29300000000006,362.777,0.011,0.011
08.04.2021 08:33:42.098 GMT-0500,363.343,362.777,0.011,0.011
08.04.2021 08:33:42.148 GMT-0500,363.32300000000004,362.777,0.011,0.011
08.04.2021 08:33:42.254 GMT-0500,363.30199999999996,362.778,0.011,0.011
08.04.2021 08:33:42.903 GMT-0500,363.29300000000006,362.777,0.0008,0.011
08.04.2021 08:33:43.025 GMT-0500,363.283,362.777,0.0008,0.011
08.04.2021 08:33:43.258 GMT-0500,363.29300000000006,362.777,0.011,0.011
08.04.2021 08:33:45.577 GMT-0500,363.26300000000003,362.777,0.0075,0.011
08.04.2021 08:33:46.111 GMT-0500,363.25300000000004,362.777,0.0075,0.011
08.04.2021 08:33:46.161 GMT-0500,363.26300000000003,362.777,0.011,0.011
08.04.2021 08:33:46.216 GMT-0500,363.25199999999995,362.778,0.0075,0.011
08.04.2021 08:33:46.611 GMT-0500,363.26300000000003,362.777,0.011,0.011
08.04.2021 08:33:46.677 GMT-0500,363.25300000000004,362.777,0.0075,0.011
08.04.2021 08:33:46.728 GMT-0500,363.262,362.778,0.011,0.011
08.04.2021 08:33:47.029 GMT-0500,363.24199999999996,362.778,0.011,0.011
08.04.2021 08:33:47.669 GMT-0500,363.23300000000006,362.777,0.0008,0.011
08.04.2021 08:33:47.988 GMT-0500,363.24300000000005,362.777,0.011,0.011
08.04.2021 08:33:48.077 GMT-0500,363.223,362.777,0.011,0.011
08.04.2021 08:33:48.127 GMT-0500,363.23300000000006,362.777,0.011,0.011
08.04.2021 08:33:48.556 GMT-0500,363.212,362.778,0.011,0.011
08.04.2021 08:33:49.151 GMT-0500,363.24300000000005,362.777,0.011,0.011
08.04.2021 08:33:52.109 GMT-0500,363.222,362.778,0.0075,0.011
08.04.2021 08:33:52.159 GMT-0500,363.23199999999997,362.778,0.011,0.011
08.04.2021 08:33:52.643 GMT-0500,363.24199999999996,362.778,0.011,0.011
08.04.2021 08:33:57.024 GMT-0500,363.24300000000005,362.787,0.011,0.0008
08.04.2021 08:33:59.101 GMT-0500,363.332,362.788,0.011,0.011
08.04.2021 08:33:59.539 GMT-0500,363.25300000000004,362.787,0.0008,0.011
08.04.2021 08:33:59.722 GMT-0500,363.25199999999995,362.79800000000006,0.011,0.0008
08.04.2021 08:33:59.822 GMT-0500,363.25199999999995,362.788,0.011,0.011
08.04.2021 08:34:00.706 GMT-0500,363.523,363.137,0.011,0.011
08.04.2021 08:34:00.756 GMT-0500,363.51300000000003,363.097,0.011,0.011
08.04.2021 08:34:00.807 GMT-0500,363.523,363.137,0.011,0.011
08.04.2021 08:34:00.857 GMT-0500,363.94300000000004,363.23699999999997,0.011,0.011
08.04.2021 08:34:00.907 GMT-0500,363.94300000000004,363.24699999999996,0.011,0.011
08.04.2021 08:34:01.049 GMT-0500,363.42199999999997,363.24800000000005,0.011,0.011
08.04.2021 08:34:01.181 GMT-0500,363.42199999999997,363.148,0.011,0.011
08.04.2021 08:34:01.899 GMT-0500,363.42199999999997,362.778,0.011,0.011
08.04.2021 08:34:02.135 GMT-0500,363.42300000000006,362.787,0.011,0.0075
08.04.2021 08:34:02.235 GMT-0500,363.42199999999997,362.778,0.011,0.011
08.04.2021 08:34:03.024 GMT-0500,363.42300000000006,362.787,0.011,0.0075
08.04.2021 08:34:04.792 GMT-0500,363.42300000000006,363.097,0.011,0.0008
08.04.2021 08:34:04.842 GMT-0500,363.42199999999997,362.778,0.011,0.011
08.04.2021 08:34:05.653 GMT-0500,363.42300000000006,362.787,0.011,0.0008
08.04.2021 08:34:05.754 GMT-0500,363.42300000000006,362.777,0.011,0.011
08.04.2021 08:34:07.499 GMT-0500,363.42300000000006,362.787,0.011,0.011
08.04.2021 08:34:07.682 GMT-0500,363.42300000000006,362.777,0.011,0.011
08.04.2021 08:34:08.203 GMT-0500,363.42300000000006,362.787,0.011,0.0008
08.04.2021 08:34:08.254 GMT-0500,363.42199999999997,362.778,0.011,0.011
08.04.2021 08:34:08.798 GMT-0500,363.42300000000006,362.787,0.011,0.0075
08.04.2021 08:34:09.483 GMT-0500,363.42199999999997,363.098,0.0075,0.0008
08.04.2021 08:34:09.944 GMT-0500,363.36300000000006,363.11699999999996,0.011,0.0075
08.04.2021 08:34:10.828 GMT-0500,363.36199999999997,363.208,0.0075,0.0008
08.04.2021 08:34:10.878 GMT-0500,363.93300000000005,363.397,0.011,0.011
08.04.2021 08:34:10.929 GMT-0500,363.94199999999995,363.29800000000006,0.011,0.011
08.04.2021 08:34:10.979 GMT-0500,363.62199999999996,363.29800000000006,0.011,0.011
08.04.2021 08:34:11.110 GMT-0500,363.94300000000004,363.527,0.011,0.011
08.04.2021 08:34:11.870 GMT-0500,363.93300000000005,363.29699999999997,0.0075,0.011
08.04.2021 08:34:12.137 GMT-0500,363.94199999999995,363.29800000000006,0.011,0.011
08.04.2021 08:34:12.822 GMT-0500,363.93199999999996,363.29800000000006,0.0075,0.011
08.04.2021 08:34:13.017 GMT-0500,363.94199999999995,363.29800000000006,0.011,0.011
08.04.2021 08:34:13.596 GMT-0500,363.63300000000004,363.29699999999997,0.011,0.011
08.04.2021 08:34:13.830 GMT-0500,363.63300000000004,363.327,0.011,0.0075
08.04.2021 08:34:14.781 GMT-0500,363.63300000000004,363.347,0.011,0.0008
08.04.2021 08:34:15.473 GMT-0500,363.93199999999996,363.44800000000004,0.011,0.011
08.04.2021 08:34:15.577 GMT-0500,363.94199999999995,363.44800000000004,0.011,0.011
08.04.2021 08:34:15.627 GMT-0500,363.94300000000004,363.457,0.011,0.011
08.04.2021 08:34:16.196 GMT-0500,363.93300000000005,363.467,0.0075,0.0008
08.04.2021 08:34:16.247 GMT-0500,363.93199999999996,363.42800000000005,0.011,0.011
08.04.2021 08:34:16.441 GMT-0500,363.75199999999995,363.42800000000005,0.0008,0.011
08.04.2021 08:34:16.492 GMT-0500,363.93300000000005,363.30699999999996,0.011,0.011
08.04.2021 08:34:16.599 GMT-0500,363.93300000000005,363.62699999999995,0.011,0.011
08.04.2021 08:34:17.569 GMT-0500,363.93300000000005,363.767,0.0075,0.0008
08.04.2021 08:34:17.619 GMT-0500,364.44300000000004,363.837,0.011,0.011
08.04.2021 08:34:17.670 GMT-0500,364.43199999999996,363.29800000000006,0.011,0.011
08.04.2021 08:34:17.720 GMT-0500,364.45300000000003,363.62699999999995,0.011,0.011
08.04.2021 08:34:18.267 GMT-0500,364.333,363.62699999999995,0.0075,0.011
08.04.2021 08:34:19.162 GMT-0500,364.20300000000003,363.62699999999995,0.0008,0.011
08.04.2021 08:34:19.436 GMT-0500,364.06199999999995,363.62800000000004,0.011,0.011
08.04.2021 08:34:19.486 GMT-0500,364.18300000000005,363.62699999999995,0.011,0.011
08.04.2021 08:34:19.593 GMT-0500,364.452,363.62800000000004,0.011,0.011
08.04.2021 08:34:20.059 GMT-0500,364.07300000000004,363.62699999999995,0.011,0.011
08.04.2021 08:34:21.414 GMT-0500,364.07300000000004,363.667,0.011,0.0075
08.04.2021 08:34:22.743 GMT-0500,364.45300000000003,363.68699999999995,0.011,0.011
08.04.2021 08:34:23.519 GMT-0500,364.032,363.68800000000005,0.0075,0.011
08.04.2021 08:34:25.397 GMT-0500,364.012,363.658,0.011,0.011
08.04.2021 08:34:25.504 GMT-0500,363.93199999999996,363.658,0.0075,0.011
08.04.2021 08:34:30.114 GMT-0500,363.93199999999996,363.67800000000005,0.011,0.0075
08.04.2021 08:34:31.191 GMT-0500,363.93300000000005,363.657,0.011,0.011
08.04.2021 08:34:36.444 GMT-0500,363.75199999999995,363.577,0.0075,0.0008
08.04.2021 08:34:36.495 GMT-0500,363.94199999999995,363.30800000000005,0.011,0.011
08.04.2021 08:34:36.545 GMT-0500,363.92300000000006,363.30699999999996,0.011,0.011
08.04.2021 08:34:36.857 GMT-0500,363.94199999999995,363.30800000000005,0.011,0.011
08.04.2021 08:34:37.107 GMT-0500,363.902,363.30800000000005,0.011,0.011
08.04.2021 08:34:37.243 GMT-0500,363.903,363.31699999999995,0.011,0.011
08.04.2021 08:34:37.351 GMT-0500,363.74300000000005,363.31699999999995,0.0075,0.011
08.04.2021 08:34:37.401 GMT-0500,364.45300000000003,363.30699999999996,0.011,0.011
08.04.2021 08:34:37.451 GMT-0500,364.44199999999995,363.30800000000005,0.011,0.011
08.04.2021 08:34:39.157 GMT-0500,363.833,363.30699999999996,0.011,0.011
08.04.2021 08:34:39.787 GMT-0500,363.832,363.408,0.011,0.0075
08.04.2021 08:34:39.889 GMT-0500,363.832,363.41800000000006,0.011,0.0075
08.04.2021 08:34:39.990 GMT-0500,363.832,363.478,0.011,0.011
08.04.2021 08:34:40.669 GMT-0500,363.832,363.30800000000005,0.011,0.011
08.04.2021 08:34:42.656 GMT-0500,363.832,363.398,0.011,0.011
08.04.2021 08:34:43.636 GMT-0500,363.832,363.30800000000005,0.011,0.011
08.04.2021 08:34:47.132 GMT-0500,363.973,363.407,0.011,0.011
08.04.2021 08:34:47.233 GMT-0500,363.595,363.407,0.0075,0.011
08.04.2021 08:34:47.814 GMT-0500,363.64300000000003,363.30699999999996,0.011,0.011
08.04.2021 08:34:47.904 GMT-0500,363.64300000000003,363.467,0.0008,0.0075
08.04.2021 08:34:47.954 GMT-0500,363.663,363.30699999999996,0.011,0.011
08.04.2021 08:34:48.546 GMT-0500,363.662,363.408,0.011,0.0075
08.04.2021 08:34:49.001 GMT-0500,363.663,363.417,0.011,0.0008
08.04.2021 08:34:49.052 GMT-0500,363.663,363.30699999999996,0.011,0.011
08.04.2021 08:34:49.277 GMT-0500,363.663,363.447,0.011,0.0008
08.04.2021 08:34:49.328 GMT-0500,363.663,363.30699999999996,0.011,0.011
08.04.2021 08:34:49.462 GMT-0500,363.662,363.408,0.011,0.0008
08.04.2021 08:34:50.428 GMT-0500,363.963,363.407,0.011,0.011
08.04.2021 08:34:50.479 GMT-0500,363.88300000000004,363.30699999999996,0.011,0.011
08.04.2021 08:34:51.133 GMT-0500,363.88300000000004,363.49699999999996,0.011,0.0075
08.04.2021 08:34:51.234 GMT-0500,363.88300000000004,363.48699999999997,0.011,0.011
08.04.2021 08:34:51.284 GMT-0500,363.882,363.49800000000005,0.011,0.011
08.04.2021 08:34:51.334 GMT-0500,363.88300000000004,363.30699999999996,0.011,0.011
08.04.2021 08:34:51.522 GMT-0500,363.88300000000004,363.477,0.011,0.0075
08.04.2021 08:34:52.291 GMT-0500,363.882,363.49800000000005,0.011,0.0075
08.04.2021 08:34:52.341 GMT-0500,363.882,363.30800000000005,0.011,0.011
08.04.2021 08:34:52.875 GMT-0500,363.882,363.31800000000004,0.011,0.0075
08.04.2021 08:34:53.180 GMT-0500,363.88300000000004,363.30699999999996,0.011,0.011
08.04.2021 08:34:57.122 GMT-0500,363.882,363.31800000000004,0.011,0.011
08.04.2021 08:34:57.172 GMT-0500,363.882,363.30800000000005,0.011,0.011
08.04.2021 08:34:57.226 GMT-0500,363.853,363.30699999999996,0.011,0.011
08.04.2021 08:34:57.277 GMT-0500,363.882,363.30800000000005,0.011,0.011
08.04.2021 08:34:57.336 GMT-0500,363.843,363.49699999999996,0.0075,0.0075
08.04.2021 08:34:57.462 GMT-0500,363.852,363.30800000000005,0.011,0.011
08.04.2021 08:34:57.611 GMT-0500,363.852,363.49800000000005,0.011,0.011
08.04.2021 08:34:57.661 GMT-0500,363.822,363.30800000000005,0.011,0.011
08.04.2021 08:34:57.762 GMT-0500,363.81199999999995,363.30800000000005,0.0008,0.011
08.04.2021 08:34:58.055 GMT-0500,363.852,363.30800000000005,0.011,0.011
08.04.2021 08:34:58.156 GMT-0500,363.772,362.908,0.011,0.011
08.04.2021 08:34:58.547 GMT-0500,363.773,362.917,0.011,0.0075
08.04.2021 08:34:58.822 GMT-0500,363.75300000000004,362.917,0.0008,0.011
08.04.2021 08:34:58.873 GMT-0500,363.75199999999995,362.908,0.011,0.011
08.04.2021 08:34:58.993 GMT-0500,363.99300000000005,362.907,0.011,0.011
08.04.2021 08:34:59.100 GMT-0500,363.99199999999996,363.468,0.011,0.0075
08.04.2021 08:35:00.090 GMT-0500,363.842,363.468,0.0075,0.011
08.04.2021 08:35:00.140 GMT-0500,363.99199999999996,363.468,0.011,0.011
08.04.2021 08:35:00.190 GMT-0500,363.98300000000006,363.467,0.011,0.011
08.04.2021 08:35:00.291 GMT-0500,363.99300000000005,363.467,0.011,0.011
08.04.2021 08:35:00.341 GMT-0500,363.99300000000005,363.48699999999997,0.011,0.011
08.04.2021 08:35:00.531 GMT-0500,363.852,363.50800000000004,0.0075,0.0075
08.04.2021 08:35:00.654 GMT-0500,363.853,363.527,0.011,0.011
08.04.2021 08:35:00.885 GMT-0500,363.852,363.792,0.0075,0.0008
08.04.2021 08:35:00.935 GMT-0500,363.99300000000005,363.537,0.011,0.011
08.04.2021 08:35:01.332 GMT-0500,363.99199999999996,363.49800000000005,0.011,0.011
08.04.2021 08:35:03.966 GMT-0500,363.99300000000005,363.05699999999996,0.011,0.011
08.04.2021 08:35:05.318 GMT-0500,363.87199999999996,363.05800000000005,0.0008,0.011
08.04.2021 08:35:05.849 GMT-0500,363.87199999999996,363.48800000000006,0.011,0.0008
08.04.2021 08:35:05.908 GMT-0500,363.962,363.05800000000005,0.011,0.011
08.04.2021 08:35:05.959 GMT-0500,363.82300000000004,363.05699999999996,0.011,0.011
08.04.2021 08:35:06.070 GMT-0500,363.962,363.48800000000006,0.011,0.011
08.04.2021 08:35:06.120 GMT-0500,363.99300000000005,363.507,0.011,0.011
08.04.2021 08:35:06.170 GMT-0500,363.962,363.50800000000004,0.011,0.011
08.04.2021 08:35:06.611 GMT-0500,363.73300000000006,363.507,0.0008,0.011
08.04.2021 08:35:06.711 GMT-0500,363.73199999999997,363.49800000000005,0.011,0.011
08.04.2021 08:35:06.762 GMT-0500,363.73300000000006,363.517,0.011,0.011
08.04.2021 08:35:06.820 GMT-0500,363.73300000000006,363.507,0.011,0.011
08.04.2021 08:35:06.937 GMT-0500,363.73199999999997,363.478,0.011,0.011
08.04.2021 08:35:07.844 GMT-0500,363.73300000000006,363.60699999999997,0.0008,0.0075
08.04.2021 08:35:07.895 GMT-0500,363.952,363.54800000000006,0.011,0.011
08.04.2021 08:35:09.764 GMT-0500,363.94300000000004,363.54699999999997,0.011,0.011
08.04.2021 08:35:09.865 GMT-0500,363.80199999999996,363.54800000000006,0.011,0.011
08.04.2021 08:35:09.985 GMT-0500,363.80300000000005,363.577,0.011,0.011
08.04.2021 08:35:11.495 GMT-0500,363.80300000000005,363.54699999999997,0.011,0.011
08.04.2021 08:35:12.241 GMT-0500,363.80300000000005,363.56699999999995,0.011,0.011
08.04.2021 08:35:12.292 GMT-0500,363.80300000000005,363.54699999999997,0.011,0.011
08.04.2021 08:35:12.462 GMT-0500,363.80300000000005,363.56699999999995,0.011,0.0075
08.04.2021 08:35:13.358 GMT-0500,363.80300000000005,363.54699999999997,0.011,0.011
08.04.2021 08:35:13.417 GMT-0500,363.80300000000005,363.56699999999995,0.011,0.0008
08.04.2021 08:35:16.067 GMT-0500,363.80199999999996,363.54800000000006,0.011,0.011
08.04.2021 08:35:16.317 GMT-0500,363.80199999999996,363.56800000000004,0.011,0.0008
08.04.2021 08:35:16.368 GMT-0500,363.80300000000005,363.54699999999997,0.011,0.011
08.04.2021 08:35:18.472 GMT-0500,363.80300000000005,363.597,0.011,0.0075
08.04.2021 08:35:19.117 GMT-0500,363.80199999999996,363.54800000000006,0.011,0.011
08.04.2021 08:35:20.426 GMT-0500,363.792,363.54800000000006,0.0008,0.011
08.04.2021 08:35:20.476 GMT-0500,363.74300000000005,362.917,0.011,0.011
08.04.2021 08:35:20.727 GMT-0500,363.762,362.908,0.0008,0.011
08.04.2021 08:35:21.048 GMT-0500,363.762,362.91800000000006,0.011,0.011
08.04.2021 08:35:21.149 GMT-0500,363.76300000000003,362.907,0.011,0.011
08.04.2021 08:35:21.199 GMT-0500,363.75300000000004,362.907,0.0075,0.011
08.04.2021 08:35:21.725 GMT-0500,363.702,362.908,0.011,0.011
08.04.2021 08:35:22.345 GMT-0500,363.702,362.91800000000006,0.011,0.011
08.04.2021 08:35:22.455 GMT-0500,363.702,362.908,0.011,0.011
08.04.2021 08:35:23.122 GMT-0500,363.70300000000003,362.917,0.011,0.011
08.04.2021 08:35:23.813 GMT-0500,363.702,363.30800000000005,0.011,0.0008
08.04.2021 08:35:23.914 GMT-0500,363.70300000000003,362.907,0.011,0.011
08.04.2021 08:35:24.009 GMT-0500,363.70300000000003,363.29699999999997,0.011,0.0008
08.04.2021 08:35:24.059 GMT-0500,363.70300000000003,362.907,0.011,0.011
08.04.2021 08:35:24.162 GMT-0500,363.702,363.29800000000006,0.011,0.011
08.04.2021 08:35:24.212 GMT-0500,363.702,362.908,0.011,0.011
08.04.2021 08:35:24.274 GMT-0500,363.702,363.30800000000005,0.011,0.0075
08.04.2021 08:35:24.324 GMT-0500,363.702,362.908,0.011,0.011
08.04.2021 08:35:24.420 GMT-0500,363.702,363.30800000000005,0.011,0.0008
08.04.2021 08:35:24.471 GMT-0500,363.702,362.908,0.011,0.011
08.04.2021 08:35:24.558 GMT-0500,363.702,363.30800000000005,0.011,0.0008
08.04.2021 08:35:24.658 GMT-0500,363.702,362.908,0.011,0.011
08.04.2021 08:35:25.065 GMT-0500,363.70300000000003,363.30699999999996,0.011,0.0075
08.04.2021 08:35:25.115 GMT-0500,363.70300000000003,362.907,0.011,0.011
08.04.2021 08:35:25.191 GMT-0500,363.702,363.31800000000004,0.011,0.0008
08.04.2021 08:35:25.521 GMT-0500,363.70300000000003,362.907,0.011,0.011
08.04.2021 08:35:26.041 GMT-0500,363.95300000000003,362.917,0.011,0.011
08.04.2021 08:35:26.194 GMT-0500,363.653,362.907,0.011,0.011
08.04.2021 08:35:26.323 GMT-0500,363.583,362.907,0.0075,0.011
08.04.2021 08:35:26.374 GMT-0500,363.652,362.908,0.011,0.011
08.04.2021 08:35:26.572 GMT-0500,363.653,363.29699999999997,0.011,0.0075
08.04.2021 08:35:26.723 GMT-0500,363.652,363.30800000000005,0.011,0.011
08.04.2021 08:35:26.773 GMT-0500,363.99199999999996,363.29800000000006,0.011,0.011
08.04.2021 08:35:26.854 GMT-0500,363.64300000000003,363.30699999999996,0.0075,0.0075
08.04.2021 08:35:27.234 GMT-0500,363.64300000000003,363.29699999999997,0.011,0.011
08.04.2021 08:35:27.284 GMT-0500,363.64300000000003,363.37699999999995,0.011,0.011
08.04.2021 08:35:28.814 GMT-0500,363.642,363.31800000000004,0.011,0.011
08.04.2021 08:35:29.582 GMT-0500,363.64300000000003,363.29699999999997,0.011,0.011
08.04.2021 08:35:30.046 GMT-0500,363.642,363.30800000000005,0.011,0.0008
08.04.2021 08:35:30.310 GMT-0500,363.64300000000003,363.407,0.011,0.0075
08.04.2021 08:35:30.466 GMT-0500,363.642,363.37800000000004,0.011,0.011
08.04.2021 08:35:31.290 GMT-0500,363.642,363.31800000000004,0.011,0.011
08.04.2021 08:35:32.408 GMT-0500,363.98199999999997,363.31800000000004,0.011,0.011
08.04.2021 08:35:32.508 GMT-0500,363.62300000000005,363.31699999999995,0.011,0.011
08.04.2021 08:35:34.056 GMT-0500,363.98300000000006,363.407,0.011,0.011
08.04.2021 08:35:34.990 GMT-0500,363.62300000000005,363.407,0.0008,0.0075
08.04.2021 08:35:35.040 GMT-0500,363.62199999999996,363.31800000000004,0.011,0.011
08.04.2021 08:35:35.095 GMT-0500,363.603,363.31699999999995,0.0008,0.011
08.04.2021 08:35:36.006 GMT-0500,363.62300000000005,363.31699999999995,0.011,0.011
08.04.2021 08:35:36.056 GMT-0500,363.603,363.31699999999995,0.011,0.011
08.04.2021 08:35:37.131 GMT-0500,363.602,363.408,0.0008,0.011
08.04.2021 08:35:37.182 GMT-0500,363.61199999999997,363.408,0.011,0.011
08.04.2021 08:35:37.237 GMT-0500,363.602,363.408,0.0075,0.011
08.04.2021 08:35:37.436 GMT-0500,363.61199999999997,363.408,0.011,0.011
08.04.2021 08:35:37.562 GMT-0500,363.62300000000005,363.407,0.011,0.011
08.04.2021 08:35:37.850 GMT-0500,363.62300000000005,363.31699999999995,0.011,0.011
08.04.2021 08:35:39.439 GMT-0500,363.62300000000005,363.407,0.011,0.0075
08.04.2021 08:35:39.883 GMT-0500,363.62300000000005,363.417,0.011,0.0008
08.04.2021 08:35:40.071 GMT-0500,363.62199999999996,363.31800000000004,0.011,0.011
08.04.2021 08:35:42.287 GMT-0500,363.61199999999997,363.31800000000004,0.0008,0.011
08.04.2021 08:35:42.389 GMT-0500,363.61300000000006,363.42699999999996,0.011,0.0075
08.04.2021 08:35:43.383 GMT-0500,363.62300000000005,363.42699999999996,0.011,0.011
08.04.2021 08:35:43.434 GMT-0500,363.61300000000006,363.42699999999996,0.011,0.011
08.04.2021 08:35:44.256 GMT-0500,363.61300000000006,363.35699999999997,0.011,0.011
08.04.2021 08:35:44.887 GMT-0500,363.62300000000005,363.517,0.011,0.011
08.04.2021 08:35:44.937 GMT-0500,363.75300000000004,363.31699999999995,0.011,0.011
08.04.2021 08:35:45.005 GMT-0500,363.75300000000004,363.407,0.011,0.0008
08.04.2021 08:35:45.121 GMT-0500,363.75300000000004,363.42699999999996,0.011,0.0075
08.04.2021 08:35:45.172 GMT-0500,363.75199999999995,363.408,0.011,0.011
08.04.2021 08:35:45.223 GMT-0500,363.75199999999995,363.42800000000005,0.011,0.011
08.04.2021 08:35:45.373 GMT-0500,363.75300000000004,363.457,0.011,0.011
08.04.2021 08:35:45.423 GMT-0500,363.972,363.468,0.011,0.011
08.04.2021 08:35:45.525 GMT-0500,363.972,363.41800000000006,0.011,0.011
08.04.2021 08:35:45.575 GMT-0500,363.973,363.43699999999995,0.011,0.0075
08.04.2021 08:35:45.716 GMT-0500,363.81199999999995,363.458,0.011,0.0075
08.04.2021 08:35:46.021 GMT-0500,363.972,363.478,0.011,0.011
08.04.2021 08:35:46.137 GMT-0500,363.81300000000005,363.477,0.011,0.011
08.04.2021 08:35:47.143 GMT-0500,363.81199999999995,363.31800000000004,0.011,0.011
08.04.2021 08:35:47.665 GMT-0500,363.81199999999995,363.32800000000003,0.011,0.0075
08.04.2021 08:35:47.781 GMT-0500,363.86199999999997,363.67800000000005,0.011,0.011
08.04.2021 08:35:48.485 GMT-0500,363.99199999999996,363.67800000000005,0.011,0.011
08.04.2021 08:35:49.342 GMT-0500,363.903,363.67699999999996,0.0075,0.011
08.04.2021 08:35:49.552 GMT-0500,363.902,363.32800000000003,0.011,0.011
08.04.2021 08:35:49.703 GMT-0500,363.902,363.31800000000004,0.011,0.011
08.04.2021 08:35:49.882 GMT-0500,363.98199999999997,363.31800000000004,0.011,0.011
08.04.2021 08:35:50.076 GMT-0500,363.81199999999995,363.31800000000004,0.0075,0.011
08.04.2021 08:35:50.882 GMT-0500,363.81300000000005,363.327,0.011,0.0075
08.04.2021 08:35:50.982 GMT-0500,363.81199999999995,363.31800000000004,0.011,0.011
08.04.2021 08:35:51.298 GMT-0500,363.81300000000005,363.407,0.011,0.0008
08.04.2021 08:35:51.731 GMT-0500,363.81199999999995,363.398,0.011,0.011
08.04.2021 08:35:51.967 GMT-0500,363.81300000000005,363.48699999999997,0.011,0.011
08.04.2021 08:35:52.017 GMT-0500,363.81300000000005,363.31699999999995,0.011,0.011
08.04.2021 08:35:52.068 GMT-0500,363.81300000000005,363.407,0.011,0.011
08.04.2021 08:35:52.184 GMT-0500,363.81199999999995,363.31800000000004,0.011,0.011
08.04.2021 08:35:52.792 GMT-0500,363.653,363.31699999999995,0.0075,0.0008
08.04.2021 08:35:52.843 GMT-0500,363.99300000000005,363.36699999999996,0.011,0.011
08.04.2021 08:35:53.635 GMT-0500,363.75199999999995,363.36800000000005,0.011,0.011
08.04.2021 08:35:54.090 GMT-0500,363.75199999999995,363.48800000000006,0.011,0.0075
08.04.2021 08:35:54.190 GMT-0500,363.75300000000004,363.387,0.011,0.011
08.04.2021 08:35:54.331 GMT-0500,363.75300000000004,363.48699999999997,0.011,0.0075
08.04.2021 08:35:54.548 GMT-0500,363.75300000000004,363.49699999999996,0.0008,0.0008
08.04.2021 08:35:54.599 GMT-0500,363.98300000000006,363.387,0.011,0.011
08.04.2021 08:35:54.649 GMT-0500,363.773,363.387,0.011,0.011
08.04.2021 08:35:55.672 GMT-0500,363.99300000000005,363.387,0.011,0.011
08.04.2021 08:35:56.315 GMT-0500,363.583,363.38800000000003,0.0075,0.011
08.04.2021 08:35:57.149 GMT-0500,363.56199999999995,362.908,0.011,0.011
08.04.2021 08:35:57.199 GMT-0500,363.56199999999995,363.338,0.011,0.011
08.04.2021 08:36:00.202 GMT-0500,363.56199999999995,362.908,0.011,0.011
08.04.2021 08:36:00.272 GMT-0500,363.56300000000005,363.31699999999995,0.011,0.0008
08.04.2021 08:36:02.611 GMT-0500,363.56300000000005,363.337,0.011,0.0008
08.04.2021 08:36:03.180 GMT-0500,363.57800000000003,363.41800000000006,0.0075,0.0008
08.04.2021 08:36:03.230 GMT-0500,363.98199999999997,363.55800000000005,0.011,0.011
08.04.2021 08:36:03.302 GMT-0500,363.722,363.55800000000005,0.011,0.011
08.04.2021 08:36:07.981 GMT-0500,363.99300000000005,363.31699999999995,0.011,0.011
08.04.2021 08:36:08.389 GMT-0500,363.98199999999997,363.32800000000003,0.0075,0.0075
08.04.2021 08:36:08.490 GMT-0500,363.99300000000005,363.31699999999995,0.011,0.011
08.04.2021 08:36:09.140 GMT-0500,363.98300000000006,363.327,0.011,0.011
08.04.2021 08:36:09.190 GMT-0500,363.99199999999996,363.31800000000004,0.011,0.011
08.04.2021 08:36:09.702 GMT-0500,363.99300000000005,363.327,0.011,0.0008
08.04.2021 08:36:09.803 GMT-0500,363.98300000000006,363.55699999999996,0.011,0.011
08.04.2021 08:36:10.365 GMT-0500,363.972,363.56800000000004,0.0075,0.011
08.04.2021 08:36:10.415 GMT-0500,363.76300000000003,363.327,0.011,0.011
08.04.2021 08:36:10.720 GMT-0500,363.762,363.31800000000004,0.011,0.011
08.04.2021 08:36:12.566 GMT-0500,363.762,363.32800000000003,0.011,0.011
08.04.2021 08:36:12.929 GMT-0500,363.76300000000003,363.31699999999995,0.011,0.011
08.04.2021 08:36:13.533 GMT-0500,363.762,363.32800000000003,0.011,0.011
08.04.2021 08:36:13.805 GMT-0500,363.76300000000003,363.31699999999995,0.011,0.011
08.04.2021 08:36:15.353 GMT-0500,363.76300000000003,363.327,0.011,0.0075
08.04.2021 08:36:15.625 GMT-0500,363.762,363.31800000000004,0.011,0.011
08.04.2021 08:36:16.918 GMT-0500,363.762,363.32800000000003,0.011,0.0075
08.04.2021 08:36:17.237 GMT-0500,363.99300000000005,363.31699999999995,0.011,0.011
08.04.2021 08:36:17.318 GMT-0500,363.972,363.31800000000004,0.0075,0.011
08.04.2021 08:36:17.824 GMT-0500,363.972,363.32800000000003,0.011,0.011
08.04.2021 08:36:17.874 GMT-0500,363.972,363.31800000000004,0.011,0.011
08.04.2021 08:36:18.888 GMT-0500,363.972,363.32800000000003,0.011,0.0008
08.04.2021 08:36:18.993 GMT-0500,363.99199999999996,363.87800000000004,0.011,0.011
08.04.2021 08:36:19.043 GMT-0500,363.99199999999996,363.81800000000004,0.011,0.011
08.04.2021 08:36:24.702 GMT-0500,363.903,363.80699999999996,0.0008,0.0075
08.04.2021 08:36:24.752 GMT-0500,363.99199999999996,363.76800000000003,0.011,0.011
08.04.2021 08:36:24.803 GMT-0500,363.99300000000005,363.787,0.011,0.011
08.04.2021 08:36:24.961 GMT-0500,363.99300000000005,363.79699999999997,0.011,0.0075
08.04.2021 08:36:25.012 GMT-0500,363.99199999999996,363.56800000000004,0.011,0.011
08.04.2021 08:36:25.755 GMT-0500,363.99199999999996,363.55800000000005,0.011,0.011
08.04.2021 08:36:26.630 GMT-0500,363.98300000000006,363.55699999999996,0.0008,0.011
08.04.2021 08:36:26.802 GMT-0500,363.98199999999997,363.31800000000004,0.011,0.011
08.04.2021 08:36:26.929 GMT-0500,363.973,363.31699999999995,0.0008,0.011
08.04.2021 08:36:27.494 GMT-0500,363.98199999999997,363.32800000000003,0.011,0.011
08.04.2021 08:36:27.653 GMT-0500,363.98199999999997,363.31800000000004,0.011,0.011
08.04.2021 08:36:28.754 GMT-0500,363.98300000000006,363.327,0.011,0.011
08.04.2021 08:36:29.498 GMT-0500,363.98300000000006,363.31699999999995,0.011,0.011
08.04.2021 08:36:30.633 GMT-0500,363.99300000000005,363.327,0.011,0.0075
08.04.2021 08:36:30.757 GMT-0500,363.973,363.787,0.011,0.011
08.04.2021 08:36:31.531 GMT-0500,363.973,363.31699999999995,0.011,0.011
08.04.2021 08:36:32.551 GMT-0500,363.973,363.327,0.011,0.011
08.04.2021 08:36:32.671 GMT-0500,363.972,363.31800000000004,0.011,0.011
08.04.2021 08:36:32.775 GMT-0500,363.963,363.31699999999995,0.0075,0.011
08.04.2021 08:36:33.295 GMT-0500,363.962,363.32800000000003,0.011,0.011
08.04.2021 08:36:33.557 GMT-0500,363.963,363.31699999999995,0.011,0.011
08.04.2021 08:36:33.608 GMT-0500,363.95300000000003,363.31699999999995,0.011,0.011
08.04.2021 08:36:34.469 GMT-0500,363.95300000000003,363.327,0.011,0.011
08.04.2021 08:36:34.967 GMT-0500,363.952,363.31800000000004,0.011,0.011
08.04.2021 08:36:35.716 GMT-0500,363.952,363.32800000000003,0.011,0.0075
08.04.2021 08:36:35.766 GMT-0500,363.952,363.31800000000004,0.011,0.011
08.04.2021 08:36:36.453 GMT-0500,363.86300000000006,363.327,0.011,0.011
08.04.2021 08:36:36.703 GMT-0500,363.952,363.708,0.011,0.011
08.04.2021 08:36:36.838 GMT-0500,363.95300000000003,363.727,0.011,0.011
08.04.2021 08:36:37.017 GMT-0500,363.952,363.31800000000004,0.011,0.011
08.04.2021 08:36:37.225 GMT-0500,363.94199999999995,363.31800000000004,0.0075,0.011
08.04.2021 08:36:38.483 GMT-0500,363.952,363.31800000000004,0.011,0.011
08.04.2021 08:36:38.996 GMT-0500,363.952,363.32800000000003,0.011,0.0008
08.04.2021 08:36:39.326 GMT-0500,363.95300000000003,363.31699999999995,0.011,0.011
08.04.2021 08:36:39.796 GMT-0500,363.95300000000003,363.327,0.011,0.0075
08.04.2021 08:36:40.039 GMT-0500,363.95300000000003,363.31699999999995,0.011,0.011
08.04.2021 08:36:40.827 GMT-0500,363.952,363.32800000000003,0.011,0.0075
08.04.2021 08:36:41.083 GMT-0500,363.952,363.31800000000004,0.011,0.011
08.04.2021 08:36:41.890 GMT-0500,363.842,363.32800000000003,0.0075,0.0075
08.04.2021 08:36:41.940 GMT-0500,363.952,363.32800000000003,0.011,0.011
08.04.2021 08:36:42.041 GMT-0500,363.952,363.31800000000004,0.011,0.011
08.04.2021 08:36:42.092 GMT-0500,363.952,363.708,0.011,0.011
08.04.2021 08:36:42.272 GMT-0500,363.952,363.718,0.011,0.0075
08.04.2021 08:36:42.598 GMT-0500,363.952,363.73800000000006,0.011,0.0075
08.04.2021 08:36:42.762 GMT-0500,363.952,363.31800000000004,0.011,0.011
08.04.2021 08:36:43.100 GMT-0500,363.912,363.31800000000004,0.0075,0.011
08.04.2021 08:36:43.716 GMT-0500,363.92199999999997,363.31800000000004,0.011,0.011
08.04.2021 08:36:43.931 GMT-0500,363.882,363.32800000000003,0.0075,0.0075
08.04.2021 08:36:43.982 GMT-0500,363.92300000000006,363.31699999999995,0.011,0.011
08.04.2021 08:36:44.032 GMT-0500,363.902,363.31800000000004,0.011,0.011
08.04.2021 08:36:44.867 GMT-0500,363.86300000000006,363.31699999999995,0.0008,0.011
08.04.2021 08:36:45.295 GMT-0500,363.86199999999997,363.67800000000005,0.011,0.0075
08.04.2021 08:36:45.434 GMT-0500,363.86199999999997,363.68800000000005,0.011,0.0008
08.04.2021 08:36:46.542 GMT-0500,363.86300000000006,363.327,0.011,0.011
08.04.2021 08:36:46.593 GMT-0500,363.86300000000006,363.31699999999995,0.011,0.011
08.04.2021 08:36:46.869 GMT-0500,363.762,363.31800000000004,0.0075,0.011
08.04.2021 08:36:46.919 GMT-0500,363.86199999999997,363.31800000000004,0.011,0.011
08.04.2021 08:36:47.018 GMT-0500,363.80300000000005,363.31699999999995,0.0075,0.011
08.04.2021 08:36:47.219 GMT-0500,363.80300000000005,363.327,0.011,0.0075
08.04.2021 08:36:47.551 GMT-0500,363.80199999999996,363.31800000000004,0.011,0.011
08.04.2021 08:36:48.319 GMT-0500,363.80199999999996,363.32800000000003,0.011,0.0075
08.04.2021 08:36:48.419 GMT-0500,363.80199999999996,363.31800000000004,0.011,0.011
08.04.2021 08:36:50.308 GMT-0500,363.80300000000005,363.327,0.011,0.011
08.04.2021 08:36:50.724 GMT-0500,363.80199999999996,363.31800000000004,0.011,0.011
08.04.2021 08:36:51.744 GMT-0500,363.80300000000005,363.61699999999996,0.011,0.0008
08.04.2021 08:36:51.845 GMT-0500,363.80300000000005,363.62699999999995,0.011,0.011
08.04.2021 08:36:53.376 GMT-0500,363.80300000000005,363.67699999999996,0.011,0.0075
08.04.2021 08:36:53.426 GMT-0500,363.80199999999996,363.32800000000003,0.011,0.011
08.04.2021 08:36:53.477 GMT-0500,363.80199999999996,363.79800000000006,0.0008,0.0075
08.04.2021 08:36:53.527 GMT-0500,363.852,363.31800000000004,0.011,0.011
08.04.2021 08:36:54.043 GMT-0500,363.853,363.327,0.011,0.011
08.04.2021 08:36:54.280 GMT-0500,363.853,363.31699999999995,0.011,0.011
08.04.2021 08:36:54.809 GMT-0500,363.852,363.32800000000003,0.011,0.011
08.04.2021 08:36:55.047 GMT-0500,363.86199999999997,363.31800000000004,0.011,0.011
08.04.2021 08:36:55.097 GMT-0500,363.792,363.67800000000005,0.011,0.011
08.04.2021 08:36:55.370 GMT-0500,363.86199999999997,363.338,0.011,0.011
08.04.2021 08:36:56.087 GMT-0500,363.853,363.337,0.011,0.011
08.04.2021 08:36:56.203 GMT-0500,363.853,363.31699999999995,0.011,0.011
08.04.2021 08:36:56.304 GMT-0500,363.842,363.31800000000004,0.0075,0.011
08.04.2021 08:36:56.354 GMT-0500,363.852,363.31800000000004,0.011,0.011
08.04.2021 08:36:57.160 GMT-0500,363.852,363.32800000000003,0.011,0.0008
08.04.2021 08:36:58.592 GMT-0500,363.853,363.637,0.0075,0.011
08.04.2021 08:36:58.642 GMT-0500,363.99199999999996,363.67800000000005,0.011,0.011
08.04.2021 08:36:58.889 GMT-0500,363.952,363.67800000000005,0.0075,0.011
08.04.2021 08:37:00.138 GMT-0500,363.903,363.67699999999996,0.0075,0.011
08.04.2021 08:37:00.239 GMT-0500,363.99199999999996,363.67800000000005,0.011,0.011
08.04.2021 08:37:00.449 GMT-0500,363.99300000000005,363.777,0.011,0.0075
08.04.2021 08:37:01.060 GMT-0500,363.952,363.778,0.0008,0.011
08.04.2021 08:37:01.410 GMT-0500,363.843,363.67699999999996,0.011,0.011
08.04.2021 08:37:01.460 GMT-0500,363.95300000000003,363.67699999999996,0.011,0.011
08.04.2021 08:37:03.148 GMT-0500,363.952,363.79800000000006,0.011,0.0008
08.04.2021 08:37:07.448 GMT-0500,363.95300000000003,363.67699999999996,0.011,0.011
08.04.2021 08:37:08.569 GMT-0500,363.99199999999996,363.75800000000004,0.011,0.011
08.04.2021 08:37:08.619 GMT-0500,364.37300000000005,363.757,0.011,0.011
08.04.2021 08:37:08.726 GMT-0500,364.382,363.91800000000006,0.011,0.011
08.04.2021 08:37:08.901 GMT-0500,364.382,363.93800000000005,0.011,0.011
08.04.2021 08:37:09.146 GMT-0500,364.17199999999997,363.93800000000005,0.0075,0.011
08.04.2021 08:37:09.301 GMT-0500,364.17300000000006,363.98699999999997,0.011,0.011
08.04.2021 08:37:09.454 GMT-0500,364.17300000000006,363.977,0.011,0.011
08.04.2021 08:37:09.590 GMT-0500,364.17300000000006,363.93699999999995,0.011,0.011
08.04.2021 08:37:09.717 GMT-0500,364.17300000000006,363.977,0.011,0.011
08.04.2021 08:37:10.232 GMT-0500,364.17300000000006,363.967,0.011,0.011
08.04.2021 08:37:15.785 GMT-0500,364.17300000000006,363.977,0.011,0.0008
08.04.2021 08:37:16.093 GMT-0500,364.17300000000006,363.967,0.011,0.011
08.04.2021 08:37:18.117 GMT-0500,364.162,363.98800000000006,0.0075,0.0075
08.04.2021 08:37:18.217 GMT-0500,364.17300000000006,363.98699999999997,0.011,0.011
08.04.2021 08:37:18.349 GMT-0500,364.17300000000006,363.99699999999996,0.011,0.0008
08.04.2021 08:37:18.649 GMT-0500,364.17199999999997,364.01800000000003,0.011,0.0008
08.04.2021 08:37:19.246 GMT-0500,364.17300000000006,363.93699999999995,0.011,0.011
08.04.2021 08:37:21.678 GMT-0500,364.163,363.93699999999995,0.0008,0.011
08.04.2021 08:37:21.945 GMT-0500,364.17300000000006,364.007,0.011,0.0075
08.04.2021 08:37:22.702 GMT-0500,364.17300000000006,364.10699999999997,0.011,0.011
08.04.2021 08:37:22.752 GMT-0500,364.17300000000006,363.93699999999995,0.011,0.011
08.04.2021 08:37:27.978 GMT-0500,364.00199999999995,363.898,0.011,0.011
08.04.2021 08:37:28.092 GMT-0500,364.032,363.43800000000005,0.011,0.011
08.04.2021 08:37:28.543 GMT-0500,364.023,363.80699999999996,0.0075,0.0075
08.04.2021 08:37:28.815 GMT-0500,364.023,363.81699999999995,0.011,0.0075
08.04.2021 08:37:29.644 GMT-0500,364.17300000000006,363.80699999999996,0.011,0.011
08.04.2021 08:37:29.695 GMT-0500,364.18300000000005,363.80699999999996,0.011,0.011
08.04.2021 08:37:29.745 GMT-0500,364.152,363.80800000000005,0.011,0.011
08.04.2021 08:37:29.795 GMT-0500,364.18199999999996,363.80800000000005,0.011,0.011
08.04.2021 08:37:29.846 GMT-0500,364.14300000000003,363.80699999999996,0.011,0.011
08.04.2021 08:37:30.088 GMT-0500,364.132,363.80800000000005,0.0075,0.011
08.04.2021 08:37:30.189 GMT-0500,364.06199999999995,363.80800000000005,0.011,0.011
08.04.2021 08:37:30.239 GMT-0500,364.12300000000005,363.85699999999997,0.011,0.011
08.04.2021 08:37:30.290 GMT-0500,364.12199999999996,363.86800000000005,0.011,0.011
08.04.2021 08:37:31.924 GMT-0500,364.11199999999997,363.86800000000005,0.011,0.011
08.04.2021 08:37:32.828 GMT-0500,364.092,363.86800000000005,0.0075,0.011
08.04.2021 08:37:32.879 GMT-0500,364.102,363.86800000000005,0.011,0.011
08.04.2021 08:37:32.929 GMT-0500,364.093,363.86699999999996,0.011,0.011
08.04.2021 08:37:33.625 GMT-0500,364.11300000000006,363.86699999999996,0.011,0.011
08.04.2021 08:37:34.765 GMT-0500,364.132,363.80800000000005,0.011,0.011
08.04.2021 08:37:35.154 GMT-0500,364.18300000000005,363.80699999999996,0.011,0.011
08.04.2021 08:37:35.523 GMT-0500,364.17300000000006,363.80699999999996,0.0008,0.011
08.04.2021 08:37:35.670 GMT-0500,364.152,363.80800000000005,0.0075,0.011
08.04.2021 08:37:35.895 GMT-0500,364.162,363.80800000000005,0.011,0.011
08.04.2021 08:37:36.138 GMT-0500,364.162,363.91800000000006,0.011,0.0075
08.04.2021 08:37:36.289 GMT-0500,364.142,363.91800000000006,0.011,0.011
08.04.2021 08:37:37.945 GMT-0500,364.14300000000003,363.787,0.011,0.011
08.04.2021 08:37:38.906 GMT-0500,364.12199999999996,363.788,0.011,0.011
08.04.2021 08:37:39.289 GMT-0500,364.04300000000006,363.80699999999996,0.011,0.011
08.04.2021 08:37:39.413 GMT-0500,364.035,363.86800000000005,0.0008,0.011
08.04.2021 08:37:39.463 GMT-0500,364.37300000000005,363.86699999999996,0.011,0.011
08.04.2021 08:37:39.520 GMT-0500,364.023,363.87699999999995,0.011,0.011
08.04.2021 08:37:39.755 GMT-0500,364.022,363.86800000000005,0.011,0.011
08.04.2021 08:37:41.381 GMT-0500,364.37199999999996,363.86800000000005,0.011,0.011
08.04.2021 08:37:41.677 GMT-0500,364.36300000000006,363.92699999999996,0.0075,0.0075
08.04.2021 08:37:41.778 GMT-0500,364.36300000000006,363.847,0.011,0.011
08.04.2021 08:37:41.976 GMT-0500,364.36300000000006,363.81699999999995,0.011,0.011
08.04.2021 08:37:42.115 GMT-0500,364.36300000000006,363.847,0.011,0.0075
08.04.2021 08:37:42.165 GMT-0500,364.38300000000004,363.85699999999997,0.011,0.011
08.04.2021 08:37:42.391 GMT-0500,364.37199999999996,363.85800000000006,0.0075,0.011
08.04.2021 08:37:42.872 GMT-0500,364.37199999999996,363.86800000000005,0.011,0.011
08.04.2021 08:37:44.230 GMT-0500,364.36300000000006,363.86699999999996,0.011,0.011
08.04.2021 08:37:45.429 GMT-0500,364.352,363.86800000000005,0.011,0.011
08.04.2021 08:37:45.770 GMT-0500,364.36199999999997,363.86800000000005,0.011,0.011
08.04.2021 08:37:45.844 GMT-0500,364.36300000000006,363.87699999999995,0.011,0.0075
08.04.2021 08:37:45.949 GMT-0500,364.36199999999997,363.88800000000003,0.011,0.0075
08.04.2021 08:37:47.617 GMT-0500,364.353,363.887,0.0075,0.0008
08.04.2021 08:37:47.667 GMT-0500,364.353,363.827,0.011,0.011
08.04.2021 08:37:47.768 GMT-0500,364.353,363.85699999999997,0.011,0.011
08.04.2021 08:37:47.818 GMT-0500,364.353,363.827,0.011,0.011
08.04.2021 08:37:48.172 GMT-0500,364.352,363.92800000000005,0.011,0.0075
08.04.2021 08:37:49.045 GMT-0500,364.343,363.92699999999996,0.0075,0.011
08.04.2021 08:37:49.095 GMT-0500,364.37199999999996,363.92800000000005,0.011,0.011
08.04.2021 08:37:50.069 GMT-0500,364.36300000000006,363.92699999999996,0.0075,0.011
08.04.2021 08:37:50.590 GMT-0500,364.38300000000004,363.397,0.011,0.011
08.04.2021 08:37:50.659 GMT-0500,364.37300000000005,363.397,0.0008,0.011
08.04.2021 08:37:50.809 GMT-0500,364.382,363.398,0.011,0.011
08.04.2021 08:37:50.998 GMT-0500,364.38300000000004,363.837,0.011,0.0075
08.04.2021 08:37:51.488 GMT-0500,364.37199999999996,363.93800000000005,0.0075,0.0075
08.04.2021 08:37:51.538 GMT-0500,364.37300000000005,363.92699999999996,0.011,0.011
08.04.2021 08:37:51.589 GMT-0500,364.37300000000005,363.917,0.011,0.011
08.04.2021 08:37:51.639 GMT-0500,364.37300000000005,363.92699999999996,0.011,0.011
08.04.2021 08:37:51.689 GMT-0500,364.382,363.91800000000006,0.011,0.011
08.04.2021 08:37:53.257 GMT-0500,364.37199999999996,363.91800000000006,0.0008,0.011
08.04.2021 08:37:53.357 GMT-0500,364.382,363.42800000000005,0.011,0.011
08.04.2021 08:37:53.897 GMT-0500,364.37300000000005,363.837,0.0008,0.0008
08.04.2021 08:37:53.948 GMT-0500,364.38300000000004,363.837,0.011,0.011
08.04.2021 08:37:54.918 GMT-0500,364.37199999999996,363.838,0.0075,0.0008
08.04.2021 08:37:54.968 GMT-0500,364.38300000000004,363.42699999999996,0.011,0.011
08.04.2021 08:37:55.587 GMT-0500,364.382,363.66800000000006,0.011,0.0075
08.04.2021 08:37:55.791 GMT-0500,364.37199999999996,363.67800000000005,0.0075,0.0075
08.04.2021 08:37:55.841 GMT-0500,364.38300000000004,363.667,0.011,0.011
08.04.2021 08:37:55.928 GMT-0500,364.38300000000004,363.42699999999996,0.011,0.011
08.04.2021 08:37:56.029 GMT-0500,364.382,363.66800000000006,0.011,0.0008
08.04.2021 08:37:56.286 GMT-0500,364.38300000000004,363.907,0.011,0.0075
08.04.2021 08:37:56.464 GMT-0500,364.38300000000004,363.42699999999996,0.011,0.011
08.04.2021 08:37:56.635 GMT-0500,364.38300000000004,363.907,0.011,0.0075
08.04.2021 08:37:56.686 GMT-0500,364.382,363.66800000000006,0.011,0.011
08.04.2021 08:37:56.829 GMT-0500,364.382,363.94800000000004,0.011,0.011
08.04.2021 08:37:56.966 GMT-0500,364.37300000000005,363.947,0.0075,0.011
08.04.2021 08:37:59.229 GMT-0500,364.36199999999997,363.94800000000004,0.0008,0.011
08.04.2021 08:37:59.920 GMT-0500,364.353,363.947,0.0008,0.011
08.04.2021 08:38:00.233 GMT-0500,364.36300000000006,363.947,0.011,0.011
08.04.2021 08:38:01.313 GMT-0500,364.352,363.94800000000004,0.011,0.011
08.04.2021 08:38:01.473 GMT-0500,364.36300000000006,363.947,0.011,0.011
08.04.2021 08:38:02.289 GMT-0500,364.352,363.94800000000004,0.0075,0.011
08.04.2021 08:38:02.427 GMT-0500,364.36300000000006,363.947,0.011,0.011
08.04.2021 08:38:02.593 GMT-0500,364.36300000000006,363.957,0.011,0.0008
08.04.2021 08:38:02.693 GMT-0500,364.36300000000006,363.947,0.011,0.011
08.04.2021 08:38:02.744 GMT-0500,364.38300000000004,363.947,0.011,0.011
08.04.2021 08:38:02.846 GMT-0500,364.38300000000004,363.42699999999996,0.011,0.011
08.04.2021 08:38:03.082 GMT-0500,364.37199999999996,363.43800000000005,0.0008,0.0008
08.04.2021 08:38:03.289 GMT-0500,364.37300000000005,363.967,0.011,0.0075
08.04.2021 08:38:03.339 GMT-0500,364.38300000000004,363.967,0.011,0.011
08.04.2021 08:38:04.624 GMT-0500,364.43199999999996,363.968,0.011,0.011
08.04.2021 08:38:04.734 GMT-0500,364.42300000000006,363.967,0.0075,0.0008
08.04.2021 08:38:04.785 GMT-0500,364.42199999999997,363.43800000000005,0.011,0.011
08.04.2021 08:38:05.068 GMT-0500,364.43300000000005,363.42699999999996,0.011,0.011
08.04.2021 08:38:05.302 GMT-0500,364.44199999999995,363.42800000000005,0.011,0.011
08.04.2021 08:38:05.353 GMT-0500,364.44199999999995,363.458,0.011,0.011
08.04.2021 08:38:07.194 GMT-0500,364.43300000000005,363.467,0.011,0.011
08.04.2021 08:38:07.323 GMT-0500,364.44300000000004,363.467,0.011,0.011
08.04.2021 08:38:08.222 GMT-0500,364.43199999999996,363.478,0.0075,0.0075
08.04.2021 08:38:08.653 GMT-0500,364.44199999999995,363.468,0.011,0.011
08.04.2021 08:38:09.129 GMT-0500,364.43300000000005,363.477,0.0008,0.0008
08.04.2021 08:38:09.230 GMT-0500,364.43199999999996,363.468,0.011,0.011
08.04.2021 08:38:09.393 GMT-0500,364.43300000000005,363.967,0.0008,0.0008
08.04.2021 08:38:09.643 GMT-0500,364.45300000000003,363.967,0.011,0.011
08.04.2021 08:38:10.516 GMT-0500,364.44199999999995,363.968,0.0008,0.0075
08.04.2021 08:38:10.566 GMT-0500,364.42300000000006,363.477,0.011,0.011
08.04.2021 08:38:10.808 GMT-0500,364.42300000000006,363.467,0.011,0.011
08.04.2021 08:38:12.646 GMT-0500,364.42199999999997,363.978,0.011,0.011
08.04.2021 08:38:12.696 GMT-0500,364.43199999999996,363.978,0.011,0.011
08.04.2021 08:38:13.025 GMT-0500,364.43300000000005,363.79699999999997,0.011,0.011
08.04.2021 08:38:13.126 GMT-0500,364.18199999999996,363.80800000000005,0.011,0.011
08.04.2021 08:38:13.273 GMT-0500,364.102,363.80800000000005,0.011,0.011
08.04.2021 08:38:13.671 GMT-0500,364.102,363.468,0.011,0.011
08.04.2021 08:38:13.910 GMT-0500,364.103,363.477,0.011,0.0008
08.04.2021 08:38:14.110 GMT-0500,364.103,363.467,0.011,0.011
08.04.2021 08:38:14.833 GMT-0500,364.103,363.80699999999996,0.011,0.0008
08.04.2021 08:38:15.021 GMT-0500,364.102,363.968,0.011,0.0075
08.04.2021 08:38:15.186 GMT-0500,364.103,363.80699999999996,0.011,0.011
08.04.2021 08:38:15.236 GMT-0500,364.102,363.958,0.011,0.011
08.04.2021 08:38:15.287 GMT-0500,364.103,363.80699999999996,0.011,0.011
08.04.2021 08:38:15.337 GMT-0500,364.103,363.977,0.011,0.011
08.04.2021 08:38:15.440 GMT-0500,364.102,363.99800000000005,0.011,0.0008
08.04.2021 08:38:15.589 GMT-0500,364.103,364.007,0.011,0.0075
08.04.2021 08:38:15.639 GMT-0500,364.102,363.978,0.011,0.011
08.04.2021 08:38:16.027 GMT-0500,364.103,363.98699999999997,0.011,0.0075
08.04.2021 08:38:16.521 GMT-0500,364.103,364.007,0.011,0.011
08.04.2021 08:38:16.571 GMT-0500,364.103,363.977,0.011,0.011
08.04.2021 08:38:17.258 GMT-0500,364.213,364.04699999999997,0.011,0.011
08.04.2021 08:38:17.428 GMT-0500,364.135,363.98800000000006,0.0075,0.011
08.04.2021 08:38:17.548 GMT-0500,364.44300000000004,364.04699999999997,0.011,0.011
08.04.2021 08:38:17.599 GMT-0500,364.452,363.98800000000006,0.011,0.011
08.04.2021 08:38:18.532 GMT-0500,364.44199999999995,363.98800000000006,0.0008,0.011
08.04.2021 08:38:18.633 GMT-0500,364.44199999999995,364.038,0.011,0.011
08.04.2021 08:38:19.167 GMT-0500,364.412,363.958,0.011,0.011
08.04.2021 08:38:19.365 GMT-0500,364.42199999999997,363.958,0.011,0.011
08.04.2021 08:38:19.416 GMT-0500,364.412,363.958,0.011,0.011
08.04.2021 08:38:19.565 GMT-0500,364.12199999999996,363.958,0.0075,0.011
08.04.2021 08:38:19.616 GMT-0500,364.402,363.958,0.011,0.011
08.04.2021 08:38:19.913 GMT-0500,364.392,363.958,0.0008,0.011
08.04.2021 08:38:20.081 GMT-0500,364.403,363.957,0.011,0.011
08.04.2021 08:38:20.233 GMT-0500,364.42199999999997,363.958,0.011,0.011
08.04.2021 08:38:20.363 GMT-0500,364.12199999999996,363.958,0.011,0.011
08.04.2021 08:38:20.414 GMT-0500,364.42300000000006,363.98699999999997,0.011,0.011
08.04.2021 08:38:20.468 GMT-0500,364.353,363.98699999999997,0.011,0.011
08.04.2021 08:38:21.382 GMT-0500,364.353,363.99699999999996,0.011,0.011
08.04.2021 08:38:22.242 GMT-0500,364.352,363.98800000000006,0.011,0.011
08.04.2021 08:38:22.469 GMT-0500,364.342,363.98800000000006,0.0008,0.011
08.04.2021 08:38:22.833 GMT-0500,363.99300000000005,363.98699999999997,0.0008,0.0075
08.04.2021 08:38:22.883 GMT-0500,364.38300000000004,363.477,0.011,0.011
08.04.2021 08:38:23.251 GMT-0500,364.37199999999996,363.848,0.0008,0.0008
08.04.2021 08:38:23.507 GMT-0500,364.31300000000005,363.847,0.0008,0.011
08.04.2021 08:38:23.557 GMT-0500,364.31300000000005,363.477,0.011,0.011
08.04.2021 08:38:23.607 GMT-0500,364.31300000000005,363.48699999999997,0.011,0.011
08.04.2021 08:38:23.658 GMT-0500,364.31300000000005,363.477,0.011,0.011
08.04.2021 08:38:24.175 GMT-0500,364.30300000000005,363.887,0.0075,0.0075
08.04.2021 08:38:24.275 GMT-0500,364.342,363.88800000000003,0.011,0.011
08.04.2021 08:38:25.974 GMT-0500,364.04300000000006,363.887,0.0008,0.011
08.04.2021 08:38:29.339 GMT-0500,364.042,363.42800000000005,0.011,0.011
08.04.2021 08:38:30.008 GMT-0500,364.04300000000006,363.86699999999996,0.011,0.011
08.04.2021 08:38:30.059 GMT-0500,364.04300000000006,363.42699999999996,0.011,0.011
08.04.2021 08:38:31.326 GMT-0500,364.04300000000006,363.477,0.011,0.0008
08.04.2021 08:38:32.529 GMT-0500,364.04300000000006,363.48699999999997,0.011,0.0008
08.04.2021 08:38:32.664 GMT-0500,364.04300000000006,363.847,0.011,0.0075
08.04.2021 08:38:32.924 GMT-0500,363.99199999999996,363.848,0.0008,0.011
08.04.2021 08:38:32.974 GMT-0500,364.042,363.528,0.011,0.011
08.04.2021 08:38:33.034 GMT-0500,364.033,363.527,0.0075,0.011
08.04.2021 08:38:33.084 GMT-0500,364.042,363.528,0.011,0.011
08.04.2021 08:38:33.524 GMT-0500,363.772,363.528,0.0008,0.011
08.04.2021 08:38:33.574 GMT-0500,364.04300000000006,363.577,0.011,0.011
08.04.2021 08:38:34.169 GMT-0500,364.032,363.57800000000003,0.0008,0.0075
08.04.2021 08:38:34.220 GMT-0500,364.04300000000006,363.527,0.011,0.011
08.04.2021 08:38:34.501 GMT-0500,363.843,363.527,0.0075,0.011
08.04.2021 08:38:39.454 GMT-0500,363.843,363.707,0.011,0.0075
08.04.2021 08:38:40.631 GMT-0500,363.843,363.527,0.011,0.011
08.04.2021 08:38:41.784 GMT-0500,363.833,363.527,0.0008,0.011
08.04.2021 08:38:42.495 GMT-0500,363.772,363.528,0.0075,0.011
08.04.2021 08:38:42.832 GMT-0500,363.772,363.56800000000004,0.011,0.0075
08.04.2021 08:38:43.016 GMT-0500,363.772,363.60800000000006,0.011,0.0008
08.04.2021 08:38:43.166 GMT-0500,363.74199999999996,363.528,0.0075,0.011
08.04.2021 08:38:43.267 GMT-0500,363.76300000000003,363.527,0.011,0.011
08.04.2021 08:38:44.702 GMT-0500,363.75199999999995,363.528,0.0075,0.011
08.04.2021 08:38:45.465 GMT-0500,363.75300000000004,363.397,0.011,0.011
08.04.2021 08:38:48.108 GMT-0500,363.75300000000004,363.55699999999996,0.0008,0.0075
08.04.2021 08:38:48.158 GMT-0500,363.76300000000003,363.55699999999996,0.011,0.011
08.04.2021 08:38:48.430 GMT-0500,363.663,363.56699999999995,0.0075,0.0075
08.04.2021 08:38:48.480 GMT-0500,363.523,363.257,0.011,0.011
08.04.2021 08:38:49.103 GMT-0500,363.533,363.227,0.011,0.011
08.04.2021 08:38:50.467 GMT-0500,363.512,363.228,0.011,0.011
08.04.2021 08:38:50.568 GMT-0500,363.50199999999995,363.228,0.011,0.011
08.04.2021 08:38:52.617 GMT-0500,363.50199999999995,363.49800000000005,0.0075,0.0008
08.04.2021 08:38:52.668 GMT-0500,363.663,363.277,0.011,0.011
08.04.2021 08:38:52.865 GMT-0500,363.773,363.277,0.011,0.011
08.04.2021 08:38:52.931 GMT-0500,363.76300000000003,363.277,0.0075,0.011
08.04.2021 08:38:53.480 GMT-0500,363.75199999999995,363.278,0.0008,0.011
08.04.2021 08:38:53.925 GMT-0500,363.76300000000003,363.277,0.011,0.011
08.04.2021 08:38:54.242 GMT-0500,363.75300000000004,363.527,0.011,0.011
08.04.2021 08:38:54.513 GMT-0500,363.762,363.278,0.011,0.011
08.04.2021 08:38:55.087 GMT-0500,363.76300000000003,363.287,0.011,0.0008
08.04.2021 08:38:55.239 GMT-0500,363.76300000000003,363.277,0.011,0.011
08.04.2021 08:38:58.421 GMT-0500,363.76300000000003,363.287,0.011,0.0075
08.04.2021 08:38:58.633 GMT-0500,363.76300000000003,363.277,0.011,0.011
08.04.2021 08:38:59.929 GMT-0500,363.75300000000004,363.277,0.011,0.011
08.04.2021 08:39:00.029 GMT-0500,363.76300000000003,363.277,0.011,0.011
08.04.2021 08:39:00.138 GMT-0500,363.75199999999995,363.278,0.0008,0.011
08.04.2021 08:39:00.239 GMT-0500,363.76300000000003,363.277,0.011,0.011
08.04.2021 08:39:00.289 GMT-0500,363.76300000000003,363.537,0.011,0.011
08.04.2021 08:39:00.390 GMT-0500,363.76300000000003,363.527,0.011,0.011
08.04.2021 08:39:00.667 GMT-0500,363.76300000000003,363.277,0.011,0.011
08.04.2021 08:39:00.833 GMT-0500,363.74300000000005,363.527,0.011,0.011
08.04.2021 08:39:00.883 GMT-0500,363.74199999999996,363.278,0.011,0.011
08.04.2021 08:39:01.101 GMT-0500,363.99300000000005,363.277,0.011,0.011
08.04.2021 08:39:01.151 GMT-0500,363.98300000000006,363.287,0.011,0.011
08.04.2021 08:39:01.294 GMT-0500,363.99199999999996,363.278,0.011,0.011
08.04.2021 08:39:02.377 GMT-0500,363.98300000000006,363.287,0.011,0.011
08.04.2021 08:39:02.645 GMT-0500,363.762,363.288,0.011,0.011
08.04.2021 08:39:02.696 GMT-0500,363.76300000000003,363.277,0.011,0.011
08.04.2021 08:39:03.635 GMT-0500,363.76300000000003,363.287,0.011,0.0008
08.04.2021 08:39:04.075 GMT-0500,363.762,363.278,0.011,0.011
08.04.2021 08:39:04.836 GMT-0500,363.74300000000005,363.277,0.0008,0.011
08.04.2021 08:39:05.017 GMT-0500,363.99300000000005,363.277,0.011,0.011
08.04.2021 08:39:05.266 GMT-0500,363.98300000000006,363.287,0.0008,0.0008
08.04.2021 08:39:05.367 GMT-0500,363.99300000000005,363.277,0.011,0.011
08.04.2021 08:39:05.678 GMT-0500,363.952,363.278,0.011,0.011
08.04.2021 08:39:06.675 GMT-0500,363.94199999999995,363.278,0.011,0.011
08.04.2021 08:39:06.955 GMT-0500,363.93199999999996,363.288,0.0075,0.0075
08.04.2021 08:39:07.117 GMT-0500,363.94300000000004,363.277,0.011,0.011
08.04.2021 08:39:07.534 GMT-0500,363.94199999999995,363.528,0.011,0.0075
08.04.2021 08:39:07.968 GMT-0500,363.93199999999996,363.528,0.011,0.011
08.04.2021 08:39:08.018 GMT-0500,363.94300000000004,363.527,0.011,0.011
08.04.2021 08:39:09.179 GMT-0500,363.93300000000005,363.717,0.011,0.011
08.04.2021 08:39:09.229 GMT-0500,363.94199999999995,363.528,0.011,0.011
08.04.2021 08:39:09.385 GMT-0500,363.95300000000003,363.587,0.011,0.0075
08.04.2021 08:39:09.795 GMT-0500,363.95300000000003,363.597,0.011,0.0075
08.04.2021 08:39:10.238 GMT-0500,363.94199999999995,363.528,0.011,0.011
08.04.2021 08:39:10.468 GMT-0500,363.93199999999996,363.528,0.0075,0.011
08.04.2021 08:39:10.679 GMT-0500,363.94199999999995,363.528,0.011,0.011
08.04.2021 08:39:11.317 GMT-0500,363.93199999999996,363.528,0.011,0.011
08.04.2021 08:39:11.519 GMT-0500,363.94199999999995,363.528,0.011,0.011
08.04.2021 08:39:13.469 GMT-0500,363.93199999999996,363.528,0.011,0.011
08.04.2021 08:39:13.762 GMT-0500,363.94199999999995,363.528,0.011,0.011
08.04.2021 08:39:16.671 GMT-0500,363.93300000000005,363.527,0.0075,0.011
08.04.2021 08:39:16.839 GMT-0500,363.94199999999995,363.528,0.011,0.011
08.04.2021 08:39:17.120 GMT-0500,363.772,363.528,0.011,0.011
08.04.2021 08:39:17.170 GMT-0500,363.80300000000005,363.527,0.011,0.011
08.04.2021 08:39:18.501 GMT-0500,363.723,363.597,0.0075,0.0075
08.04.2021 08:39:18.601 GMT-0500,363.892,363.528,0.011,0.011
08.04.2021 08:39:18.652 GMT-0500,363.94199999999995,363.528,0.011,0.011
08.04.2021 08:39:19.613 GMT-0500,363.67199999999997,363.528,0.0008,0.011
08.04.2021 08:39:19.664 GMT-0500,363.88300000000004,363.527,0.011,0.011
08.04.2021 08:39:21.407 GMT-0500,363.583,363.527,0.0075,0.0008
08.04.2021 08:39:21.457 GMT-0500,363.99300000000005,363.287,0.011,0.011
08.04.2021 08:39:21.555 GMT-0500,363.642,363.288,0.0008,0.011
08.04.2021 08:39:21.605 GMT-0500,363.99300000000005,363.457,0.011,0.011
08.04.2021 08:39:22.638 GMT-0500,363.98300000000006,363.287,0.011,0.011
08.04.2021 08:39:22.865 GMT-0500,363.99300000000005,363.29699999999997,0.011,0.0008
08.04.2021 08:39:22.966 GMT-0500,363.99199999999996,363.288,0.011,0.011
08.04.2021 08:39:25.939 GMT-0500,363.54300000000006,362.917,0.011,0.011
08.04.2021 08:39:25.990 GMT-0500,363.99199999999996,362.908,0.011,0.011
08.04.2021 08:39:26.238 GMT-0500,363.99300000000005,363.327,0.011,0.011
08.04.2021 08:39:26.713 GMT-0500,363.98300000000006,363.327,0.0008,0.011
08.04.2021 08:39:26.896 GMT-0500,363.99300000000005,363.327,0.011,0.011
08.04.2021 08:39:27.575 GMT-0500,363.99199999999996,362.908,0.011,0.011
08.04.2021 08:39:27.625 GMT-0500,363.99199999999996,363.38800000000003,0.011,0.011
08.04.2021 08:39:27.675 GMT-0500,363.98199999999997,363.32800000000003,0.011,0.011
08.04.2021 08:39:27.726 GMT-0500,363.99300000000005,363.327,0.011,0.011
08.04.2021 08:39:27.923 GMT-0500,363.99300000000005,363.337,0.011,0.011
08.04.2021 08:39:28.578 GMT-0500,363.98300000000006,363.337,0.0075,0.011
08.04.2021 08:39:28.628 GMT-0500,363.99199999999996,362.908,0.011,0.011
08.04.2021 08:39:29.884 GMT-0500,363.62199999999996,362.908,0.0008,0.011
08.04.2021 08:39:30.624 GMT-0500,363.62300000000005,362.917,0.011,0.0075
08.04.2021 08:39:31.014 GMT-0500,363.62199999999996,363.36800000000005,0.011,0.0075
08.04.2021 08:39:33.058 GMT-0500,363.62199999999996,362.91800000000006,0.011,0.011
08.04.2021 08:39:34.288 GMT-0500,363.583,362.907,0.0008,0.011
08.04.2021 08:39:34.603 GMT-0500,363.62300000000005,362.907,0.011,0.011
08.04.2021 08:39:34.653 GMT-0500,363.48199999999997,362.91800000000006,0.011,0.011
08.04.2021 08:39:34.703 GMT-0500,363.62300000000005,362.907,0.011,0.011
08.04.2021 08:39:34.970 GMT-0500,363.62300000000005,363.30699999999996,0.011,0.0075
08.04.2021 08:39:35.815 GMT-0500,363.62199999999996,363.338,0.011,0.0075
08.04.2021 08:39:36.049 GMT-0500,363.62300000000005,363.31699999999995,0.011,0.011
08.04.2021 08:39:36.165 GMT-0500,363.62300000000005,363.347,0.011,0.0008
08.04.2021 08:39:36.839 GMT-0500,363.62199999999996,363.36800000000005,0.011,0.0008
08.04.2021 08:39:36.889 GMT-0500,363.62199999999996,362.908,0.011,0.011
08.04.2021 08:39:37.566 GMT-0500,363.62300000000005,362.917,0.011,0.0075
08.04.2021 08:39:37.617 GMT-0500,363.62199999999996,362.908,0.011,0.011
08.04.2021 08:39:38.422 GMT-0500,363.62199999999996,362.91800000000006,0.011,0.0075
08.04.2021 08:39:39.230 GMT-0500,363.62300000000005,363.327,0.011,0.0075
08.04.2021 08:39:39.625 GMT-0500,363.62199999999996,363.35800000000006,0.011,0.0075
08.04.2021 08:39:40.116 GMT-0500,363.62300000000005,363.36699999999996,0.011,0.0008
08.04.2021 08:39:40.166 GMT-0500,363.62199999999996,362.908,0.011,0.011
08.04.2021 08:39:40.326 GMT-0500,363.62300000000005,363.347,0.011,0.0008
08.04.2021 08:39:40.838 GMT-0500,363.62199999999996,362.908,0.011,0.011
08.04.2021 08:39:41.331 GMT-0500,363.62300000000005,363.347,0.011,0.0008
08.04.2021 08:39:42.273 GMT-0500,363.592,363.348,0.0008,0.011
08.04.2021 08:39:42.374 GMT-0500,363.62199999999996,363.35800000000006,0.011,0.011
08.04.2021 08:39:48.563 GMT-0500,363.62199999999996,363.36800000000005,0.011,0.0008
08.04.2021 08:39:48.714 GMT-0500,363.62300000000005,363.35699999999997,0.011,0.011
08.04.2021 08:39:48.994 GMT-0500,363.62300000000005,363.49699999999996,0.011,0.0008
08.04.2021 08:39:49.045 GMT-0500,363.98199999999997,363.49800000000005,0.011,0.011
08.04.2021 08:39:49.145 GMT-0500,363.92199999999997,363.348,0.011,0.011
08.04.2021 08:39:50.071 GMT-0500,363.92199999999997,363.35800000000006,0.011,0.0008
08.04.2021 08:39:50.121 GMT-0500,363.92300000000006,363.347,0.011,0.011
08.04.2021 08:39:51.320 GMT-0500,363.92199999999997,363.55800000000005,0.011,0.011
08.04.2021 08:39:52.503 GMT-0500,363.92300000000006,363.35699999999997,0.011,0.011
08.04.2021 08:39:52.605 GMT-0500,363.92300000000006,363.347,0.011,0.011
08.04.2021 08:39:52.781 GMT-0500,363.952,363.348,0.011,0.011
08.04.2021 08:39:53.098 GMT-0500,363.94300000000004,363.35699999999997,0.0075,0.0075
08.04.2021 08:39:53.524 GMT-0500,363.882,363.35800000000006,0.011,0.0008
08.04.2021 08:39:53.575 GMT-0500,363.88300000000004,363.347,0.011,0.011
08.04.2021 08:39:54.263 GMT-0500,363.882,363.35800000000006,0.011,0.0075
08.04.2021 08:39:54.364 GMT-0500,363.882,363.348,0.011,0.011
08.04.2021 08:39:54.414 GMT-0500,363.80199999999996,363.63800000000003,0.011,0.011
08.04.2021 08:39:55.136 GMT-0500,363.702,363.348,0.011,0.011
08.04.2021 08:39:55.187 GMT-0500,363.80199999999996,363.348,0.011,0.011
08.04.2021 08:40:00.499 GMT-0500,363.80199999999996,363.528,0.011,0.0075
08.04.2021 08:40:01.520 GMT-0500,363.75300000000004,363.527,0.0075,0.011
08.04.2021 08:40:02.331 GMT-0500,363.75199999999995,363.348,0.011,0.011
08.04.2021 08:40:02.869 GMT-0500,363.75199999999995,363.35800000000006,0.011,0.0075
08.04.2021 08:40:03.047 GMT-0500,363.75300000000004,363.347,0.011,0.011
08.04.2021 08:40:03.175 GMT-0500,363.75300000000004,363.457,0.011,0.0008
08.04.2021 08:40:03.385 GMT-0500,363.75199999999995,363.468,0.011,0.0008
08.04.2021 08:40:03.647 GMT-0500,363.75300000000004,363.477,0.011,0.0075
08.04.2021 08:40:03.900 GMT-0500,363.75199999999995,363.49800000000005,0.011,0.0008
08.04.2021 08:40:03.950 GMT-0500,363.75199999999995,363.458,0.011,0.011
08.04.2021 08:40:04.268 GMT-0500,363.75300000000004,363.347,0.011,0.011
08.04.2021 08:40:04.573 GMT-0500,363.75300000000004,363.35699999999997,0.011,0.0075
08.04.2021 08:40:04.674 GMT-0500,363.75199999999995,363.348,0.011,0.011
08.04.2021 08:40:05.443 GMT-0500,363.75300000000004,363.35699999999997,0.011,0.0008
08.04.2021 08:40:05.624 GMT-0500,363.75300000000004,363.347,0.011,0.011
08.04.2021 08:40:06.376 GMT-0500,363.75199999999995,363.478,0.011,0.0075
08.04.2021 08:40:07.501 GMT-0500,363.75199999999995,363.348,0.011,0.011
08.04.2021 08:40:09.446 GMT-0500,363.75300000000004,363.467,0.011,0.0075
08.04.2021 08:40:09.546 GMT-0500,363.75300000000004,363.347,0.011,0.011
08.04.2021 08:40:10.545 GMT-0500,363.75199999999995,363.35800000000006,0.011,0.0075
08.04.2021 08:40:10.595 GMT-0500,363.75199999999995,363.348,0.011,0.011
08.04.2021 08:40:11.358 GMT-0500,363.713,363.347,0.0075,0.011
08.04.2021 08:40:11.408 GMT-0500,363.75199999999995,363.348,0.011,0.011
08.04.2021 08:40:12.756 GMT-0500,363.67300000000006,363.347,0.0008,0.011
08.04.2021 08:40:12.807 GMT-0500,363.75300000000004,363.347,0.011,0.011
08.04.2021 08:40:17.632 GMT-0500,363.68300000000005,363.347,0.0075,0.011
08.04.2021 08:40:17.919 GMT-0500,363.67300000000006,363.347,0.0075,0.011
08.04.2021 08:40:19.478 GMT-0500,363.67199999999997,363.48800000000006,0.011,0.0008
08.04.2021 08:40:22.697 GMT-0500,363.68199999999996,363.48800000000006,0.011,0.011
08.04.2021 08:40:22.800 GMT-0500,363.67199999999997,363.48800000000006,0.0008,0.011
08.04.2021 08:40:24.987 GMT-0500,363.67199999999997,363.49800000000005,0.011,0.011
08.04.2021 08:40:26.046 GMT-0500,363.67199999999997,363.48800000000006,0.011,0.011
08.04.2021 08:40:28.764 GMT-0500,363.67199999999997,363.338,0.011,0.011
08.04.2021 08:40:28.815 GMT-0500,363.67300000000006,363.477,0.011,0.011
08.04.2021 08:40:30.054 GMT-0500,363.663,363.477,0.0008,0.011
08.04.2021 08:40:30.104 GMT-0500,363.67199999999997,363.478,0.011,0.011
08.04.2021 08:40:30.396 GMT-0500,363.663,363.477,0.011,0.011
08.04.2021 08:40:31.115 GMT-0500,363.67300000000006,363.477,0.011,0.011
08.04.2021 08:40:31.315 GMT-0500,363.663,363.477,0.0008,0.011
08.04.2021 08:40:31.416 GMT-0500,363.67199999999997,363.478,0.011,0.011
08.04.2021 08:40:33.305 GMT-0500,363.67199999999997,363.48800000000006,0.011,0.0075
08.04.2021 08:40:36.340 GMT-0500,363.67300000000006,363.49699999999996,0.011,0.011
08.04.2021 08:40:37.130 GMT-0500,363.67300000000006,363.477,0.011,0.011
08.04.2021 08:40:38.247 GMT-0500,363.662,363.478,0.011,0.011
08.04.2021 08:40:38.501 GMT-0500,363.592,363.478,0.0075,0.011
08.04.2021 08:40:38.551 GMT-0500,363.663,363.477,0.011,0.011
08.04.2021 08:40:41.081 GMT-0500,363.55300000000005,362.93699999999995,0.011,0.011
08.04.2021 08:40:41.131 GMT-0500,363.55300000000005,363.347,0.011,0.011
08.04.2021 08:40:41.547 GMT-0500,363.55199999999996,363.36800000000005,0.011,0.011
08.04.2021 08:40:41.922 GMT-0500,363.55300000000005,363.10699999999997,0.011,0.011
08.04.2021 08:40:42.024 GMT-0500,363.55300000000005,363.35699999999997,0.011,0.011
08.04.2021 08:40:42.132 GMT-0500,363.542,362.908,0.011,0.011
08.04.2021 08:40:42.182 GMT-0500,363.532,362.908,0.011,0.011
08.04.2021 08:40:42.636 GMT-0500,363.533,362.917,0.011,0.0075
08.04.2021 08:40:42.736 GMT-0500,363.532,362.908,0.011,0.011
08.04.2021 08:40:43.408 GMT-0500,363.533,363.335,0.011,0.0008
08.04.2021 08:40:43.459 GMT-0500,363.533,362.917,0.011,0.011
08.04.2021 08:40:46.139 GMT-0500,363.533,362.907,0.011,0.011
08.04.2021 08:40:47.476 GMT-0500,363.532,362.91800000000006,0.011,0.0075
08.04.2021 08:40:47.577 GMT-0500,363.533,362.907,0.011,0.011
08.04.2021 08:40:48.248 GMT-0500,363.532,362.91800000000006,0.011,0.0008
08.04.2021 08:40:48.628 GMT-0500,363.533,363.347,0.0075,0.011
08.04.2021 08:40:48.679 GMT-0500,363.67199999999997,363.408,0.011,0.011
08.04.2021 08:40:49.068 GMT-0500,363.67199999999997,363.35800000000006,0.011,0.0075
08.04.2021 08:40:49.187 GMT-0500,363.67300000000006,363.347,0.011,0.011
08.04.2021 08:40:51.172 GMT-0500,363.67300000000006,363.447,0.011,0.0075
08.04.2021 08:40:52.729 GMT-0500,363.67300000000006,363.347,0.011,0.011
08.04.2021 08:40:53.115 GMT-0500,363.67300000000006,363.54699999999997,0.011,0.0008
08.04.2021 08:40:53.165 GMT-0500,363.67199999999997,363.348,0.011,0.011
08.04.2021 08:40:54.730 GMT-0500,363.67300000000006,363.477,0.011,0.0008
08.04.2021 08:40:55.378 GMT-0500,363.67300000000006,363.517,0.011,0.0075
08.04.2021 08:40:56.347 GMT-0500,363.602,363.51800000000003,0.0075,0.0008
08.04.2021 08:40:56.398 GMT-0500,363.75300000000004,363.347,0.011,0.011
08.04.2021 08:40:57.365 GMT-0500,363.75199999999995,363.51800000000003,0.011,0.0008
08.04.2021 08:40:57.629 GMT-0500,363.75199999999995,363.54800000000006,0.011,0.011
08.04.2021 08:40:57.680 GMT-0500,363.75300000000004,363.507,0.011,0.011
08.04.2021 08:40:57.730 GMT-0500,363.75199999999995,363.528,0.011,0.011
08.04.2021 08:40:57.921 GMT-0500,363.75300000000004,363.347,0.011,0.011
08.04.2021 08:40:57.971 GMT-0500,363.75199999999995,363.50800000000004,0.011,0.011
08.04.2021 08:40:58.104 GMT-0500,363.75300000000004,363.517,0.011,0.011
08.04.2021 08:40:58.229 GMT-0500,363.75300000000004,363.347,0.011,0.011
08.04.2021 08:40:58.929 GMT-0500,363.75199999999995,363.35800000000006,0.011,0.0075
08.04.2021 08:40:59.086 GMT-0500,363.75199999999995,363.348,0.011,0.011
08.04.2021 08:41:02.252 GMT-0500,363.75300000000004,363.35699999999997,0.011,0.0008
08.04.2021 08:41:02.302 GMT-0500,363.75300000000004,363.347,0.011,0.011
08.04.2021 08:41:02.833 GMT-0500,363.75199999999995,363.35800000000006,0.011,0.0008
08.04.2021 08:41:02.884 GMT-0500,363.75199999999995,363.348,0.011,0.011
08.04.2021 08:41:03.804 GMT-0500,363.75199999999995,363.35800000000006,0.011,0.0008
08.04.2021 08:41:04.011 GMT-0500,363.75300000000004,363.347,0.011,0.011
08.04.2021 08:41:04.440 GMT-0500,363.723,363.347,0.0075,0.011
08.04.2021 08:41:04.976 GMT-0500,363.75300000000004,363.347,0.011,0.011
08.04.2021 08:41:05.057 GMT-0500,363.722,363.348,0.011,0.011
08.04.2021 08:41:05.242 GMT-0500,363.723,363.35699999999997,0.011,0.0075
08.04.2021 08:41:05.293 GMT-0500,363.723,363.347,0.011,0.011
08.04.2021 08:41:05.479 GMT-0500,363.713,363.347,0.011,0.011
08.04.2021 08:41:05.972 GMT-0500,363.75199999999995,363.348,0.011,0.011
08.04.2021 08:41:06.023 GMT-0500,363.712,363.348,0.011,0.011
08.04.2021 08:41:07.164 GMT-0500,363.713,363.35699999999997,0.011,0.0008
08.04.2021 08:41:07.265 GMT-0500,363.713,363.347,0.011,0.011
08.04.2021 08:41:09.452 GMT-0500,363.712,363.35800000000006,0.011,0.0008
08.04.2021 08:41:09.553 GMT-0500,363.75199999999995,363.62800000000004,0.011,0.011
08.04.2021 08:41:09.603 GMT-0500,363.75300000000004,363.347,0.011,0.011
08.04.2021 08:41:10.239 GMT-0500,363.75199999999995,363.35800000000006,0.011,0.0008
08.04.2021 08:41:10.340 GMT-0500,363.75199999999995,363.348,0.011,0.011
08.04.2021 08:41:12.133 GMT-0500,363.75199999999995,363.588,0.011,0.011
08.04.2021 08:41:12.184 GMT-0500,363.75300000000004,363.55699999999996,0.011,0.011
08.04.2021 08:41:12.694 GMT-0500,363.75300000000004,363.35699999999997,0.011,0.011
08.04.2021 08:41:12.957 GMT-0500,363.75199999999995,363.348,0.011,0.011
08.04.2021 08:41:14.050 GMT-0500,363.75199999999995,363.35800000000006,0.011,0.0008
08.04.2021 08:41:14.276 GMT-0500,363.75199999999995,363.348,0.011,0.011
08.04.2021 08:41:15.765 GMT-0500,363.75300000000004,363.35699999999997,0.011,0.011
08.04.2021 08:41:16.059 GMT-0500,363.75199999999995,363.348,0.011,0.011
08.04.2021 08:41:16.607 GMT-0500,363.75199999999995,363.35800000000006,0.011,0.0008
08.04.2021 08:41:17.319 GMT-0500,363.75199999999995,363.348,0.011,0.011
08.04.2021 08:41:19.160 GMT-0500,363.75300000000004,363.35699999999997,0.011,0.0075
08.04.2021 08:41:19.607 GMT-0500,363.75300000000004,363.347,0.011,0.011
08.04.2021 08:41:21.079 GMT-0500,363.75300000000004,363.56699999999995,0.011,0.011
08.04.2021 08:41:22.796 GMT-0500,363.75300000000004,363.347,0.011,0.011
08.04.2021 08:41:23.172 GMT-0500,363.64300000000003,363.347,0.0008,0.011
08.04.2021 08:41:23.223 GMT-0500,363.722,363.35800000000006,0.011,0.011
08.04.2021 08:41:23.470 GMT-0500,363.75300000000004,363.347,0.011,0.011
08.04.2021 08:41:24.120 GMT-0500,363.75199999999995,363.24800000000005,0.011,0.011
08.04.2021 08:41:24.173 GMT-0500,363.723,363.24699999999996,0.0075,0.011
08.04.2021 08:41:24.306 GMT-0500,363.722,363.25800000000004,0.011,0.0075
08.04.2021 08:41:24.357 GMT-0500,363.723,363.24699999999996,0.011,0.011
08.04.2021 08:41:24.471 GMT-0500,363.75300000000004,363.24699999999996,0.011,0.011
08.04.2021 08:41:25.178 GMT-0500,363.62300000000005,363.257,0.0075,0.0075
08.04.2021 08:41:25.228 GMT-0500,363.75199999999995,363.24800000000005,0.011,0.011
08.04.2021 08:41:25.279 GMT-0500,363.713,363.24699999999996,0.011,0.011
08.04.2021 08:41:26.190 GMT-0500,363.63300000000004,363.24699999999996,0.0075,0.011
08.04.2021 08:41:26.240 GMT-0500,363.713,363.24699999999996,0.011,0.011
08.04.2021 08:41:26.444 GMT-0500,363.75199999999995,363.24800000000005,0.011,0.011
08.04.2021 08:41:27.413 GMT-0500,363.75199999999995,363.25800000000004,0.011,0.0008
08.04.2021 08:41:27.563 GMT-0500,363.593,363.387,0.011,0.011
08.04.2021 08:41:27.664 GMT-0500,363.592,363.41800000000006,0.011,0.011
08.04.2021 08:41:27.778 GMT-0500,363.593,363.42699999999996,0.011,0.011
08.04.2021 08:41:28.182 GMT-0500,363.593,363.347,0.011,0.011
08.04.2021 08:41:28.247 GMT-0500,363.592,362.908,0.011,0.011
08.04.2021 08:41:28.467 GMT-0500,363.533,362.917,0.0075,0.0075
08.04.2021 08:41:28.517 GMT-0500,363.74300000000005,362.917,0.011,0.011
08.04.2021 08:41:28.568 GMT-0500,363.48300000000006,362.917,0.011,0.011
08.04.2021 08:41:28.618 GMT-0500,363.75199999999995,362.908,0.011,0.011
08.04.2021 08:41:29.161 GMT-0500,363.74199999999996,362.91800000000006,0.011,0.011
08.04.2021 08:41:29.234 GMT-0500,363.75199999999995,362.908,0.011,0.011
08.04.2021 08:41:29.335 GMT-0500,363.75300000000004,363.347,0.011,0.0075
08.04.2021 08:41:29.462 GMT-0500,363.712,363.348,0.0008,0.011
08.04.2021 08:41:29.951 GMT-0500,363.722,363.48800000000006,0.0075,0.0075
08.04.2021 08:41:30.001 GMT-0500,363.75300000000004,363.347,0.011,0.011
08.04.2021 08:41:31.192 GMT-0500,363.73300000000006,363.347,0.0008,0.011
08.04.2021 08:41:31.292 GMT-0500,363.73300000000006,363.23699999999997,0.011,0.011
08.04.2021 08:41:31.506 GMT-0500,363.73199999999997,363.35800000000006,0.011,0.0075
08.04.2021 08:41:32.000 GMT-0500,363.75199999999995,363.35800000000006,0.011,0.011
08.04.2021 08:41:33.112 GMT-0500,363.75199999999995,363.538,0.011,0.0008
08.04.2021 08:41:33.162 GMT-0500,363.75300000000004,363.35699999999997,0.011,0.011
08.04.2021 08:41:33.984 GMT-0500,363.75300000000004,363.54699999999997,0.011,0.0008
08.04.2021 08:41:34.963 GMT-0500,363.75199999999995,363.35800000000006,0.011,0.011
08.04.2021 08:41:35.756 GMT-0500,363.75199999999995,363.23800000000006,0.011,0.011
08.04.2021 08:41:35.957 GMT-0500,363.75300000000004,363.407,0.011,0.011
08.04.2021 08:41:36.481 GMT-0500,363.75300000000004,363.42699999999996,0.011,0.011
08.04.2021 08:41:37.187 GMT-0500,363.75199999999995,363.44800000000004,0.011,0.0075
08.04.2021 08:41:37.238 GMT-0500,363.75199999999995,363.23800000000006,0.011,0.011
08.04.2021 08:41:37.369 GMT-0500,363.75199999999995,363.398,0.011,0.0008
08.04.2021 08:41:37.420 GMT-0500,363.75199999999995,363.23800000000006,0.011,0.011
08.04.2021 08:41:37.628 GMT-0500,363.75199999999995,363.398,0.011,0.011
08.04.2021 08:41:37.678 GMT-0500,363.75199999999995,363.23800000000006,0.011,0.011
08.04.2021 08:41:37.754 GMT-0500,363.75300000000004,363.397,0.011,0.0075
08.04.2021 08:41:38.088 GMT-0500,363.75300000000004,363.23699999999997,0.011,0.011
08.04.2021 08:41:38.237 GMT-0500,363.75199999999995,363.36800000000005,0.011,0.0008
08.04.2021 08:41:38.836 GMT-0500,363.75300000000004,363.517,0.011,0.0008
08.04.2021 08:41:39.846 GMT-0500,363.75199999999995,363.54800000000006,0.011,0.0075
08.04.2021 08:41:39.947 GMT-0500,363.75300000000004,363.537,0.011,0.011
08.04.2021 08:41:39.997 GMT-0500,363.75199999999995,363.54800000000006,0.011,0.011
08.04.2021 08:41:40.141 GMT-0500,363.75199999999995,363.24800000000005,0.011,0.011
08.04.2021 08:41:40.191 GMT-0500,363.75199999999995,363.36800000000005,0.011,0.011
08.04.2021 08:41:42.447 GMT-0500,363.75300000000004,363.407,0.011,0.011
08.04.2021 08:41:43.449 GMT-0500,363.75300000000004,363.36699999999996,0.011,0.011
08.04.2021 08:41:43.958 GMT-0500,363.75199999999995,363.42800000000005,0.011,0.0008
08.04.2021 08:41:44.009 GMT-0500,363.75300000000004,363.36699999999996,0.011,0.011
08.04.2021 08:41:44.827 GMT-0500,363.75199999999995,363.408,0.011,0.011
08.04.2021 08:41:46.826 GMT-0500,363.75300000000004,363.36699999999996,0.011,0.011
08.04.2021 08:41:46.972 GMT-0500,363.75199999999995,363.35800000000006,0.011,0.0008
08.04.2021 08:41:48.499 GMT-0500,363.75300000000004,363.48199999999997,0.011,0.0075
08.04.2021 08:41:48.758 GMT-0500,363.75199999999995,363.54800000000006,0.011,0.0075
08.04.2021 08:41:49.825 GMT-0500,363.75199999999995,363.51800000000003,0.011,0.011
08.04.2021 08:41:50.525 GMT-0500,363.75199999999995,363.528,0.011,0.0075
08.04.2021 08:41:51.076 GMT-0500,363.68199999999996,363.528,0.0075,0.011
08.04.2021 08:41:51.127 GMT-0500,363.75199999999995,363.54800000000006,0.011,0.011
08.04.2021 08:41:51.490 GMT-0500,363.75199999999995,363.55800000000005,0.011,0.011
08.04.2021 08:41:52.926 GMT-0500,363.723,363.56699999999995,0.0008,0.011
08.04.2021 08:41:53.026 GMT-0500,363.73300000000006,363.527,0.011,0.011
08.04.2021 08:41:53.593 GMT-0500,363.73300000000006,363.517,0.011,0.011
08.04.2021 08:41:53.744 GMT-0500,363.73199999999997,363.42800000000005,0.011,0.011
08.04.2021 08:41:53.795 GMT-0500,363.713,363.42699999999996,0.011,0.011
08.04.2021 08:41:54.753 GMT-0500,363.712,363.588,0.011,0.0075
08.04.2021 08:41:55.115 GMT-0500,363.73300000000006,363.587,0.011,0.011
