Local time,Ask,Bid,AskVolume,BidVolume
07.04.2021 08:30:02.020 GMT-0500,361.273,360.597,0.011,0.011
07.04.2021 08:30:02.070 GMT-0500,360.95300000000003,359.707,0.011,0.011
07.04.2021 08:30:02.120 GMT-0500,360.94300000000004,359.707,0.011,0.011
07.04.2021 08:30:02.179 GMT-0500,360.95300000000003,359.707,0.011,0.011
07.04.2021 08:30:02.775 GMT-0500,360.952,360.42800000000005,0.011,0.011
07.04.2021 08:30:02.899 GMT-0500,360.952,360.43800000000005,0.011,0.011
07.04.2021 08:30:03.135 GMT-0500,360.952,360.478,0.011,0.0008
07.04.2021 08:30:04.349 GMT-0500,360.94300000000004,360.477,0.0008,0.011
07.04.2021 08:30:06.662 GMT-0500,360.93300000000005,360.477,0.011,0.011
07.04.2021 08:30:06.771 GMT-0500,360.913,360.477,0.011,0.011
07.04.2021 08:30:06.912 GMT-0500,360.89300000000003,360.477,0.0008,0.011
07.04.2021 08:30:07.413 GMT-0500,360.87199999999996,360.478,0.0008,0.011
07.04.2021 08:30:07.664 GMT-0500,360.853,360.477,0.0008,0.011
07.04.2021 08:30:08.988 GMT-0500,360.832,360.478,0.0075,0.011
07.04.2021 08:30:10.189 GMT-0500,360.833,360.48699999999997,0.011,0.0008
07.04.2021 08:30:10.799 GMT-0500,360.81300000000005,360.48699999999997,0.0008,0.011
07.04.2021 08:30:11.327 GMT-0500,360.79300000000006,360.48699999999997,0.011,0.011
07.04.2021 08:30:11.471 GMT-0500,360.81300000000005,360.48699999999997,0.011,0.011
07.04.2021 08:30:11.808 GMT-0500,360.773,360.48699999999997,0.0075,0.011
07.04.2021 08:30:13.548 GMT-0500,360.76300000000003,360.48699999999997,0.0008,0.011
07.04.2021 08:30:13.598 GMT-0500,360.773,360.48699999999997,0.011,0.011
07.04.2021 08:30:13.684 GMT-0500,360.762,360.48800000000006,0.0008,0.011
07.04.2021 08:30:14.041 GMT-0500,360.82,360.757,0.0075,0.0008
07.04.2021 08:30:14.091 GMT-0500,361.06199999999995,360.76800000000003,0.011,0.011
07.04.2021 08:30:14.142 GMT-0500,361.273,360.767,0.011,0.011
07.04.2021 08:30:14.192 GMT-0500,361.26300000000003,360.767,0.011,0.011
07.04.2021 08:30:16.150 GMT-0500,361.262,360.778,0.011,0.0008
07.04.2021 08:30:16.921 GMT-0500,361.272,360.788,0.011,0.011
07.04.2021 08:30:17.523 GMT-0500,361.11199999999997,360.788,0.0008,0.011
07.04.2021 08:30:17.573 GMT-0500,361.472,361.10800000000006,0.011,0.011
07.04.2021 08:30:28.217 GMT-0500,361.472,361.148,0.011,0.011
07.04.2021 08:30:32.011 GMT-0500,361.473,361.10699999999997,0.011,0.011
07.04.2021 08:30:32.061 GMT-0500,361.472,361.158,0.011,0.011
07.04.2021 08:30:32.919 GMT-0500,361.48199999999997,361.10800000000006,0.011,0.011
07.04.2021 08:30:33.255 GMT-0500,361.48199999999997,361.16800000000006,0.011,0.0008
07.04.2021 08:30:35.675 GMT-0500,361.48300000000006,361.17699999999996,0.011,0.0008
07.04.2021 08:30:37.247 GMT-0500,361.48300000000006,361.24699999999996,0.0008,0.0075
07.04.2021 08:30:37.298 GMT-0500,363.24199999999996,361.24800000000005,0.011,0.011
07.04.2021 08:30:37.544 GMT-0500,361.48199999999997,361.24800000000005,0.011,0.011
07.04.2021 08:30:43.160 GMT-0500,361.352,361.142,0.0075,0.0008
07.04.2021 08:30:43.210 GMT-0500,361.473,360.48699999999997,0.011,0.011
07.04.2021 08:30:43.430 GMT-0500,361.343,360.48699999999997,0.011,0.011
07.04.2021 08:30:43.481 GMT-0500,361.452,360.48800000000006,0.011,0.011
07.04.2021 08:30:43.652 GMT-0500,361.292,360.48800000000006,0.0008,0.011
07.04.2021 08:30:43.702 GMT-0500,361.412,360.48800000000006,0.011,0.011
07.04.2021 08:30:44.005 GMT-0500,361.39300000000003,360.48699999999997,0.011,0.011
07.04.2021 08:30:44.887 GMT-0500,361.392,360.99800000000005,0.011,0.0075
07.04.2021 08:30:45.346 GMT-0500,361.392,360.79800000000006,0.011,0.011
07.04.2021 08:30:45.447 GMT-0500,361.392,360.958,0.011,0.0008
07.04.2021 08:30:50.951 GMT-0500,361.392,361.098,0.011,0.0075
07.04.2021 08:30:54.409 GMT-0500,361.37199999999996,361.098,0.011,0.011
07.04.2021 08:30:54.459 GMT-0500,361.14300000000003,360.48699999999997,0.011,0.011
07.04.2021 08:30:54.746 GMT-0500,361.12199999999996,360.48800000000006,0.0075,0.011
07.04.2021 08:31:05.040 GMT-0500,360.963,359.137,0.011,0.011
07.04.2021 08:31:05.091 GMT-0500,361.12199999999996,359.13800000000003,0.011,0.011
07.04.2021 08:31:05.902 GMT-0500,361.12300000000005,359.267,0.011,0.0075
07.04.2021 08:31:08.209 GMT-0500,361.102,359.26800000000003,0.0008,0.011
07.04.2021 08:31:08.720 GMT-0500,361.103,359.277,0.011,0.0075
07.04.2021 08:31:14.486 GMT-0500,361.103,359.847,0.011,0.0008
07.04.2021 08:31:15.416 GMT-0500,361.083,359.847,0.0075,0.011
07.04.2021 08:31:15.467 GMT-0500,361.213,359.847,0.011,0.011
07.04.2021 08:31:15.517 GMT-0500,361.212,360.76800000000003,0.011,0.011
07.04.2021 08:31:15.567 GMT-0500,361.103,359.847,0.011,0.011
07.04.2021 08:31:15.668 GMT-0500,361.082,359.848,0.011,0.011
07.04.2021 08:31:17.434 GMT-0500,361.083,360.712,0.011,0.0075
07.04.2021 08:31:17.484 GMT-0500,361.213,359.847,0.011,0.011
07.04.2021 08:31:17.535 GMT-0500,361.213,360.897,0.011,0.011
07.04.2021 08:31:17.949 GMT-0500,361.163,360.897,0.0075,0.011
07.04.2021 08:31:18.000 GMT-0500,361.142,359.848,0.011,0.011
07.04.2021 08:31:18.100 GMT-0500,361.212,359.848,0.011,0.011
07.04.2021 08:31:18.281 GMT-0500,361.18300000000005,359.847,0.011,0.011
07.04.2021 08:31:18.398 GMT-0500,361.213,359.847,0.011,0.011
07.04.2021 08:31:18.449 GMT-0500,361.19300000000004,359.847,0.011,0.011
07.04.2021 08:31:18.563 GMT-0500,361.17199999999997,359.848,0.011,0.011
07.04.2021 08:31:18.613 GMT-0500,361.212,359.848,0.011,0.011
07.04.2021 08:31:20.690 GMT-0500,361.202,360.81800000000004,0.011,0.011
07.04.2021 08:31:20.741 GMT-0500,361.213,359.847,0.011,0.011
07.04.2021 08:31:20.791 GMT-0500,361.163,360.727,0.011,0.011
07.04.2021 08:31:20.841 GMT-0500,361.142,359.848,0.011,0.011
07.04.2021 08:31:20.892 GMT-0500,361.162,359.848,0.011,0.011
07.04.2021 08:31:20.977 GMT-0500,361.18300000000005,359.847,0.011,0.011
07.04.2021 08:31:21.091 GMT-0500,361.12199999999996,359.848,0.011,0.011
07.04.2021 08:31:21.225 GMT-0500,361.212,359.848,0.011,0.011
07.04.2021 08:31:21.275 GMT-0500,361.11199999999997,359.848,0.011,0.011
07.04.2021 08:31:26.931 GMT-0500,361.092,359.848,0.011,0.011
07.04.2021 08:31:28.092 GMT-0500,361.093,360.577,0.011,0.0075
07.04.2021 08:31:29.671 GMT-0500,361.033,360.577,0.011,0.011
07.04.2021 08:31:30.051 GMT-0500,360.892,360.57800000000003,0.0075,0.011
07.04.2021 08:31:30.101 GMT-0500,361.032,360.57800000000003,0.011,0.011
07.04.2021 08:31:31.007 GMT-0500,360.87199999999996,360.57800000000003,0.011,0.011
07.04.2021 08:31:31.057 GMT-0500,361.012,360.57800000000003,0.011,0.011
07.04.2021 08:31:31.107 GMT-0500,361.00300000000004,360.577,0.011,0.011
07.04.2021 08:31:32.002 GMT-0500,360.99199999999996,360.57800000000003,0.0075,0.011
07.04.2021 08:31:32.110 GMT-0500,360.98199999999997,360.57800000000003,0.0075,0.011
07.04.2021 08:31:33.246 GMT-0500,360.962,360.57800000000003,0.0008,0.011
07.04.2021 08:31:33.924 GMT-0500,360.94300000000004,360.577,0.0075,0.011
07.04.2021 08:31:34.025 GMT-0500,360.93199999999996,360.57800000000003,0.011,0.011
07.04.2021 08:31:45.832 GMT-0500,360.93300000000005,360.697,0.011,0.0008
07.04.2021 08:31:45.882 GMT-0500,361.19199999999995,360.12800000000004,0.011,0.011
07.04.2021 08:31:45.932 GMT-0500,361.50300000000004,360.967,0.011,0.011
07.04.2021 08:31:45.983 GMT-0500,361.43199999999996,360.24800000000005,0.011,0.011
07.04.2021 08:31:46.033 GMT-0500,361.24199999999996,360.24800000000005,0.011,0.011
07.04.2021 08:31:46.347 GMT-0500,361.142,360.24800000000005,0.0008,0.011
07.04.2021 08:31:46.398 GMT-0500,361.50199999999995,360.24800000000005,0.011,0.011
07.04.2021 08:31:46.475 GMT-0500,361.30199999999996,360.24800000000005,0.011,0.011
07.04.2021 08:31:46.525 GMT-0500,361.43300000000005,360.24699999999996,0.011,0.011
07.04.2021 08:31:46.576 GMT-0500,361.43199999999996,360.62800000000004,0.011,0.011
07.04.2021 08:31:49.093 GMT-0500,361.23199999999997,360.62800000000004,0.011,0.0075
07.04.2021 08:31:49.144 GMT-0500,361.23300000000006,359.847,0.011,0.011
07.04.2021 08:31:49.865 GMT-0500,361.213,359.847,0.0008,0.011
07.04.2021 08:31:59.418 GMT-0500,361.212,360.658,0.011,0.0008
07.04.2021 08:32:00.294 GMT-0500,361.212,359.848,0.011,0.011
07.04.2021 08:32:00.435 GMT-0500,361.07300000000004,359.847,0.0075,0.011
07.04.2021 08:32:00.485 GMT-0500,361.19199999999995,359.848,0.011,0.011
07.04.2021 08:32:00.537 GMT-0500,361.152,359.848,0.0008,0.011
07.04.2021 08:32:00.944 GMT-0500,361.13300000000004,359.847,0.0075,0.011
07.04.2021 08:32:02.751 GMT-0500,361.11199999999997,359.848,0.0075,0.011
07.04.2021 08:32:03.273 GMT-0500,361.012,359.848,0.011,0.011
07.04.2021 08:32:03.324 GMT-0500,361.092,359.848,0.011,0.011
07.04.2021 08:32:06.326 GMT-0500,361.072,359.848,0.0075,0.011
07.04.2021 08:32:08.554 GMT-0500,360.89300000000003,359.847,0.0075,0.011
07.04.2021 08:32:08.604 GMT-0500,360.962,359.848,0.011,0.011
07.04.2021 08:32:11.034 GMT-0500,360.833,359.847,0.0008,0.011
07.04.2021 08:32:11.085 GMT-0500,360.94300000000004,359.847,0.011,0.011
07.04.2021 08:32:11.144 GMT-0500,360.903,359.847,0.0075,0.011
07.04.2021 08:32:11.267 GMT-0500,360.882,359.848,0.0075,0.011
07.04.2021 08:32:15.226 GMT-0500,360.86199999999997,359.848,0.0075,0.011
07.04.2021 08:32:16.028 GMT-0500,360.842,359.848,0.0075,0.011
07.04.2021 08:32:16.171 GMT-0500,360.81300000000005,360.597,0.011,0.011
07.04.2021 08:32:19.268 GMT-0500,360.79300000000006,360.597,0.0075,0.011
07.04.2021 08:32:19.718 GMT-0500,360.782,360.598,0.011,0.011
07.04.2021 08:32:19.769 GMT-0500,360.782,359.848,0.011,0.011
07.04.2021 08:32:19.853 GMT-0500,360.783,360.505,0.011,0.0075
07.04.2021 08:32:23.500 GMT-0500,360.772,360.50199999999995,0.0075,0.0008
07.04.2021 08:32:23.550 GMT-0500,360.773,359.847,0.011,0.011
07.04.2021 08:32:23.601 GMT-0500,360.773,360.597,0.011,0.011
07.04.2021 08:32:25.056 GMT-0500,360.75300000000004,360.597,0.011,0.011
07.04.2021 08:32:30.014 GMT-0500,361.023,360.74699999999996,0.011,0.011
07.04.2021 08:32:30.064 GMT-0500,361.00199999999995,360.75800000000004,0.011,0.011
07.04.2021 08:32:32.133 GMT-0500,361.00300000000004,360.767,0.011,0.0075
07.04.2021 08:32:32.183 GMT-0500,361.00199999999995,360.75800000000004,0.011,0.011
07.04.2021 08:32:32.279 GMT-0500,361.00199999999995,360.76800000000003,0.011,0.0075
07.04.2021 08:32:32.502 GMT-0500,361.00300000000004,360.757,0.011,0.011
07.04.2021 08:32:33.074 GMT-0500,361.00300000000004,360.767,0.011,0.0075
07.04.2021 08:32:33.613 GMT-0500,361.00199999999995,360.75800000000004,0.011,0.011
07.04.2021 08:32:34.125 GMT-0500,361.00199999999995,360.778,0.011,0.0008
07.04.2021 08:32:34.483 GMT-0500,361.00199999999995,360.75800000000004,0.011,0.011
07.04.2021 08:32:34.563 GMT-0500,361.00199999999995,360.778,0.011,0.011
07.04.2021 08:32:34.613 GMT-0500,361.222,360.778,0.011,0.011
07.04.2021 08:32:34.672 GMT-0500,361.202,360.778,0.0075,0.011
07.04.2021 08:32:34.773 GMT-0500,361.142,360.24800000000005,0.011,0.011
07.04.2021 08:32:34.823 GMT-0500,361.14300000000003,360.60699999999997,0.011,0.011
07.04.2021 08:32:35.094 GMT-0500,361.12300000000005,360.60699999999997,0.011,0.011
07.04.2021 08:32:36.361 GMT-0500,361.12199999999996,360.87800000000004,0.011,0.0008
07.04.2021 08:32:36.541 GMT-0500,361.142,360.87800000000004,0.011,0.011
07.04.2021 08:32:36.641 GMT-0500,361.102,360.87800000000004,0.011,0.011
07.04.2021 08:32:36.767 GMT-0500,361.082,360.87800000000004,0.011,0.011
07.04.2021 08:32:41.821 GMT-0500,361.06300000000005,360.87699999999995,0.011,0.011
07.04.2021 08:32:45.118 GMT-0500,361.14300000000003,360.887,0.011,0.011
07.04.2021 08:32:48.518 GMT-0500,361.14300000000003,360.92699999999996,0.011,0.011
07.04.2021 08:32:54.204 GMT-0500,361.153,360.24699999999996,0.011,0.011
07.04.2021 08:32:54.286 GMT-0500,361.14300000000003,360.24699999999996,0.011,0.011
07.04.2021 08:32:55.049 GMT-0500,361.132,360.24800000000005,0.011,0.011
07.04.2021 08:33:04.982 GMT-0500,361.01300000000003,360.60699999999997,0.0008,0.0008
07.04.2021 08:33:05.033 GMT-0500,361.032,360.60800000000006,0.011,0.011
07.04.2021 08:33:05.086 GMT-0500,361.012,360.60800000000006,0.011,0.011
07.04.2021 08:33:05.275 GMT-0500,360.99300000000005,360.24699999999996,0.011,0.011
07.04.2021 08:33:05.325 GMT-0500,360.99300000000005,360.60699999999997,0.011,0.011
07.04.2021 08:33:09.752 GMT-0500,360.973,360.60699999999997,0.0075,0.0008
07.04.2021 08:33:09.802 GMT-0500,360.973,360.24699999999996,0.011,0.011
07.04.2021 08:33:10.032 GMT-0500,360.95300000000003,360.24699999999996,0.0075,0.011
07.04.2021 08:33:15.377 GMT-0500,360.93300000000005,360.24699999999996,0.0008,0.011
07.04.2021 08:33:25.413 GMT-0500,360.913,360.24699999999996,0.0008,0.011
07.04.2021 08:33:27.931 GMT-0500,360.892,360.24800000000005,0.011,0.011
07.04.2021 08:33:27.982 GMT-0500,360.912,360.24800000000005,0.011,0.011
07.04.2021 08:33:28.776 GMT-0500,360.913,360.647,0.011,0.0008
07.04.2021 08:33:29.371 GMT-0500,360.913,360.24699999999996,0.011,0.011
07.04.2021 08:33:30.128 GMT-0500,360.913,360.647,0.011,0.0008
07.04.2021 08:33:30.290 GMT-0500,360.912,360.24800000000005,0.011,0.011
07.04.2021 08:33:30.364 GMT-0500,360.913,360.647,0.011,0.011
07.04.2021 08:33:30.497 GMT-0500,360.86300000000006,360.24699999999996,0.011,0.011
07.04.2021 08:33:30.548 GMT-0500,360.89300000000003,360.24699999999996,0.011,0.011
07.04.2021 08:33:31.279 GMT-0500,360.86300000000006,360.24699999999996,0.011,0.011
07.04.2021 08:33:31.329 GMT-0500,360.87300000000005,360.24699999999996,0.011,0.011
07.04.2021 08:33:31.470 GMT-0500,360.852,360.24800000000005,0.011,0.011
07.04.2021 08:33:32.461 GMT-0500,360.842,360.24800000000005,0.011,0.011
07.04.2021 08:33:32.659 GMT-0500,360.832,360.24800000000005,0.011,0.011
07.04.2021 08:33:32.906 GMT-0500,360.843,360.24699999999996,0.011,0.011
07.04.2021 08:33:32.957 GMT-0500,360.842,360.67800000000005,0.011,0.011
07.04.2021 08:33:33.443 GMT-0500,360.833,360.67699999999996,0.0075,0.011
07.04.2021 08:33:33.493 GMT-0500,360.843,360.67699999999996,0.011,0.011
07.04.2021 08:33:34.216 GMT-0500,361.223,360.24699999999996,0.011,0.011
07.04.2021 08:33:34.267 GMT-0500,361.223,360.837,0.011,0.011
07.04.2021 08:33:34.600 GMT-0500,361.20300000000003,360.837,0.011,0.011
07.04.2021 08:33:34.852 GMT-0500,361.18199999999996,360.838,0.0075,0.011
07.04.2021 08:33:36.470 GMT-0500,361.17300000000006,360.837,0.011,0.011
07.04.2021 08:33:37.965 GMT-0500,361.163,360.837,0.0075,0.011
07.04.2021 08:33:38.342 GMT-0500,361.142,360.838,0.011,0.011
07.04.2021 08:33:40.274 GMT-0500,361.13300000000004,360.837,0.0008,0.0075
07.04.2021 08:33:40.324 GMT-0500,360.99199999999996,360.24800000000005,0.011,0.011
07.04.2021 08:33:40.375 GMT-0500,360.973,360.24699999999996,0.011,0.011
07.04.2021 08:33:40.508 GMT-0500,360.973,360.657,0.011,0.011
07.04.2021 08:33:40.749 GMT-0500,360.95300000000003,360.657,0.0008,0.011
07.04.2021 08:33:41.208 GMT-0500,360.87199999999996,360.658,0.0075,0.0008
07.04.2021 08:33:41.258 GMT-0500,360.972,360.24800000000005,0.011,0.011
07.04.2021 08:33:41.308 GMT-0500,360.95300000000003,360.24699999999996,0.011,0.011
07.04.2021 08:33:41.462 GMT-0500,360.86199999999997,360.24800000000005,0.0008,0.011
07.04.2021 08:33:41.981 GMT-0500,360.76300000000003,360.24699999999996,0.0075,0.011
07.04.2021 08:33:42.031 GMT-0500,360.843,360.24699999999996,0.011,0.011
07.04.2021 08:33:42.082 GMT-0500,360.822,360.24800000000005,0.011,0.011
07.04.2021 08:33:42.360 GMT-0500,360.81199999999995,360.24800000000005,0.0008,0.011
07.04.2021 08:33:42.561 GMT-0500,360.79300000000006,360.24699999999996,0.0075,0.011
07.04.2021 08:33:42.755 GMT-0500,360.783,360.24699999999996,0.011,0.011
07.04.2021 08:33:43.264 GMT-0500,360.842,360.24800000000005,0.011,0.011
07.04.2021 08:33:43.446 GMT-0500,360.81300000000005,360.24699999999996,0.0075,0.011
07.04.2021 08:33:43.877 GMT-0500,360.81300000000005,360.507,0.011,0.0008
07.04.2021 08:33:43.927 GMT-0500,360.81199999999995,360.24800000000005,0.011,0.011
07.04.2021 08:33:43.983 GMT-0500,360.80199999999996,360.24800000000005,0.0075,0.011
07.04.2021 08:33:44.214 GMT-0500,360.792,360.50800000000004,0.011,0.0075
07.04.2021 08:33:44.719 GMT-0500,360.79300000000006,360.24699999999996,0.011,0.011
07.04.2021 08:33:46.549 GMT-0500,360.782,360.24800000000005,0.0008,0.011
07.04.2021 08:33:51.042 GMT-0500,360.773,360.24699999999996,0.011,0.011
07.04.2021 08:33:55.058 GMT-0500,360.762,360.24800000000005,0.011,0.011
07.04.2021 08:33:56.621 GMT-0500,360.76300000000003,359.847,0.011,0.011
07.04.2021 08:33:56.685 GMT-0500,360.76300000000003,360.077,0.011,0.011
07.04.2021 08:33:56.787 GMT-0500,360.62300000000005,360.257,0.0008,0.0008
07.04.2021 08:33:56.837 GMT-0500,360.75199999999995,360.07800000000003,0.011,0.011
07.04.2021 08:33:56.899 GMT-0500,360.75300000000004,360.267,0.011,0.0008
07.04.2021 08:33:57.291 GMT-0500,360.73300000000006,360.267,0.0008,0.011
07.04.2021 08:33:57.392 GMT-0500,360.73300000000006,360.517,0.011,0.011
07.04.2021 08:33:58.277 GMT-0500,360.74300000000005,360.517,0.011,0.011
07.04.2021 08:34:00.461 GMT-0500,360.74199999999996,360.26800000000003,0.011,0.011
07.04.2021 08:34:00.511 GMT-0500,360.712,360.26800000000003,0.011,0.011
07.04.2021 08:34:01.241 GMT-0500,360.712,360.07800000000003,0.011,0.011
07.04.2021 08:34:01.378 GMT-0500,360.713,360.267,0.011,0.011
07.04.2021 08:34:09.643 GMT-0500,360.702,360.26800000000003,0.0075,0.011
07.04.2021 08:34:09.794 GMT-0500,360.653,360.077,0.011,0.011
07.04.2021 08:34:09.844 GMT-0500,360.642,360.07800000000003,0.011,0.011
07.04.2021 08:34:10.327 GMT-0500,360.62199999999996,360.07800000000003,0.011,0.011
07.04.2021 08:34:15.108 GMT-0500,360.62300000000005,360.30699999999996,0.011,0.0008
07.04.2021 08:34:17.070 GMT-0500,360.62300000000005,360.077,0.011,0.011
07.04.2021 08:34:17.470 GMT-0500,360.48199999999997,360.12800000000004,0.011,0.011
07.04.2021 08:34:17.674 GMT-0500,360.472,359.848,0.011,0.011
07.04.2021 08:34:18.102 GMT-0500,360.472,360.12800000000004,0.011,0.0075
07.04.2021 08:34:18.739 GMT-0500,360.43300000000005,359.847,0.011,0.011
07.04.2021 08:34:19.154 GMT-0500,360.43199999999996,360.228,0.011,0.0075
07.04.2021 08:34:19.501 GMT-0500,360.43300000000005,359.847,0.011,0.011
07.04.2021 08:34:19.640 GMT-0500,360.43199999999996,360.23800000000006,0.011,0.011
07.04.2021 08:34:20.062 GMT-0500,360.43199999999996,359.848,0.011,0.011
07.04.2021 08:34:20.168 GMT-0500,360.43300000000005,360.137,0.011,0.0075
07.04.2021 08:34:20.541 GMT-0500,360.43300000000005,359.847,0.011,0.011
07.04.2021 08:34:20.656 GMT-0500,360.43199999999996,360.13800000000003,0.011,0.0075
07.04.2021 08:34:23.795 GMT-0500,360.42300000000006,360.137,0.011,0.011
07.04.2021 08:34:23.915 GMT-0500,360.412,360.13800000000003,0.0008,0.011
07.04.2021 08:34:24.362 GMT-0500,360.412,360.23800000000006,0.011,0.0008
07.04.2021 08:34:24.871 GMT-0500,360.412,360.13800000000003,0.011,0.011
07.04.2021 08:34:32.190 GMT-0500,360.475,360.407,0.0075,0.0008
07.04.2021 08:34:32.240 GMT-0500,360.94300000000004,360.137,0.011,0.011
07.04.2021 08:34:32.312 GMT-0500,360.50199999999995,360.13800000000003,0.011,0.011
07.04.2021 08:34:38.970 GMT-0500,360.343,360.137,0.0008,0.0075
07.04.2021 08:34:39.020 GMT-0500,360.49199999999996,360.00800000000004,0.011,0.011
07.04.2021 08:34:39.219 GMT-0500,360.352,360.00800000000004,0.0008,0.011
07.04.2021 08:34:44.123 GMT-0500,360.94199999999995,360.00800000000004,0.011,0.011
07.04.2021 08:34:44.244 GMT-0500,360.353,360.017,0.0075,0.0075
07.04.2021 08:34:44.408 GMT-0500,360.353,360.007,0.011,0.011
07.04.2021 08:34:45.263 GMT-0500,360.352,360.148,0.011,0.0008
07.04.2021 08:34:46.943 GMT-0500,360.352,360.00800000000004,0.011,0.011
07.04.2021 08:34:57.223 GMT-0500,360.25199999999995,360.00800000000004,0.0008,0.0075
07.04.2021 08:34:57.273 GMT-0500,360.54300000000006,360.017,0.011,0.011
07.04.2021 08:34:57.345 GMT-0500,360.31199999999995,360.01800000000003,0.0075,0.0008
07.04.2021 08:34:57.395 GMT-0500,360.31300000000005,359.847,0.011,0.011
07.04.2021 08:34:57.604 GMT-0500,360.31300000000005,360.04699999999997,0.011,0.0008
07.04.2021 08:34:58.622 GMT-0500,360.31300000000005,359.847,0.011,0.011
07.04.2021 08:34:59.889 GMT-0500,360.292,359.848,0.0075,0.011
07.04.2021 08:35:01.304 GMT-0500,360.17199999999997,359.848,0.0008,0.011
07.04.2021 08:35:01.354 GMT-0500,360.07300000000004,359.507,0.011,0.011
07.04.2021 08:35:01.408 GMT-0500,360.072,359.51800000000003,0.011,0.0008
07.04.2021 08:35:02.134 GMT-0500,360.05199999999996,359.51800000000003,0.011,0.011
07.04.2021 08:35:02.184 GMT-0500,360.07300000000004,359.517,0.011,0.011
07.04.2021 08:35:02.235 GMT-0500,360.05300000000005,359.517,0.011,0.011
07.04.2021 08:35:02.285 GMT-0500,360.07300000000004,359.517,0.011,0.011
07.04.2021 08:35:02.506 GMT-0500,360.06199999999995,359.51800000000003,0.0075,0.011
07.04.2021 08:35:03.017 GMT-0500,360.05199999999996,359.51800000000003,0.0008,0.011
07.04.2021 08:35:03.068 GMT-0500,360.06300000000005,359.517,0.011,0.011
07.04.2021 08:35:05.078 GMT-0500,360.05300000000005,359.517,0.0008,0.011
07.04.2021 08:35:05.128 GMT-0500,360.06300000000005,359.517,0.011,0.011
07.04.2021 08:35:08.522 GMT-0500,360.05199999999996,359.51800000000003,0.011,0.011
07.04.2021 08:35:08.700 GMT-0500,359.952,359.51800000000003,0.0008,0.011
07.04.2021 08:35:09.644 GMT-0500,360.06199999999995,359.93800000000005,0.011,0.011
07.04.2021 08:35:09.694 GMT-0500,360.022,359.80800000000005,0.011,0.011
07.04.2021 08:35:09.880 GMT-0500,360.012,359.80800000000005,0.011,0.011
07.04.2021 08:35:09.930 GMT-0500,360.023,359.80699999999996,0.011,0.011
07.04.2021 08:35:09.995 GMT-0500,360.00199999999995,359.80800000000005,0.0075,0.011
07.04.2021 08:35:10.095 GMT-0500,360.022,359.80800000000005,0.011,0.011
07.04.2021 08:35:10.163 GMT-0500,360.012,359.80800000000005,0.011,0.011
07.04.2021 08:35:10.277 GMT-0500,360.023,359.80699999999996,0.011,0.011
07.04.2021 08:35:10.744 GMT-0500,360.00199999999995,359.80800000000005,0.0075,0.011
07.04.2021 08:35:10.795 GMT-0500,360.022,359.80800000000005,0.011,0.011
07.04.2021 08:35:10.946 GMT-0500,360.00300000000004,359.80699999999996,0.0008,0.011
07.04.2021 08:35:11.445 GMT-0500,359.99300000000005,359.80699999999996,0.011,0.011
07.04.2021 08:35:11.495 GMT-0500,360.022,359.80800000000005,0.011,0.011
07.04.2021 08:35:11.575 GMT-0500,360.00199999999995,359.80800000000005,0.011,0.011
07.04.2021 08:35:11.625 GMT-0500,360.023,359.80699999999996,0.011,0.011
07.04.2021 08:35:11.747 GMT-0500,360.00199999999995,359.80800000000005,0.011,0.011
07.04.2021 08:35:11.948 GMT-0500,360.023,359.80699999999996,0.011,0.011
07.04.2021 08:35:12.742 GMT-0500,360.00199999999995,359.80800000000005,0.0008,0.011
07.04.2021 08:35:14.606 GMT-0500,359.99300000000005,359.80699999999996,0.011,0.011
07.04.2021 08:35:14.813 GMT-0500,359.98199999999997,359.80800000000005,0.011,0.011
07.04.2021 08:35:15.109 GMT-0500,359.99300000000005,359.80699999999996,0.011,0.011
07.04.2021 08:35:15.348 GMT-0500,359.98300000000006,359.80699999999996,0.0075,0.011
07.04.2021 08:35:15.525 GMT-0500,359.972,359.80800000000005,0.011,0.011
07.04.2021 08:35:15.596 GMT-0500,359.95300000000003,359.517,0.011,0.011
07.04.2021 08:35:15.801 GMT-0500,359.962,359.51800000000003,0.0008,0.011
07.04.2021 08:35:18.186 GMT-0500,359.952,359.51800000000003,0.011,0.011
07.04.2021 08:35:18.703 GMT-0500,359.962,359.728,0.011,0.011
07.04.2021 08:35:18.753 GMT-0500,359.963,359.527,0.011,0.011
07.04.2021 08:35:19.292 GMT-0500,359.913,359.697,0.0075,0.0075
07.04.2021 08:35:19.343 GMT-0500,359.963,359.527,0.011,0.011
07.04.2021 08:35:19.404 GMT-0500,359.952,359.528,0.0008,0.0075
07.04.2021 08:35:19.454 GMT-0500,359.952,359.51800000000003,0.011,0.011
07.04.2021 08:35:19.504 GMT-0500,359.93199999999996,359.51800000000003,0.011,0.011
07.04.2021 08:35:19.954 GMT-0500,359.87300000000005,359.517,0.0075,0.011
07.04.2021 08:35:20.005 GMT-0500,359.92300000000006,359.517,0.011,0.011
07.04.2021 08:35:20.254 GMT-0500,359.93199999999996,359.51800000000003,0.011,0.011
07.04.2021 08:35:23.274 GMT-0500,359.912,359.51800000000003,0.0008,0.011
07.04.2021 08:35:23.575 GMT-0500,359.92199999999997,359.51800000000003,0.011,0.011
07.04.2021 08:35:23.625 GMT-0500,359.913,359.507,0.011,0.011
07.04.2021 08:35:23.758 GMT-0500,359.902,359.50800000000004,0.011,0.011
07.04.2021 08:35:27.026 GMT-0500,359.902,359.56800000000004,0.011,0.011
07.04.2021 08:35:29.988 GMT-0500,360.12199999999996,359.56800000000004,0.011,0.011
07.04.2021 08:35:30.041 GMT-0500,360.343,359.56699999999995,0.011,0.011
07.04.2021 08:35:30.091 GMT-0500,360.153,359.56699999999995,0.011,0.011
07.04.2021 08:35:30.255 GMT-0500,360.12300000000005,359.56699999999995,0.0008,0.011
07.04.2021 08:35:30.983 GMT-0500,360.06199999999995,359.56800000000004,0.0008,0.011
07.04.2021 08:35:31.150 GMT-0500,360.06300000000005,359.827,0.011,0.0075
07.04.2021 08:35:31.200 GMT-0500,360.06300000000005,359.54699999999997,0.011,0.011
07.04.2021 08:35:32.367 GMT-0500,360.06300000000005,359.81699999999995,0.011,0.011
07.04.2021 08:35:32.417 GMT-0500,360.06199999999995,359.54800000000006,0.011,0.011
07.04.2021 08:35:32.733 GMT-0500,360.06199999999995,359.81800000000004,0.011,0.011
07.04.2021 08:35:33.092 GMT-0500,360.06300000000005,359.947,0.0008,0.0075
07.04.2021 08:35:33.142 GMT-0500,360.212,359.81800000000004,0.011,0.011
07.04.2021 08:35:33.239 GMT-0500,360.19300000000004,359.81699999999995,0.0075,0.011
07.04.2021 08:35:33.897 GMT-0500,360.18199999999996,359.81800000000004,0.011,0.011
07.04.2021 08:35:33.947 GMT-0500,360.262,359.54800000000006,0.011,0.011
07.04.2021 08:35:36.052 GMT-0500,360.26300000000003,359.847,0.011,0.0075
07.04.2021 08:35:36.997 GMT-0500,360.26300000000003,359.86699999999996,0.011,0.0008
07.04.2021 08:35:38.640 GMT-0500,360.25199999999995,359.86800000000005,0.0008,0.011
07.04.2021 08:35:38.795 GMT-0500,360.26300000000003,359.86699999999996,0.011,0.011
07.04.2021 08:35:38.846 GMT-0500,360.222,359.86800000000005,0.011,0.011
07.04.2021 08:35:39.491 GMT-0500,360.162,359.86800000000005,0.011,0.011
07.04.2021 08:35:39.542 GMT-0500,360.353,359.87699999999995,0.011,0.011
07.04.2021 08:35:39.592 GMT-0500,360.163,359.87699999999995,0.011,0.011
07.04.2021 08:35:39.643 GMT-0500,360.163,359.86699999999996,0.011,0.011
07.04.2021 08:35:39.694 GMT-0500,360.163,359.54699999999997,0.011,0.011
07.04.2021 08:35:40.046 GMT-0500,360.163,359.86699999999996,0.011,0.011
07.04.2021 08:35:42.057 GMT-0500,360.163,359.87699999999995,0.011,0.011
07.04.2021 08:35:42.729 GMT-0500,360.153,359.87699999999995,0.0008,0.011
07.04.2021 08:35:43.097 GMT-0500,360.153,359.897,0.011,0.011
07.04.2021 08:35:43.781 GMT-0500,360.162,359.898,0.011,0.011
07.04.2021 08:35:43.831 GMT-0500,360.132,359.898,0.011,0.011
07.04.2021 08:35:44.150 GMT-0500,360.163,359.897,0.011,0.011
07.04.2021 08:35:44.470 GMT-0500,359.902,359.87699999999995,0.0008,0.0075
07.04.2021 08:35:44.520 GMT-0500,360.092,359.538,0.011,0.011
07.04.2021 08:35:44.596 GMT-0500,360.07300000000004,359.537,0.0008,0.011
07.04.2021 08:35:45.085 GMT-0500,360.092,359.538,0.011,0.011
07.04.2021 08:35:51.333 GMT-0500,360.072,359.88800000000003,0.0008,0.0008
07.04.2021 08:35:51.383 GMT-0500,360.36199999999997,359.538,0.011,0.011
07.04.2021 08:35:51.434 GMT-0500,360.36199999999997,359.91800000000006,0.011,0.011
07.04.2021 08:35:51.484 GMT-0500,360.36199999999997,359.538,0.011,0.011
07.04.2021 08:35:51.534 GMT-0500,360.322,359.538,0.011,0.011
07.04.2021 08:35:51.635 GMT-0500,360.412,359.538,0.011,0.011
07.04.2021 08:35:51.690 GMT-0500,360.352,359.94800000000004,0.011,0.011
07.04.2021 08:35:52.124 GMT-0500,360.352,359.538,0.011,0.011
07.04.2021 08:35:52.175 GMT-0500,360.322,359.538,0.011,0.011
07.04.2021 08:35:53.286 GMT-0500,360.30199999999996,359.538,0.0008,0.011
07.04.2021 08:35:54.998 GMT-0500,360.30199999999996,359.79800000000006,0.011,0.0075
07.04.2021 08:35:55.816 GMT-0500,360.30199999999996,359.538,0.011,0.011
07.04.2021 08:35:55.937 GMT-0500,360.30300000000005,359.827,0.011,0.011
07.04.2021 08:35:56.559 GMT-0500,360.30300000000005,359.537,0.011,0.011
07.04.2021 08:35:57.022 GMT-0500,360.282,359.538,0.0008,0.011
07.04.2021 08:35:57.304 GMT-0500,360.30199999999996,359.76800000000003,0.011,0.011
07.04.2021 08:35:57.454 GMT-0500,360.262,359.76800000000003,0.011,0.011
07.04.2021 08:35:57.712 GMT-0500,360.30300000000005,359.767,0.011,0.011
07.04.2021 08:35:58.032 GMT-0500,360.26300000000003,359.767,0.0075,0.011
07.04.2021 08:35:58.082 GMT-0500,360.542,359.76800000000003,0.011,0.011
07.04.2021 08:35:58.140 GMT-0500,360.31199999999995,359.76800000000003,0.011,0.011
07.04.2021 08:35:58.267 GMT-0500,360.292,359.908,0.0075,0.0008
07.04.2021 08:35:58.317 GMT-0500,360.292,359.87800000000004,0.011,0.011
07.04.2021 08:35:58.424 GMT-0500,360.272,359.87800000000004,0.0075,0.011
07.04.2021 08:35:58.525 GMT-0500,360.31199999999995,359.87800000000004,0.011,0.011
07.04.2021 08:35:58.649 GMT-0500,360.31199999999995,359.86800000000005,0.011,0.011
07.04.2021 08:35:58.751 GMT-0500,360.292,359.76800000000003,0.011,0.011
07.04.2021 08:35:58.801 GMT-0500,360.273,359.767,0.011,0.011
07.04.2021 08:35:58.914 GMT-0500,360.272,359.81800000000004,0.011,0.011
07.04.2021 08:35:59.134 GMT-0500,360.24199999999996,359.81800000000004,0.0075,0.011
07.04.2021 08:35:59.185 GMT-0500,360.273,359.81699999999995,0.011,0.011
07.04.2021 08:35:59.273 GMT-0500,360.273,359.847,0.011,0.0008
07.04.2021 08:35:59.761 GMT-0500,360.26300000000003,359.847,0.011,0.011
07.04.2021 08:35:59.874 GMT-0500,360.272,359.848,0.011,0.011
07.04.2021 08:35:59.925 GMT-0500,360.262,359.848,0.011,0.011
07.04.2021 08:35:59.975 GMT-0500,360.24199999999996,359.76800000000003,0.011,0.011
07.04.2021 08:36:00.305 GMT-0500,360.273,359.92699999999996,0.011,0.011
07.04.2021 08:36:00.406 GMT-0500,360.25300000000004,359.767,0.011,0.011
07.04.2021 08:36:00.456 GMT-0500,360.262,359.958,0.011,0.011
07.04.2021 08:36:00.605 GMT-0500,360.542,359.76800000000003,0.011,0.011
07.04.2021 08:36:00.681 GMT-0500,360.23300000000006,359.99699999999996,0.0075,0.0075
07.04.2021 08:36:00.812 GMT-0500,360.212,359.99800000000005,0.0008,0.011
07.04.2021 08:36:00.862 GMT-0500,360.30300000000005,359.99699999999996,0.011,0.011
07.04.2021 08:36:00.920 GMT-0500,360.24199999999996,359.99800000000005,0.0075,0.011
07.04.2021 08:36:00.973 GMT-0500,360.30199999999996,359.99800000000005,0.011,0.011
07.04.2021 08:36:01.028 GMT-0500,360.24300000000005,359.99699999999996,0.0008,0.011
07.04.2021 08:36:01.078 GMT-0500,360.542,359.99800000000005,0.011,0.011
07.04.2021 08:36:01.142 GMT-0500,360.272,359.99800000000005,0.0008,0.011
07.04.2021 08:36:01.192 GMT-0500,360.222,359.76800000000003,0.011,0.011
07.04.2021 08:36:01.353 GMT-0500,360.272,359.76800000000003,0.011,0.011
07.04.2021 08:36:01.449 GMT-0500,360.54300000000006,359.767,0.011,0.011
07.04.2021 08:36:01.564 GMT-0500,360.24300000000005,359.767,0.0008,0.011
07.04.2021 08:36:02.047 GMT-0500,360.24300000000005,359.537,0.011,0.011
07.04.2021 08:36:06.664 GMT-0500,360.25300000000004,359.537,0.011,0.011
07.04.2021 08:36:06.715 GMT-0500,360.25300000000004,359.947,0.011,0.0008
07.04.2021 08:36:06.821 GMT-0500,360.23199999999997,359.94800000000004,0.0075,0.011
07.04.2021 08:36:06.872 GMT-0500,360.25199999999995,359.94800000000004,0.011,0.011
07.04.2021 08:36:07.011 GMT-0500,360.25300000000004,360.027,0.011,0.0008
07.04.2021 08:36:07.111 GMT-0500,360.25199999999995,359.538,0.011,0.011
07.04.2021 08:36:07.197 GMT-0500,360.25300000000004,359.977,0.011,0.011
07.04.2021 08:36:07.757 GMT-0500,360.25199999999995,359.538,0.011,0.011
07.04.2021 08:36:07.808 GMT-0500,360.25199999999995,359.958,0.011,0.011
07.04.2021 08:36:08.563 GMT-0500,360.19199999999995,359.538,0.011,0.011
07.04.2021 08:36:08.720 GMT-0500,360.212,359.54800000000006,0.0008,0.011
07.04.2021 08:36:09.618 GMT-0500,360.213,359.537,0.011,0.011
07.04.2021 08:36:09.789 GMT-0500,360.213,359.947,0.011,0.0008
07.04.2021 08:36:10.049 GMT-0500,360.19199999999995,359.94800000000004,0.0075,0.011
07.04.2021 08:36:10.099 GMT-0500,360.213,359.947,0.011,0.011
07.04.2021 08:36:10.774 GMT-0500,360.54300000000006,359.947,0.011,0.011
07.04.2021 08:36:10.838 GMT-0500,360.153,359.947,0.0075,0.011
07.04.2021 08:36:12.874 GMT-0500,360.153,359.537,0.011,0.011
07.04.2021 08:36:13.739 GMT-0500,360.152,359.96500000000003,0.011,0.0008
07.04.2021 08:36:13.906 GMT-0500,360.16800000000006,360.148,0.0075,0.0008
07.04.2021 08:36:13.957 GMT-0500,360.352,360.028,0.011,0.011
07.04.2021 08:36:14.910 GMT-0500,360.31199999999995,360.028,0.0008,0.0075
07.04.2021 08:36:14.961 GMT-0500,360.352,359.538,0.011,0.011
07.04.2021 08:36:15.016 GMT-0500,360.342,359.538,0.011,0.011
07.04.2021 08:36:15.185 GMT-0500,360.542,359.538,0.011,0.011
07.04.2021 08:36:15.235 GMT-0500,360.25199999999995,359.538,0.011,0.011
07.04.2021 08:36:15.286 GMT-0500,360.352,359.538,0.011,0.011
07.04.2021 08:36:15.373 GMT-0500,360.272,359.538,0.0008,0.011
07.04.2021 08:36:15.474 GMT-0500,360.542,360.028,0.011,0.011
07.04.2021 08:36:15.585 GMT-0500,360.352,360.028,0.011,0.011
07.04.2021 08:36:16.242 GMT-0500,360.30199999999996,360.028,0.0008,0.011
07.04.2021 08:36:16.709 GMT-0500,360.272,360.028,0.011,0.011
07.04.2021 08:36:17.128 GMT-0500,360.542,360.028,0.011,0.011
07.04.2021 08:36:17.277 GMT-0500,360.195,360.027,0.0075,0.011
07.04.2021 08:36:17.449 GMT-0500,360.202,360.028,0.011,0.011
07.04.2021 08:36:17.499 GMT-0500,360.19199999999995,360.028,0.011,0.011
07.04.2021 08:36:17.745 GMT-0500,360.202,360.028,0.011,0.011
07.04.2021 08:36:21.291 GMT-0500,360.202,360.04800000000006,0.011,0.011
07.04.2021 08:36:21.393 GMT-0500,360.202,360.05800000000005,0.011,0.011
07.04.2021 08:36:21.461 GMT-0500,360.20300000000003,359.537,0.011,0.011
07.04.2021 08:36:21.742 GMT-0500,360.20300000000003,360.037,0.011,0.011
07.04.2021 08:36:21.793 GMT-0500,360.20300000000003,359.537,0.011,0.011
07.04.2021 08:36:22.257 GMT-0500,360.20300000000003,360.037,0.011,0.011
07.04.2021 08:36:22.489 GMT-0500,360.542,360.05800000000005,0.011,0.011
07.04.2021 08:36:22.550 GMT-0500,360.36300000000006,360.05699999999996,0.0008,0.011
07.04.2021 08:36:23.486 GMT-0500,360.36300000000006,359.537,0.011,0.011
07.04.2021 08:36:24.137 GMT-0500,360.342,359.538,0.0008,0.011
07.04.2021 08:36:24.238 GMT-0500,360.333,359.537,0.011,0.011
07.04.2021 08:36:24.535 GMT-0500,360.36199999999997,359.538,0.011,0.011
07.04.2021 08:36:24.957 GMT-0500,360.333,359.537,0.0008,0.011
07.04.2021 08:36:25.057 GMT-0500,360.36199999999997,359.538,0.011,0.011
07.04.2021 08:36:25.197 GMT-0500,360.36199999999997,360.05800000000005,0.011,0.0075
07.04.2021 08:36:26.533 GMT-0500,360.36199999999997,359.538,0.011,0.011
07.04.2021 08:36:26.682 GMT-0500,360.54300000000006,359.537,0.011,0.011
07.04.2021 08:36:26.732 GMT-0500,360.54300000000006,360.06699999999995,0.011,0.011
07.04.2021 08:36:26.838 GMT-0500,360.31199999999995,359.538,0.011,0.011
07.04.2021 08:36:26.888 GMT-0500,360.343,360.05699999999996,0.011,0.011
07.04.2021 08:36:27.132 GMT-0500,360.343,360.10699999999997,0.011,0.0008
07.04.2021 08:36:27.429 GMT-0500,360.343,360.05699999999996,0.011,0.011
07.04.2021 08:36:27.508 GMT-0500,360.31199999999995,360.05800000000005,0.0075,0.011
07.04.2021 08:36:27.559 GMT-0500,360.342,360.05800000000005,0.011,0.011
07.04.2021 08:36:27.760 GMT-0500,360.333,360.05699999999996,0.0075,0.011
07.04.2021 08:36:28.864 GMT-0500,360.322,359.538,0.011,0.011
07.04.2021 08:36:28.915 GMT-0500,360.333,359.537,0.011,0.011
07.04.2021 08:36:29.243 GMT-0500,360.31199999999995,359.538,0.0008,0.011
07.04.2021 08:36:29.294 GMT-0500,360.332,359.538,0.011,0.011
07.04.2021 08:36:29.722 GMT-0500,360.31300000000005,359.537,0.011,0.011
07.04.2021 08:36:30.154 GMT-0500,360.333,359.537,0.011,0.011
07.04.2021 08:36:30.363 GMT-0500,360.332,360.082,0.011,0.0008
07.04.2021 08:36:30.464 GMT-0500,360.29300000000006,360.12699999999995,0.011,0.011
07.04.2021 08:36:30.514 GMT-0500,360.292,359.538,0.011,0.011
07.04.2021 08:36:30.601 GMT-0500,360.332,359.538,0.011,0.011
07.04.2021 08:36:30.651 GMT-0500,360.332,360.11800000000005,0.011,0.011
07.04.2021 08:36:30.819 GMT-0500,360.333,360.137,0.011,0.0008
07.04.2021 08:36:30.869 GMT-0500,360.30300000000005,359.537,0.011,0.011
07.04.2021 08:36:31.056 GMT-0500,360.30199999999996,360.11800000000005,0.011,0.011
07.04.2021 08:36:31.162 GMT-0500,360.30199999999996,359.538,0.011,0.011
07.04.2021 08:36:31.282 GMT-0500,360.30199999999996,360.06199999999995,0.011,0.0075
07.04.2021 08:36:31.629 GMT-0500,360.30300000000005,359.537,0.011,0.011
07.04.2021 08:36:31.762 GMT-0500,360.30300000000005,360.06199999999995,0.011,0.0075
07.04.2021 08:36:31.872 GMT-0500,360.30300000000005,359.537,0.011,0.011
07.04.2021 08:36:32.856 GMT-0500,360.30300000000005,360.072,0.0008,0.0075
07.04.2021 08:36:32.906 GMT-0500,360.342,360.10800000000006,0.011,0.011
07.04.2021 08:36:32.957 GMT-0500,360.342,360.13800000000003,0.011,0.011
07.04.2021 08:36:33.103 GMT-0500,360.342,360.10800000000006,0.011,0.011
07.04.2021 08:36:34.096 GMT-0500,360.342,360.11800000000005,0.011,0.0008
07.04.2021 08:36:34.146 GMT-0500,360.342,360.10800000000006,0.011,0.011
07.04.2021 08:36:34.283 GMT-0500,360.343,360.11699999999996,0.011,0.0008
07.04.2021 08:36:34.334 GMT-0500,360.542,360.208,0.011,0.011
07.04.2021 08:36:34.442 GMT-0500,360.30199999999996,360.12800000000004,0.0075,0.011
07.04.2021 08:36:34.873 GMT-0500,360.30300000000005,360.157,0.011,0.011
07.04.2021 08:36:35.898 GMT-0500,360.30199999999996,360.148,0.011,0.011
07.04.2021 08:36:39.236 GMT-0500,360.30300000000005,360.157,0.011,0.011
07.04.2021 08:36:40.027 GMT-0500,360.30300000000005,360.167,0.011,0.0075
07.04.2021 08:36:40.077 GMT-0500,360.30300000000005,360.157,0.011,0.011
07.04.2021 08:36:40.128 GMT-0500,360.30199999999996,360.148,0.011,0.011
07.04.2021 08:36:40.332 GMT-0500,360.292,360.148,0.0075,0.011
07.04.2021 08:36:40.444 GMT-0500,360.30199999999996,360.148,0.011,0.011
07.04.2021 08:36:40.651 GMT-0500,360.272,360.148,0.011,0.011
07.04.2021 08:36:40.701 GMT-0500,360.30300000000005,359.697,0.011,0.011
07.04.2021 08:36:40.855 GMT-0500,360.30300000000005,359.537,0.011,0.011
07.04.2021 08:36:40.905 GMT-0500,360.262,359.60800000000006,0.011,0.011
07.04.2021 08:36:41.221 GMT-0500,360.24300000000005,359.60699999999997,0.011,0.011
07.04.2021 08:36:41.376 GMT-0500,360.23300000000006,359.60699999999997,0.0008,0.011
07.04.2021 08:36:41.427 GMT-0500,360.24199999999996,359.60800000000006,0.011,0.011
07.04.2021 08:36:45.766 GMT-0500,360.24199999999996,360.07800000000003,0.011,0.011
07.04.2021 08:36:46.022 GMT-0500,360.24300000000005,360.087,0.011,0.011
07.04.2021 08:36:46.145 GMT-0500,360.222,360.022,0.0075,0.0008
07.04.2021 08:36:46.196 GMT-0500,360.24300000000005,359.61699999999996,0.011,0.011
07.04.2021 08:36:46.373 GMT-0500,360.24199999999996,360.045,0.011,0.0008
07.04.2021 08:36:47.517 GMT-0500,360.24199999999996,359.61800000000005,0.011,0.011
07.04.2021 08:36:48.178 GMT-0500,360.213,360.037,0.0075,0.0075
07.04.2021 08:36:48.811 GMT-0500,360.223,359.537,0.011,0.011
07.04.2021 08:36:48.876 GMT-0500,360.222,360.017,0.0075,0.0008
07.04.2021 08:36:48.927 GMT-0500,360.24199999999996,360.06800000000004,0.011,0.011
07.04.2021 08:36:48.977 GMT-0500,360.213,360.077,0.011,0.011
07.04.2021 08:36:49.027 GMT-0500,360.24300000000005,359.61699999999996,0.011,0.011
07.04.2021 08:36:49.083 GMT-0500,360.23300000000006,360.037,0.0008,0.0008
07.04.2021 08:36:49.133 GMT-0500,360.223,359.61699999999996,0.011,0.011
07.04.2021 08:36:49.533 GMT-0500,360.213,359.61699999999996,0.011,0.011
07.04.2021 08:36:49.583 GMT-0500,360.223,359.61699999999996,0.011,0.011
07.04.2021 08:36:49.634 GMT-0500,360.213,359.61699999999996,0.011,0.011
07.04.2021 08:36:49.685 GMT-0500,360.222,359.61800000000005,0.011,0.011
07.04.2021 08:36:50.180 GMT-0500,360.24199999999996,359.61800000000005,0.011,0.011
07.04.2021 08:36:50.250 GMT-0500,360.093,359.61699999999996,0.011,0.011
07.04.2021 08:36:50.301 GMT-0500,360.212,359.61800000000005,0.011,0.011
07.04.2021 08:36:50.409 GMT-0500,360.212,359.538,0.011,0.011
07.04.2021 08:36:51.586 GMT-0500,360.213,359.947,0.011,0.0075
07.04.2021 08:36:52.572 GMT-0500,360.06199999999995,359.94800000000004,0.0075,0.0008
07.04.2021 08:36:52.622 GMT-0500,360.06199999999995,359.66800000000006,0.011,0.011
07.04.2021 08:36:53.650 GMT-0500,360.213,359.537,0.011,0.011
07.04.2021 08:36:53.738 GMT-0500,360.092,359.538,0.0008,0.011
07.04.2021 08:36:53.788 GMT-0500,360.202,359.538,0.011,0.011
07.04.2021 08:36:53.841 GMT-0500,360.093,359.537,0.0008,0.011
07.04.2021 08:36:53.891 GMT-0500,360.212,359.538,0.011,0.011
07.04.2021 08:36:53.948 GMT-0500,360.18300000000005,359.537,0.0075,0.011
07.04.2021 08:36:53.999 GMT-0500,360.202,359.538,0.011,0.011
07.04.2021 08:36:54.053 GMT-0500,360.11300000000006,359.85699999999997,0.0075,0.0075
07.04.2021 08:36:54.103 GMT-0500,360.212,359.88800000000003,0.011,0.011
07.04.2021 08:36:54.156 GMT-0500,360.07300000000004,359.897,0.0075,0.0075
07.04.2021 08:36:54.206 GMT-0500,360.213,359.86699999999996,0.011,0.011
07.04.2021 08:36:54.257 GMT-0500,360.20300000000003,359.87699999999995,0.011,0.011
07.04.2021 08:36:54.307 GMT-0500,360.01300000000003,359.647,0.011,0.011
07.04.2021 08:36:54.408 GMT-0500,360.023,359.647,0.011,0.011
07.04.2021 08:36:54.547 GMT-0500,360.023,359.667,0.011,0.0008
07.04.2021 08:36:54.727 GMT-0500,359.93199999999996,359.66800000000006,0.011,0.0008
07.04.2021 08:36:55.008 GMT-0500,359.93199999999996,359.648,0.011,0.011
07.04.2021 08:36:55.291 GMT-0500,359.93300000000005,359.667,0.011,0.011
07.04.2021 08:36:55.415 GMT-0500,359.93300000000005,359.647,0.011,0.011
07.04.2021 08:36:56.092 GMT-0500,359.93300000000005,359.667,0.011,0.0008
07.04.2021 08:36:57.997 GMT-0500,359.93199999999996,359.75800000000004,0.011,0.011
07.04.2021 08:36:59.179 GMT-0500,359.93199999999996,359.66800000000006,0.011,0.011
07.04.2021 08:37:00.080 GMT-0500,359.852,359.66800000000006,0.0008,0.0075
07.04.2021 08:37:00.130 GMT-0500,359.93300000000005,359.647,0.011,0.011
07.04.2021 08:37:00.182 GMT-0500,359.93199999999996,359.66800000000006,0.011,0.0075
07.04.2021 08:37:00.233 GMT-0500,359.93199999999996,359.648,0.011,0.011
07.04.2021 08:37:00.293 GMT-0500,359.93300000000005,359.667,0.011,0.011
07.04.2021 08:37:00.343 GMT-0500,359.93199999999996,359.648,0.011,0.011
07.04.2021 08:37:00.490 GMT-0500,359.93199999999996,359.66800000000006,0.011,0.011
07.04.2021 08:37:00.541 GMT-0500,359.93300000000005,359.647,0.011,0.011
07.04.2021 08:37:01.106 GMT-0500,359.93199999999996,359.66800000000006,0.011,0.0008
07.04.2021 08:37:01.596 GMT-0500,359.98199999999997,359.66800000000006,0.011,0.011
07.04.2021 08:37:01.647 GMT-0500,360.462,359.67800000000005,0.011,0.011
07.04.2021 08:37:03.031 GMT-0500,360.19300000000004,359.67699999999996,0.0008,0.0075
07.04.2021 08:37:03.082 GMT-0500,360.463,359.647,0.011,0.011
07.04.2021 08:37:03.144 GMT-0500,360.153,359.967,0.011,0.011
07.04.2021 08:37:03.273 GMT-0500,360.132,359.968,0.011,0.011
07.04.2021 08:37:03.323 GMT-0500,360.033,359.647,0.011,0.011
07.04.2021 08:37:03.374 GMT-0500,360.07300000000004,359.647,0.011,0.011
07.04.2021 08:37:03.482 GMT-0500,360.132,359.93800000000005,0.0075,0.0075
07.04.2021 08:37:03.533 GMT-0500,360.13300000000004,359.647,0.011,0.011
07.04.2021 08:37:04.296 GMT-0500,360.032,359.648,0.0075,0.011
07.04.2021 08:37:04.347 GMT-0500,360.542,359.788,0.011,0.011
07.04.2021 08:37:04.465 GMT-0500,360.202,359.67800000000005,0.011,0.011
07.04.2021 08:37:04.577 GMT-0500,360.13300000000004,359.67699999999996,0.0075,0.011
07.04.2021 08:37:08.114 GMT-0500,360.13300000000004,359.68699999999995,0.011,0.0008
07.04.2021 08:37:08.244 GMT-0500,360.13300000000004,359.647,0.011,0.011
07.04.2021 08:37:08.530 GMT-0500,360.132,359.68800000000005,0.011,0.0008
07.04.2021 08:37:08.816 GMT-0500,360.132,359.648,0.011,0.011
07.04.2021 08:37:08.877 GMT-0500,360.132,359.68800000000005,0.011,0.0075
07.04.2021 08:37:09.174 GMT-0500,360.132,359.648,0.011,0.011
07.04.2021 08:37:10.460 GMT-0500,360.13300000000004,359.68699999999995,0.011,0.0008
07.04.2021 08:37:10.510 GMT-0500,360.132,359.648,0.011,0.011
07.04.2021 08:37:10.578 GMT-0500,360.132,359.67800000000005,0.011,0.0075
07.04.2021 08:37:12.108 GMT-0500,360.13300000000004,359.697,0.011,0.0075
07.04.2021 08:37:12.325 GMT-0500,360.54300000000006,359.79699999999997,0.011,0.011
07.04.2021 08:37:12.375 GMT-0500,360.542,359.81800000000004,0.011,0.011
07.04.2021 08:37:12.548 GMT-0500,360.17300000000006,359.837,0.0075,0.011
07.04.2021 08:37:13.509 GMT-0500,360.153,359.847,0.0075,0.011
07.04.2021 08:37:13.559 GMT-0500,360.54300000000006,359.847,0.011,0.011
07.04.2021 08:37:13.618 GMT-0500,360.152,359.848,0.0075,0.011
07.04.2021 08:37:16.937 GMT-0500,360.54300000000006,359.79699999999997,0.011,0.011
07.04.2021 08:37:16.997 GMT-0500,360.19199999999995,359.79800000000006,0.0075,0.011
07.04.2021 08:37:17.048 GMT-0500,360.542,359.79800000000006,0.011,0.011
07.04.2021 08:37:17.649 GMT-0500,360.19300000000004,359.79699999999997,0.011,0.011
07.04.2021 08:37:18.302 GMT-0500,360.542,359.79800000000006,0.011,0.011
07.04.2021 08:37:18.406 GMT-0500,360.542,359.86800000000005,0.011,0.0008
07.04.2021 08:37:19.153 GMT-0500,360.19199999999995,359.79800000000006,0.011,0.011
07.04.2021 08:37:19.258 GMT-0500,360.082,359.79800000000006,0.011,0.011
07.04.2021 08:37:19.379 GMT-0500,360.18199999999996,359.79800000000006,0.011,0.011
07.04.2021 08:37:19.456 GMT-0500,360.17300000000006,359.79699999999997,0.0075,0.011
07.04.2021 08:37:19.562 GMT-0500,360.092,359.79800000000006,0.0075,0.011
07.04.2021 08:37:19.613 GMT-0500,360.17199999999997,359.79800000000006,0.011,0.011
07.04.2021 08:37:19.663 GMT-0500,360.103,359.79699999999997,0.011,0.011
07.04.2021 08:37:19.714 GMT-0500,360.17199999999997,359.79800000000006,0.011,0.011
07.04.2021 08:37:19.764 GMT-0500,360.083,359.79699999999997,0.011,0.011
07.04.2021 08:37:20.213 GMT-0500,360.54300000000006,359.79699999999997,0.011,0.011
07.04.2021 08:37:20.309 GMT-0500,360.083,359.79699999999997,0.0008,0.011
07.04.2021 08:37:20.691 GMT-0500,360.542,359.79800000000006,0.011,0.011
07.04.2021 08:37:20.831 GMT-0500,360.083,359.79699999999997,0.0075,0.011
07.04.2021 08:37:20.881 GMT-0500,360.54300000000006,359.79699999999997,0.011,0.011
07.04.2021 08:37:22.874 GMT-0500,360.06300000000005,359.79699999999997,0.0008,0.011
07.04.2021 08:37:23.967 GMT-0500,360.542,359.79800000000006,0.011,0.011
07.04.2021 08:37:24.451 GMT-0500,360.54300000000006,359.847,0.011,0.011
07.04.2021 08:37:28.578 GMT-0500,360.05800000000005,359.848,0.0008,0.011
07.04.2021 08:37:28.629 GMT-0500,360.542,359.848,0.011,0.011
07.04.2021 08:37:33.388 GMT-0500,360.19300000000004,359.847,0.011,0.011
07.04.2021 08:37:33.439 GMT-0500,360.353,359.847,0.011,0.011
07.04.2021 08:37:33.522 GMT-0500,360.54300000000006,359.847,0.011,0.011
07.04.2021 08:37:33.734 GMT-0500,360.17199999999997,359.848,0.011,0.011
07.04.2021 08:37:33.784 GMT-0500,360.54300000000006,359.847,0.011,0.011
07.04.2021 08:37:33.852 GMT-0500,360.30300000000005,359.847,0.011,0.011
07.04.2021 08:37:33.989 GMT-0500,360.54300000000006,359.847,0.011,0.011
07.04.2021 08:37:34.141 GMT-0500,360.353,359.847,0.0075,0.011
07.04.2021 08:37:34.191 GMT-0500,360.54300000000006,359.847,0.011,0.011
07.04.2021 08:37:34.246 GMT-0500,360.283,359.847,0.011,0.011
07.04.2021 08:37:34.297 GMT-0500,360.352,359.848,0.011,0.011
07.04.2021 08:37:35.245 GMT-0500,360.26300000000003,359.847,0.0008,0.011
07.04.2021 08:37:35.515 GMT-0500,360.26300000000003,359.79699999999997,0.011,0.011
07.04.2021 08:37:36.694 GMT-0500,360.24199999999996,359.978,0.0075,0.0075
07.04.2021 08:37:36.926 GMT-0500,360.20300000000003,359.98699999999997,0.011,0.011
07.04.2021 08:37:37.060 GMT-0500,360.542,359.82800000000003,0.011,0.011
07.04.2021 08:37:37.180 GMT-0500,360.353,359.827,0.011,0.011
07.04.2021 08:37:37.288 GMT-0500,360.352,359.79800000000006,0.011,0.011
07.04.2021 08:37:37.339 GMT-0500,360.23199999999997,359.79800000000006,0.011,0.011
07.04.2021 08:37:37.389 GMT-0500,360.353,359.79699999999997,0.011,0.011
07.04.2021 08:37:37.442 GMT-0500,360.273,359.86699999999996,0.0075,0.0075
07.04.2021 08:37:37.492 GMT-0500,360.353,359.86699999999996,0.011,0.011
07.04.2021 08:37:37.610 GMT-0500,360.17300000000006,359.86699999999996,0.011,0.011
07.04.2021 08:37:37.660 GMT-0500,360.352,359.86800000000005,0.011,0.011
07.04.2021 08:37:37.720 GMT-0500,360.30300000000005,359.86699999999996,0.0008,0.011
07.04.2021 08:37:37.821 GMT-0500,360.282,359.86800000000005,0.011,0.011
07.04.2021 08:37:37.871 GMT-0500,360.54300000000006,359.92699999999996,0.011,0.011
07.04.2021 08:37:38.128 GMT-0500,360.223,359.92699999999996,0.011,0.011
07.04.2021 08:37:38.178 GMT-0500,360.352,359.92800000000005,0.011,0.011
07.04.2021 08:37:38.267 GMT-0500,360.54300000000006,359.92699999999996,0.011,0.011
07.04.2021 08:37:38.452 GMT-0500,360.283,359.977,0.011,0.011
07.04.2021 08:37:38.598 GMT-0500,360.222,359.978,0.0008,0.011
07.04.2021 08:37:38.648 GMT-0500,360.542,359.978,0.011,0.011
07.04.2021 08:37:38.745 GMT-0500,360.30300000000005,359.977,0.0008,0.011
07.04.2021 08:37:38.846 GMT-0500,360.262,360.028,0.011,0.011
07.04.2021 08:37:38.962 GMT-0500,360.54300000000006,360.027,0.011,0.011
07.04.2021 08:37:39.028 GMT-0500,360.283,360.027,0.0008,0.011
07.04.2021 08:37:39.844 GMT-0500,360.283,360.04699999999997,0.011,0.0075
07.04.2021 08:37:40.616 GMT-0500,360.26300000000003,360.04699999999997,0.0075,0.011
07.04.2021 08:37:40.882 GMT-0500,360.24300000000005,360.04699999999997,0.0075,0.011
07.04.2021 08:37:41.027 GMT-0500,360.20300000000003,360.04699999999997,0.011,0.011
07.04.2021 08:37:41.078 GMT-0500,360.24199999999996,360.04800000000006,0.011,0.011
07.04.2021 08:37:41.308 GMT-0500,360.54300000000006,360.04699999999997,0.011,0.011
07.04.2021 08:37:41.414 GMT-0500,360.352,360.04800000000006,0.0075,0.011
07.04.2021 08:37:41.465 GMT-0500,360.352,360.00800000000004,0.011,0.011
07.04.2021 08:37:42.339 GMT-0500,360.272,360.04800000000006,0.0008,0.0008
07.04.2021 08:37:42.389 GMT-0500,360.54300000000006,360.017,0.011,0.011
07.04.2021 08:37:42.440 GMT-0500,360.262,360.00800000000004,0.011,0.011
07.04.2021 08:37:42.862 GMT-0500,360.262,359.99800000000005,0.011,0.011
07.04.2021 08:37:42.972 GMT-0500,360.26300000000003,360.007,0.011,0.0075
07.04.2021 08:37:43.140 GMT-0500,360.213,360.007,0.0075,0.0008
07.04.2021 08:37:43.191 GMT-0500,360.31199999999995,359.98800000000006,0.011,0.011
07.04.2021 08:37:43.241 GMT-0500,360.30300000000005,359.98699999999997,0.011,0.011
07.04.2021 08:37:43.391 GMT-0500,360.223,359.98699999999997,0.011,0.011
07.04.2021 08:37:43.514 GMT-0500,360.20300000000003,359.98699999999997,0.0075,0.011
07.04.2021 08:37:43.564 GMT-0500,360.223,359.98699999999997,0.011,0.011
07.04.2021 08:37:43.869 GMT-0500,360.223,359.977,0.011,0.011
07.04.2021 08:37:44.375 GMT-0500,360.092,359.978,0.0075,0.0008
07.04.2021 08:37:44.425 GMT-0500,360.222,359.94800000000004,0.011,0.011
07.04.2021 08:37:44.600 GMT-0500,360.162,359.94800000000004,0.0075,0.011
07.04.2021 08:37:44.650 GMT-0500,360.542,359.94800000000004,0.011,0.011
07.04.2021 08:37:44.739 GMT-0500,360.213,359.947,0.011,0.011
07.04.2021 08:37:44.893 GMT-0500,360.213,359.907,0.011,0.011
07.04.2021 08:37:45.442 GMT-0500,360.212,359.91800000000006,0.011,0.0008
07.04.2021 08:37:48.941 GMT-0500,360.213,359.907,0.011,0.011
07.04.2021 08:37:50.453 GMT-0500,360.213,359.917,0.011,0.0075
07.04.2021 08:37:51.320 GMT-0500,360.213,359.957,0.0075,0.0008
07.04.2021 08:37:51.370 GMT-0500,360.542,359.91800000000006,0.011,0.011
07.04.2021 08:37:51.437 GMT-0500,360.31300000000005,359.917,0.0075,0.011
07.04.2021 08:37:51.488 GMT-0500,360.31199999999995,359.908,0.011,0.011
07.04.2021 08:37:51.978 GMT-0500,360.213,359.907,0.0075,0.0008
07.04.2021 08:37:52.028 GMT-0500,360.54300000000006,359.887,0.011,0.011
07.04.2021 08:37:52.080 GMT-0500,360.30300000000005,359.887,0.0075,0.011
07.04.2021 08:37:52.358 GMT-0500,360.542,359.88800000000003,0.011,0.011
07.04.2021 08:37:52.408 GMT-0500,360.31199999999995,359.88800000000003,0.011,0.011
07.04.2021 08:37:52.522 GMT-0500,360.31199999999995,360.01800000000003,0.011,0.0075
07.04.2021 08:37:52.573 GMT-0500,360.29300000000006,359.647,0.011,0.011
07.04.2021 08:37:52.873 GMT-0500,360.273,360.017,0.0075,0.0075
07.04.2021 08:37:53.030 GMT-0500,360.212,360.01800000000003,0.011,0.011
07.04.2021 08:37:54.857 GMT-0500,360.212,360.028,0.011,0.0075
07.04.2021 08:37:55.898 GMT-0500,360.213,359.647,0.011,0.011
07.04.2021 08:37:55.949 GMT-0500,360.212,359.86800000000005,0.011,0.011
07.04.2021 08:37:55.999 GMT-0500,360.212,359.85800000000006,0.011,0.011
07.04.2021 08:37:56.084 GMT-0500,360.20300000000003,359.85699999999997,0.0008,0.011
07.04.2021 08:37:56.185 GMT-0500,360.20300000000003,359.647,0.011,0.011
07.04.2021 08:37:56.527 GMT-0500,360.212,359.648,0.011,0.011
07.04.2021 08:37:56.591 GMT-0500,360.19199999999995,359.648,0.0008,0.011
07.04.2021 08:37:56.641 GMT-0500,360.212,359.648,0.011,0.011
07.04.2021 08:37:56.872 GMT-0500,360.213,360.027,0.011,0.011
07.04.2021 08:37:57.098 GMT-0500,360.212,360.038,0.011,0.011
07.04.2021 08:37:57.149 GMT-0500,360.212,360.028,0.011,0.011
07.04.2021 08:37:57.342 GMT-0500,360.19300000000004,360.027,0.0075,0.011
07.04.2021 08:37:57.393 GMT-0500,360.212,360.028,0.011,0.011
07.04.2021 08:37:57.594 GMT-0500,360.19300000000004,359.98699999999997,0.011,0.011
07.04.2021 08:38:00.376 GMT-0500,360.19199999999995,360.028,0.011,0.011
07.04.2021 08:38:00.694 GMT-0500,360.19199999999995,360.038,0.011,0.0075
07.04.2021 08:38:01.549 GMT-0500,360.24300000000005,360.027,0.011,0.011
07.04.2021 08:38:01.649 GMT-0500,360.25199999999995,359.98800000000006,0.011,0.011
07.04.2021 08:38:01.715 GMT-0500,360.25199999999995,360.04800000000006,0.011,0.0008
07.04.2021 08:38:03.028 GMT-0500,360.523,360.157,0.011,0.011
07.04.2021 08:38:03.079 GMT-0500,360.523,360.04699999999997,0.011,0.011
07.04.2021 08:38:03.129 GMT-0500,360.523,360.06699999999995,0.011,0.011
07.04.2021 08:38:03.230 GMT-0500,360.36199999999997,360.088,0.011,0.011
07.04.2021 08:38:03.382 GMT-0500,360.36300000000006,360.06699999999995,0.011,0.011
07.04.2021 08:38:03.465 GMT-0500,360.522,360.088,0.011,0.011
07.04.2021 08:38:03.545 GMT-0500,360.36300000000006,360.087,0.011,0.011
07.04.2021 08:38:03.645 GMT-0500,360.31300000000005,359.98699999999997,0.011,0.011
07.04.2021 08:38:03.778 GMT-0500,360.36199999999997,359.98800000000006,0.011,0.011
07.04.2021 08:38:03.835 GMT-0500,360.36300000000006,360.037,0.011,0.0075
07.04.2021 08:38:06.096 GMT-0500,360.36199999999997,360.07800000000003,0.011,0.011
07.04.2021 08:38:06.577 GMT-0500,360.36199999999997,360.088,0.011,0.0075
07.04.2021 08:38:07.150 GMT-0500,360.36199999999997,360.06800000000004,0.011,0.011
07.04.2021 08:38:08.301 GMT-0500,360.30300000000005,360.06699999999995,0.0075,0.0008
07.04.2021 08:38:08.352 GMT-0500,360.523,359.93699999999995,0.011,0.011
07.04.2021 08:38:08.766 GMT-0500,360.31199999999995,359.93800000000005,0.0075,0.011
07.04.2021 08:38:09.203 GMT-0500,360.30300000000005,359.647,0.011,0.011
07.04.2021 08:38:09.417 GMT-0500,360.30300000000005,360.087,0.0008,0.0075
07.04.2021 08:38:09.467 GMT-0500,360.322,360.088,0.011,0.011
07.04.2021 08:38:09.567 GMT-0500,360.322,359.648,0.011,0.011
07.04.2021 08:38:09.924 GMT-0500,360.31300000000005,360.087,0.0008,0.0008
07.04.2021 08:38:10.024 GMT-0500,360.322,359.648,0.011,0.011
07.04.2021 08:38:12.855 GMT-0500,360.30199999999996,360.088,0.0008,0.0008
07.04.2021 08:38:12.956 GMT-0500,360.292,359.648,0.011,0.011
07.04.2021 08:38:14.054 GMT-0500,360.32300000000004,359.647,0.011,0.011
07.04.2021 08:38:14.376 GMT-0500,360.31300000000005,359.647,0.0008,0.011
07.04.2021 08:38:14.537 GMT-0500,360.322,359.648,0.011,0.011
07.04.2021 08:38:14.635 GMT-0500,360.30199999999996,359.648,0.0008,0.011
07.04.2021 08:38:14.686 GMT-0500,360.322,359.648,0.011,0.011
07.04.2021 08:38:14.782 GMT-0500,360.30199999999996,359.648,0.011,0.011
07.04.2021 08:38:15.004 GMT-0500,360.32300000000004,359.647,0.011,0.011
07.04.2021 08:38:15.054 GMT-0500,360.282,359.648,0.011,0.011
07.04.2021 08:38:15.205 GMT-0500,360.30199999999996,360.088,0.0008,0.0008
07.04.2021 08:38:15.256 GMT-0500,360.30199999999996,359.898,0.011,0.011
07.04.2021 08:38:15.409 GMT-0500,360.32300000000004,360.10699999999997,0.011,0.011
07.04.2021 08:38:16.522 GMT-0500,360.30199999999996,360.11800000000005,0.0075,0.011
07.04.2021 08:38:16.573 GMT-0500,360.322,360.088,0.011,0.011
07.04.2021 08:38:16.737 GMT-0500,360.32300000000004,360.077,0.011,0.011
07.04.2021 08:38:17.477 GMT-0500,360.292,360.07800000000003,0.0075,0.011
07.04.2021 08:38:17.737 GMT-0500,360.322,360.07800000000003,0.011,0.011
07.04.2021 08:38:18.082 GMT-0500,360.32300000000004,360.097,0.011,0.011
07.04.2021 08:38:18.331 GMT-0500,360.32300000000004,360.077,0.011,0.011
07.04.2021 08:38:18.440 GMT-0500,360.322,360.088,0.011,0.011
07.04.2021 08:38:19.119 GMT-0500,360.32300000000004,360.077,0.011,0.011
07.04.2021 08:38:19.175 GMT-0500,360.30300000000005,360.077,0.011,0.011
07.04.2021 08:38:21.885 GMT-0500,360.94199999999995,360.10800000000006,0.011,0.011
07.04.2021 08:38:21.939 GMT-0500,360.783,360.10699999999997,0.0075,0.011
07.04.2021 08:38:22.049 GMT-0500,360.63300000000004,360.077,0.011,0.011
07.04.2021 08:38:22.834 GMT-0500,360.61199999999997,360.07800000000003,0.0008,0.011
07.04.2021 08:38:23.143 GMT-0500,360.593,360.077,0.011,0.011
07.04.2021 08:38:23.873 GMT-0500,360.632,360.07800000000003,0.011,0.011
07.04.2021 08:38:24.027 GMT-0500,360.63300000000004,360.277,0.011,0.011
07.04.2021 08:38:27.440 GMT-0500,360.632,360.31800000000004,0.011,0.0075
07.04.2021 08:38:28.267 GMT-0500,360.593,360.31699999999995,0.0075,0.011
07.04.2021 08:38:32.485 GMT-0500,360.593,360.327,0.011,0.011
07.04.2021 08:38:37.493 GMT-0500,360.593,360.277,0.011,0.011
07.04.2021 08:38:38.246 GMT-0500,360.593,360.35699999999997,0.011,0.0075
07.04.2021 08:38:38.488 GMT-0500,360.593,360.347,0.011,0.011
07.04.2021 08:38:40.860 GMT-0500,360.49199999999996,360.278,0.011,0.011
07.04.2021 08:38:40.911 GMT-0500,360.593,360.277,0.011,0.011
07.04.2021 08:38:40.961 GMT-0500,360.533,360.277,0.011,0.011
07.04.2021 08:38:41.252 GMT-0500,360.542,360.278,0.011,0.011
07.04.2021 08:38:43.618 GMT-0500,360.48300000000006,360.277,0.0008,0.011
07.04.2021 08:38:43.669 GMT-0500,360.54300000000006,360.277,0.011,0.011
07.04.2021 08:38:45.958 GMT-0500,360.542,360.37800000000004,0.011,0.0075
07.04.2021 08:38:47.726 GMT-0500,360.542,360.278,0.011,0.011
07.04.2021 08:38:48.053 GMT-0500,360.542,360.31800000000004,0.011,0.0008
07.04.2021 08:38:51.192 GMT-0500,360.542,360.32800000000003,0.011,0.0008
07.04.2021 08:38:52.116 GMT-0500,360.54300000000006,360.277,0.011,0.011
07.04.2021 08:38:52.482 GMT-0500,360.593,360.277,0.011,0.011
07.04.2021 08:38:52.533 GMT-0500,360.48300000000006,360.277,0.011,0.011
07.04.2021 08:39:02.318 GMT-0500,360.48300000000006,360.287,0.011,0.0075
07.04.2021 08:39:02.368 GMT-0500,360.592,360.278,0.011,0.011
07.04.2021 08:39:09.145 GMT-0500,360.593,360.31699999999995,0.011,0.011
07.04.2021 08:39:09.440 GMT-0500,360.45300000000003,360.31699999999995,0.011,0.0075
07.04.2021 08:39:09.491 GMT-0500,360.45300000000003,360.277,0.011,0.011
07.04.2021 08:39:09.746 GMT-0500,360.44300000000004,360.10699999999997,0.011,0.011
07.04.2021 08:39:09.796 GMT-0500,360.44199999999995,360.16800000000006,0.011,0.011
07.04.2021 08:39:09.898 GMT-0500,360.44199999999995,360.18800000000005,0.011,0.011
07.04.2021 08:39:10.153 GMT-0500,360.44199999999995,360.10800000000006,0.011,0.011
07.04.2021 08:39:18.276 GMT-0500,360.36300000000006,360.10699999999997,0.0075,0.011
07.04.2021 08:39:18.376 GMT-0500,360.44300000000004,360.10699999999997,0.011,0.011
07.04.2021 08:39:18.427 GMT-0500,360.43199999999996,360.12800000000004,0.011,0.011
07.04.2021 08:39:18.552 GMT-0500,360.43300000000005,360.167,0.011,0.011
07.04.2021 08:39:19.015 GMT-0500,360.43199999999996,360.17800000000005,0.011,0.0008
07.04.2021 08:39:19.118 GMT-0500,360.43300000000005,360.23699999999997,0.0008,0.0075
07.04.2021 08:39:19.168 GMT-0500,360.44300000000004,360.23699999999997,0.011,0.011
07.04.2021 08:39:19.283 GMT-0500,360.44199999999995,360.11800000000005,0.011,0.011
07.04.2021 08:39:19.413 GMT-0500,360.44199999999995,359.908,0.011,0.011
07.04.2021 08:39:20.202 GMT-0500,360.44199999999995,360.11800000000005,0.011,0.0075
07.04.2021 08:39:21.451 GMT-0500,360.42199999999997,360.19800000000004,0.0075,0.0075
07.04.2021 08:39:21.730 GMT-0500,360.42300000000006,360.207,0.011,0.0008
07.04.2021 08:39:21.944 GMT-0500,360.42300000000006,360.217,0.011,0.0075
07.04.2021 08:39:22.480 GMT-0500,360.42300000000006,360.207,0.011,0.011
07.04.2021 08:39:23.111 GMT-0500,360.42300000000006,360.11699999999996,0.011,0.011
07.04.2021 08:39:23.821 GMT-0500,360.42300000000006,360.207,0.011,0.0008
07.04.2021 08:39:24.472 GMT-0500,360.272,360.202,0.0008,0.0075
07.04.2021 08:39:24.523 GMT-0500,360.42300000000006,360.10699999999997,0.011,0.011
07.04.2021 08:39:24.585 GMT-0500,360.42199999999997,360.11800000000005,0.011,0.0075
07.04.2021 08:39:29.205 GMT-0500,360.42199999999997,360.098,0.011,0.011
07.04.2021 08:39:29.596 GMT-0500,360.42300000000006,360.207,0.011,0.0075
07.04.2021 08:39:29.646 GMT-0500,360.42199999999997,360.098,0.011,0.011
07.04.2021 08:39:30.152 GMT-0500,360.42199999999997,360.17800000000005,0.011,0.0075
07.04.2021 08:39:30.665 GMT-0500,360.42300000000006,360.18699999999995,0.011,0.0075
07.04.2021 08:39:32.461 GMT-0500,360.42199999999997,360.208,0.011,0.0075
07.04.2021 08:39:32.512 GMT-0500,360.42199999999997,360.098,0.011,0.011
07.04.2021 08:39:33.441 GMT-0500,360.42300000000006,360.197,0.011,0.011
07.04.2021 08:39:37.618 GMT-0500,360.44199999999995,360.19800000000004,0.011,0.011
07.04.2021 08:39:38.493 GMT-0500,360.44199999999995,360.098,0.011,0.011
07.04.2021 08:39:40.027 GMT-0500,360.44300000000004,360.24699999999996,0.011,0.0008
07.04.2021 08:39:40.135 GMT-0500,360.43300000000005,360.24699999999996,0.011,0.011
07.04.2021 08:39:40.492 GMT-0500,360.43199999999996,360.218,0.011,0.011
07.04.2021 08:39:41.473 GMT-0500,360.43199999999996,360.228,0.011,0.011
07.04.2021 08:39:46.008 GMT-0500,360.333,360.225,0.0075,0.0008
07.04.2021 08:39:46.058 GMT-0500,360.333,359.907,0.011,0.011
07.04.2021 08:39:46.108 GMT-0500,360.44300000000004,360.157,0.011,0.011
07.04.2021 08:39:46.159 GMT-0500,360.44300000000004,359.907,0.011,0.011
07.04.2021 08:39:46.315 GMT-0500,360.43199999999996,360.16800000000006,0.0075,0.0075
07.04.2021 08:39:46.365 GMT-0500,360.43300000000005,359.907,0.011,0.011
07.04.2021 08:39:46.524 GMT-0500,360.42300000000006,359.907,0.0008,0.011
07.04.2021 08:39:47.985 GMT-0500,360.42199999999997,360.07800000000003,0.0008,0.0075
07.04.2021 08:39:48.035 GMT-0500,360.42300000000006,359.907,0.011,0.011
07.04.2021 08:39:48.086 GMT-0500,360.42199999999997,360.19800000000004,0.011,0.011
07.04.2021 08:39:48.136 GMT-0500,360.282,359.908,0.011,0.011
07.04.2021 08:39:48.186 GMT-0500,360.392,360.13800000000003,0.011,0.011
07.04.2021 08:39:48.353 GMT-0500,360.392,360.158,0.011,0.0075
07.04.2021 08:39:48.513 GMT-0500,360.39300000000003,360.197,0.011,0.0008
07.04.2021 08:39:48.953 GMT-0500,360.30300000000005,360.197,0.0008,0.0075
07.04.2021 08:39:49.003 GMT-0500,360.44199999999995,360.088,0.011,0.011
07.04.2021 08:39:49.089 GMT-0500,360.43300000000005,360.087,0.011,0.011
07.04.2021 08:39:50.784 GMT-0500,360.43300000000005,359.907,0.011,0.011
07.04.2021 08:39:50.977 GMT-0500,360.42300000000006,359.907,0.0075,0.011
07.04.2021 08:39:51.127 GMT-0500,360.43300000000005,359.907,0.011,0.011
07.04.2021 08:39:51.339 GMT-0500,360.413,360.167,0.0008,0.0008
07.04.2021 08:39:51.497 GMT-0500,360.403,360.17699999999996,0.0075,0.0075
07.04.2021 08:39:51.796 GMT-0500,360.322,359.908,0.011,0.011
07.04.2021 08:39:51.846 GMT-0500,360.43199999999996,360.148,0.011,0.011
07.04.2021 08:39:59.099 GMT-0500,360.23300000000006,360.147,0.0008,0.0075
07.04.2021 08:39:59.149 GMT-0500,360.31300000000005,360.147,0.011,0.011
07.04.2021 08:40:06.931 GMT-0500,360.413,360.157,0.011,0.011
07.04.2021 08:40:09.933 GMT-0500,360.272,360.158,0.0075,0.011
07.04.2021 08:40:10.689 GMT-0500,360.413,360.10699999999997,0.011,0.011
07.04.2021 08:40:11.843 GMT-0500,360.413,360.11699999999996,0.011,0.0008
07.04.2021 08:40:12.628 GMT-0500,360.392,360.11800000000005,0.0008,0.011
07.04.2021 08:40:12.678 GMT-0500,360.26300000000003,359.517,0.011,0.011
07.04.2021 08:40:12.825 GMT-0500,360.19199999999995,359.51800000000003,0.0075,0.011
07.04.2021 08:40:12.875 GMT-0500,360.392,359.51800000000003,0.0008,0.011
07.04.2021 08:40:12.925 GMT-0500,360.412,360.00800000000004,0.011,0.011
07.04.2021 08:40:12.975 GMT-0500,360.333,359.907,0.011,0.011
07.04.2021 08:40:13.030 GMT-0500,360.31199999999995,359.908,0.0075,0.011
07.04.2021 08:40:13.339 GMT-0500,360.31199999999995,360.00800000000004,0.011,0.0075
07.04.2021 08:40:13.526 GMT-0500,360.31300000000005,360.037,0.011,0.0075
07.04.2021 08:40:14.182 GMT-0500,360.31199999999995,360.05800000000005,0.011,0.011
07.04.2021 08:40:14.232 GMT-0500,360.31199999999995,360.038,0.011,0.011
07.04.2021 08:40:14.567 GMT-0500,360.31300000000005,359.907,0.011,0.011
07.04.2021 08:40:15.065 GMT-0500,360.31199999999995,360.06800000000004,0.011,0.0008
07.04.2021 08:40:15.238 GMT-0500,360.273,360.06699999999995,0.011,0.011
07.04.2021 08:40:15.372 GMT-0500,360.31199999999995,360.06800000000004,0.011,0.011
07.04.2021 08:40:15.430 GMT-0500,360.273,360.06699999999995,0.011,0.011
07.04.2021 08:40:15.757 GMT-0500,360.31300000000005,360.06699999999995,0.011,0.011
07.04.2021 08:40:16.188 GMT-0500,360.412,359.908,0.011,0.011
07.04.2021 08:40:16.261 GMT-0500,360.25300000000004,359.907,0.0008,0.011
07.04.2021 08:40:16.407 GMT-0500,360.23300000000006,359.907,0.0008,0.011
07.04.2021 08:40:16.457 GMT-0500,360.262,359.908,0.011,0.011
07.04.2021 08:40:17.764 GMT-0500,360.24300000000005,359.907,0.0075,0.011
07.04.2021 08:40:17.997 GMT-0500,360.26300000000003,359.907,0.011,0.011
07.04.2021 08:40:18.134 GMT-0500,360.25199999999995,359.908,0.0008,0.011
07.04.2021 08:40:18.383 GMT-0500,360.26300000000003,360.037,0.011,0.011
07.04.2021 08:40:18.433 GMT-0500,360.262,360.028,0.011,0.011
07.04.2021 08:40:18.831 GMT-0500,360.24300000000005,360.027,0.0008,0.011
07.04.2021 08:40:20.046 GMT-0500,360.24199999999996,359.848,0.011,0.011
07.04.2021 08:40:20.097 GMT-0500,360.222,359.848,0.011,0.011
07.04.2021 08:40:20.529 GMT-0500,360.202,359.848,0.0008,0.011
07.04.2021 08:40:20.838 GMT-0500,360.413,359.847,0.011,0.011
07.04.2021 08:40:20.987 GMT-0500,360.24300000000005,359.847,0.0008,0.011
07.04.2021 08:40:21.142 GMT-0500,360.222,359.848,0.011,0.011
07.04.2021 08:40:21.250 GMT-0500,360.412,359.848,0.011,0.011
07.04.2021 08:40:21.300 GMT-0500,360.412,360.028,0.011,0.011
07.04.2021 08:40:21.431 GMT-0500,360.19300000000004,360.027,0.011,0.011
07.04.2021 08:40:21.613 GMT-0500,360.412,360.028,0.011,0.011
07.04.2021 08:40:21.666 GMT-0500,360.412,360.038,0.011,0.0008
07.04.2021 08:40:21.803 GMT-0500,360.413,360.04699999999997,0.011,0.0008
07.04.2021 08:40:21.854 GMT-0500,360.412,359.848,0.011,0.011
07.04.2021 08:40:22.736 GMT-0500,360.17199999999997,359.848,0.0075,0.011
07.04.2021 08:40:24.963 GMT-0500,360.412,359.848,0.011,0.011
07.04.2021 08:40:26.302 GMT-0500,360.413,359.99699999999996,0.011,0.0008
07.04.2021 08:40:26.352 GMT-0500,360.412,359.848,0.011,0.011
07.04.2021 08:40:28.646 GMT-0500,360.413,359.99699999999996,0.011,0.0075
07.04.2021 08:40:28.746 GMT-0500,360.412,359.848,0.011,0.011
07.04.2021 08:40:28.828 GMT-0500,360.413,359.99699999999996,0.011,0.0075
07.04.2021 08:40:30.222 GMT-0500,360.413,359.847,0.011,0.011
07.04.2021 08:40:30.273 GMT-0500,360.412,360.00800000000004,0.011,0.011
07.04.2021 08:40:30.324 GMT-0500,360.412,359.848,0.011,0.011
07.04.2021 08:40:30.380 GMT-0500,360.413,359.99699999999996,0.011,0.0075
07.04.2021 08:40:30.644 GMT-0500,360.413,359.847,0.011,0.011
07.04.2021 08:40:32.212 GMT-0500,360.412,360.01800000000003,0.011,0.0075
07.04.2021 08:40:32.262 GMT-0500,360.413,359.847,0.011,0.011
07.04.2021 08:40:32.431 GMT-0500,360.413,360.017,0.011,0.0075
07.04.2021 08:40:34.240 GMT-0500,360.413,359.847,0.011,0.011
07.04.2021 08:40:34.794 GMT-0500,360.412,360.01800000000003,0.011,0.0008
07.04.2021 08:40:35.126 GMT-0500,360.413,359.847,0.011,0.011
07.04.2021 08:40:35.289 GMT-0500,360.412,360.01800000000003,0.011,0.011
07.04.2021 08:40:35.399 GMT-0500,360.412,359.848,0.011,0.011
07.04.2021 08:40:35.529 GMT-0500,360.23199999999997,359.848,0.0075,0.011
07.04.2021 08:40:35.579 GMT-0500,360.412,359.848,0.011,0.011
07.04.2021 08:40:37.565 GMT-0500,360.413,359.517,0.011,0.011
07.04.2021 08:40:37.724 GMT-0500,360.212,359.51800000000003,0.0075,0.011
07.04.2021 08:40:37.840 GMT-0500,360.18300000000005,359.517,0.0008,0.011
07.04.2021 08:40:38.051 GMT-0500,360.413,359.517,0.011,0.011
07.04.2021 08:40:38.102 GMT-0500,360.24300000000005,359.517,0.011,0.011
07.04.2021 08:40:38.202 GMT-0500,360.412,359.51800000000003,0.011,0.011
07.04.2021 08:40:38.260 GMT-0500,360.213,359.517,0.0008,0.011
07.04.2021 08:40:38.360 GMT-0500,360.413,359.517,0.011,0.011
07.04.2021 08:40:38.446 GMT-0500,360.213,359.517,0.011,0.011
07.04.2021 08:40:38.496 GMT-0500,360.413,359.517,0.011,0.011
07.04.2021 08:40:38.557 GMT-0500,360.24199999999996,359.51800000000003,0.0008,0.011
07.04.2021 08:40:38.937 GMT-0500,360.412,359.51800000000003,0.011,0.011
07.04.2021 08:40:39.047 GMT-0500,360.413,360.007,0.011,0.0075
07.04.2021 08:40:39.423 GMT-0500,360.25300000000004,360.007,0.0008,0.011
07.04.2021 08:40:39.473 GMT-0500,360.223,359.61699999999996,0.011,0.011
07.04.2021 08:40:39.523 GMT-0500,360.222,359.87800000000004,0.011,0.011
07.04.2021 08:40:39.787 GMT-0500,360.222,359.898,0.011,0.011
07.04.2021 08:40:40.474 GMT-0500,360.13300000000004,359.61699999999996,0.011,0.011
07.04.2021 08:40:41.724 GMT-0500,360.103,359.61699999999996,0.0075,0.011
07.04.2021 08:40:41.774 GMT-0500,360.13300000000004,359.61699999999996,0.011,0.011
07.04.2021 08:40:43.776 GMT-0500,360.093,359.61699999999996,0.0008,0.011
07.04.2021 08:40:43.827 GMT-0500,360.132,359.61800000000005,0.011,0.011
07.04.2021 08:40:44.041 GMT-0500,360.093,359.61699999999996,0.011,0.011
07.04.2021 08:40:44.348 GMT-0500,360.07300000000004,359.61699999999996,0.0075,0.011
07.04.2021 08:40:44.402 GMT-0500,360.13300000000004,359.61699999999996,0.011,0.011
07.04.2021 08:40:44.568 GMT-0500,360.05300000000005,359.61699999999996,0.011,0.011
07.04.2021 08:40:44.618 GMT-0500,360.132,359.61800000000005,0.011,0.011
07.04.2021 08:40:45.192 GMT-0500,360.042,359.61800000000005,0.011,0.011
07.04.2021 08:40:45.507 GMT-0500,360.23300000000006,359.61699999999996,0.011,0.011
07.04.2021 08:40:49.356 GMT-0500,360.083,359.61699999999996,0.0075,0.011
07.04.2021 08:40:50.307 GMT-0500,360.01300000000003,359.61699999999996,0.0008,0.011
07.04.2021 08:40:51.928 GMT-0500,360.23199999999997,359.61800000000005,0.011,0.011
07.04.2021 08:40:51.989 GMT-0500,360.04300000000006,359.61699999999996,0.0008,0.011
07.04.2021 08:40:52.450 GMT-0500,360.23300000000006,359.61699999999996,0.011,0.011
07.04.2021 08:40:52.501 GMT-0500,360.04300000000006,359.61699999999996,0.011,0.011
07.04.2021 08:40:52.700 GMT-0500,360.01300000000003,359.61699999999996,0.011,0.011
07.04.2021 08:40:52.750 GMT-0500,360.04300000000006,359.61699999999996,0.011,0.011
07.04.2021 08:40:53.482 GMT-0500,359.972,359.61800000000005,0.0008,0.011
07.04.2021 08:40:54.539 GMT-0500,360.23199999999997,359.61800000000005,0.011,0.011
07.04.2021 08:40:54.983 GMT-0500,360.12300000000005,359.61699999999996,0.011,0.011
07.04.2021 08:40:55.100 GMT-0500,360.23300000000006,359.61699999999996,0.011,0.011
07.04.2021 08:40:55.373 GMT-0500,359.963,359.61699999999996,0.011,0.011
07.04.2021 08:40:55.423 GMT-0500,360.23300000000006,359.62699999999995,0.011,0.011
07.04.2021 08:40:55.474 GMT-0500,359.94300000000004,359.517,0.011,0.011
07.04.2021 08:40:55.524 GMT-0500,360.23199999999997,359.51800000000003,0.011,0.011
07.04.2021 08:40:55.574 GMT-0500,360.23199999999997,359.62800000000004,0.011,0.011
07.04.2021 08:40:56.061 GMT-0500,359.94300000000004,359.62699999999995,0.0075,0.011
07.04.2021 08:41:04.709 GMT-0500,360.56199999999995,359.88800000000003,0.011,0.011
07.04.2021 08:41:04.760 GMT-0500,360.56300000000005,359.957,0.011,0.011
07.04.2021 08:41:04.910 GMT-0500,360.20300000000003,360.017,0.011,0.011
07.04.2021 08:41:04.961 GMT-0500,360.273,360.017,0.011,0.011
07.04.2021 08:41:05.031 GMT-0500,360.593,360.017,0.011,0.011
07.04.2021 08:41:05.132 GMT-0500,360.593,359.957,0.011,0.011
07.04.2021 08:41:05.358 GMT-0500,360.592,360.098,0.011,0.011
07.04.2021 08:41:06.741 GMT-0500,360.19300000000004,360.097,0.0075,0.0008
07.04.2021 08:41:06.791 GMT-0500,360.463,359.967,0.011,0.011
07.04.2021 08:41:06.861 GMT-0500,360.462,359.978,0.011,0.0008
07.04.2021 08:41:07.215 GMT-0500,360.463,359.967,0.011,0.011
07.04.2021 08:41:07.796 GMT-0500,360.473,359.967,0.011,0.011
07.04.2021 08:41:07.847 GMT-0500,360.26300000000003,359.967,0.011,0.011
07.04.2021 08:41:07.897 GMT-0500,360.472,359.968,0.011,0.011
07.04.2021 08:41:07.955 GMT-0500,360.36300000000006,359.967,0.0008,0.011
07.04.2021 08:41:08.005 GMT-0500,360.472,359.968,0.011,0.011
07.04.2021 08:41:08.234 GMT-0500,360.262,359.968,0.0008,0.011
07.04.2021 08:41:08.379 GMT-0500,360.24199999999996,359.968,0.0075,0.011
07.04.2021 08:41:08.520 GMT-0500,360.222,359.968,0.0075,0.011
07.04.2021 08:41:08.621 GMT-0500,360.18300000000005,359.967,0.011,0.011
07.04.2021 08:41:08.695 GMT-0500,360.473,359.967,0.011,0.011
07.04.2021 08:41:09.213 GMT-0500,360.31199999999995,359.968,0.0008,0.011
07.04.2021 08:41:09.752 GMT-0500,360.262,360.038,0.011,0.011
07.04.2021 08:41:11.329 GMT-0500,360.083,360.04800000000006,0.0075,0.0008
07.04.2021 08:41:11.380 GMT-0500,360.262,359.968,0.011,0.011
07.04.2021 08:41:13.101 GMT-0500,360.473,359.967,0.011,0.011
07.04.2021 08:41:13.432 GMT-0500,360.282,359.968,0.0075,0.011
07.04.2021 08:41:14.505 GMT-0500,360.472,359.968,0.011,0.011
07.04.2021 08:41:15.845 GMT-0500,360.473,360.037,0.011,0.0075
07.04.2021 08:41:17.230 GMT-0500,360.472,360.04800000000006,0.011,0.011
07.04.2021 08:41:19.999 GMT-0500,360.473,359.537,0.011,0.011
07.04.2021 08:41:23.670 GMT-0500,360.273,359.537,0.011,0.011
07.04.2021 08:41:23.790 GMT-0500,360.24300000000005,359.537,0.011,0.011
07.04.2021 08:41:23.902 GMT-0500,360.24300000000005,360.04699999999997,0.011,0.011
07.04.2021 08:41:29.236 GMT-0500,360.592,360.04800000000006,0.011,0.011
07.04.2021 08:41:30.336 GMT-0500,360.592,360.05800000000005,0.011,0.0008
07.04.2021 08:41:31.193 GMT-0500,360.593,360.04699999999997,0.011,0.011
07.04.2021 08:41:32.749 GMT-0500,360.592,360.098,0.011,0.0075
07.04.2021 08:41:32.850 GMT-0500,360.592,360.04800000000006,0.011,0.011
07.04.2021 08:41:32.900 GMT-0500,360.592,360.10800000000006,0.011,0.011
07.04.2021 08:41:33.027 GMT-0500,360.593,360.04699999999997,0.011,0.011
07.04.2021 08:41:33.876 GMT-0500,360.26300000000003,360.04699999999997,0.011,0.011
07.04.2021 08:41:35.314 GMT-0500,360.592,360.04800000000006,0.011,0.011
07.04.2021 08:41:37.092 GMT-0500,360.272,360.04800000000006,0.0008,0.011
07.04.2021 08:41:37.316 GMT-0500,360.593,360.137,0.011,0.011
07.04.2021 08:41:37.367 GMT-0500,360.593,360.04699999999997,0.011,0.011
07.04.2021 08:41:37.545 GMT-0500,360.223,360.04800000000006,0.0008,0.011
07.04.2021 08:41:37.595 GMT-0500,360.583,360.04699999999997,0.011,0.011
07.04.2021 08:41:39.080 GMT-0500,360.223,360.04800000000006,0.0075,0.011
07.04.2021 08:41:39.131 GMT-0500,360.583,360.04699999999997,0.011,0.011
07.04.2021 08:41:39.317 GMT-0500,360.23199999999997,360.04800000000006,0.011,0.011
07.04.2021 08:41:39.516 GMT-0500,360.582,360.04800000000006,0.011,0.011
07.04.2021 08:41:39.828 GMT-0500,360.23199999999997,360.04800000000006,0.0008,0.011
07.04.2021 08:41:40.658 GMT-0500,360.593,360.04699999999997,0.011,0.011
07.04.2021 08:41:40.710 GMT-0500,360.24300000000005,360.04699999999997,0.0008,0.011
07.04.2021 08:41:40.760 GMT-0500,360.592,360.04800000000006,0.011,0.011
07.04.2021 08:41:40.900 GMT-0500,360.26300000000003,360.04699999999997,0.0075,0.011
07.04.2021 08:41:41.484 GMT-0500,360.592,360.04800000000006,0.011,0.011
07.04.2021 08:41:46.563 GMT-0500,360.592,360.11800000000005,0.011,0.0008
07.04.2021 08:41:46.614 GMT-0500,360.592,360.04800000000006,0.011,0.011
07.04.2021 08:41:48.084 GMT-0500,360.272,360.04800000000006,0.0008,0.011
07.04.2021 08:41:48.261 GMT-0500,360.592,360.12800000000004,0.011,0.011
07.04.2021 08:41:48.492 GMT-0500,360.273,360.12699999999995,0.011,0.011
07.04.2021 08:41:49.603 GMT-0500,360.20300000000003,360.12699999999995,0.0008,0.0075
07.04.2021 08:41:49.653 GMT-0500,360.26300000000003,360.04699999999997,0.011,0.011
07.04.2021 08:41:49.740 GMT-0500,360.23199999999997,360.04800000000006,0.0075,0.011
07.04.2021 08:41:50.108 GMT-0500,360.272,360.04800000000006,0.011,0.011
07.04.2021 08:41:50.311 GMT-0500,360.262,360.04800000000006,0.011,0.011
07.04.2021 08:41:50.412 GMT-0500,360.273,360.04699999999997,0.011,0.011
07.04.2021 08:41:50.480 GMT-0500,360.24300000000005,360.04699999999997,0.0075,0.011
07.04.2021 08:41:50.734 GMT-0500,360.593,360.04699999999997,0.011,0.011
07.04.2021 08:41:50.834 GMT-0500,360.225,360.04699999999997,0.0008,0.011
07.04.2021 08:41:50.885 GMT-0500,360.592,360.04800000000006,0.011,0.011
07.04.2021 08:41:51.078 GMT-0500,360.25199999999995,360.088,0.0075,0.0075
07.04.2021 08:41:51.179 GMT-0500,360.223,360.087,0.011,0.011
07.04.2021 08:41:51.390 GMT-0500,360.592,360.04800000000006,0.011,0.011
07.04.2021 08:41:51.484 GMT-0500,360.223,360.04800000000006,0.0075,0.011
07.04.2021 08:42:00.017 GMT-0500,360.13300000000004,360.04699999999997,0.0075,0.0008
07.04.2021 08:42:00.068 GMT-0500,360.20300000000003,360.017,0.011,0.011
07.04.2021 08:42:00.148 GMT-0500,360.202,360.028,0.011,0.0008
07.04.2021 08:42:00.621 GMT-0500,360.202,360.038,0.011,0.0075
07.04.2021 08:42:02.137 GMT-0500,360.202,360.01800000000003,0.011,0.011
07.04.2021 08:42:02.489 GMT-0500,360.592,360.05800000000005,0.011,0.011
07.04.2021 08:42:03.482 GMT-0500,360.272,360.05800000000005,0.0008,0.011
07.04.2021 08:42:03.598 GMT-0500,360.273,360.077,0.011,0.011
07.04.2021 08:42:04.651 GMT-0500,360.272,360.05800000000005,0.011,0.011
07.04.2021 08:42:05.292 GMT-0500,360.223,360.05699999999996,0.011,0.011
07.04.2021 08:42:09.126 GMT-0500,360.24800000000005,360.11800000000005,0.0075,0.0008
07.04.2021 08:42:09.176 GMT-0500,360.592,360.01800000000003,0.011,0.011
07.04.2021 08:42:09.336 GMT-0500,360.593,360.207,0.011,0.0008
07.04.2021 08:42:09.387 GMT-0500,360.592,360.16800000000006,0.011,0.011
07.04.2021 08:42:09.603 GMT-0500,360.522,360.16800000000006,0.011,0.011
07.04.2021 08:42:09.704 GMT-0500,360.44300000000004,360.017,0.011,0.011
07.04.2021 08:42:09.801 GMT-0500,360.44199999999995,360.16800000000006,0.0075,0.0008
07.04.2021 08:42:09.902 GMT-0500,360.31199999999995,360.16800000000006,0.0008,0.0075
07.04.2021 08:42:09.952 GMT-0500,360.593,360.087,0.011,0.011
07.04.2021 08:42:10.061 GMT-0500,360.592,360.158,0.011,0.0008
07.04.2021 08:42:10.617 GMT-0500,360.57300000000004,360.157,0.0075,0.011
07.04.2021 08:42:10.718 GMT-0500,360.45300000000003,360.157,0.011,0.011
07.04.2021 08:42:10.866 GMT-0500,360.593,360.157,0.011,0.011
07.04.2021 08:42:10.971 GMT-0500,360.392,360.158,0.011,0.011
07.04.2021 08:42:11.172 GMT-0500,360.592,360.158,0.011,0.011
07.04.2021 08:42:11.510 GMT-0500,360.452,360.17800000000005,0.0008,0.0008
07.04.2021 08:42:11.610 GMT-0500,360.593,360.17699999999996,0.011,0.011
07.04.2021 08:42:11.661 GMT-0500,360.45300000000003,360.17699999999996,0.011,0.011
07.04.2021 08:42:11.761 GMT-0500,360.592,360.158,0.011,0.011
07.04.2021 08:42:12.055 GMT-0500,360.413,360.157,0.0008,0.011
07.04.2021 08:42:12.265 GMT-0500,360.592,360.158,0.011,0.011
07.04.2021 08:42:13.001 GMT-0500,360.54300000000006,360.157,0.0008,0.011
07.04.2021 08:42:13.101 GMT-0500,360.593,360.157,0.011,0.011
07.04.2021 08:42:13.411 GMT-0500,360.572,360.158,0.0075,0.011
07.04.2021 08:42:13.519 GMT-0500,360.593,360.157,0.011,0.011
07.04.2021 08:42:14.070 GMT-0500,360.42199999999997,360.158,0.0075,0.011
07.04.2021 08:42:14.120 GMT-0500,360.44199999999995,360.158,0.011,0.011
07.04.2021 08:42:14.231 GMT-0500,360.593,360.157,0.011,0.011
07.04.2021 08:42:16.662 GMT-0500,360.542,360.158,0.0008,0.011
07.04.2021 08:42:16.712 GMT-0500,360.592,360.158,0.011,0.011
07.04.2021 08:42:17.163 GMT-0500,360.403,360.157,0.0008,0.011
07.04.2021 08:42:17.214 GMT-0500,360.283,360.017,0.011,0.011
07.04.2021 08:42:17.264 GMT-0500,360.273,360.017,0.011,0.011
07.04.2021 08:42:18.240 GMT-0500,360.593,360.017,0.011,0.011
07.04.2021 08:42:18.290 GMT-0500,360.452,360.088,0.011,0.011
07.04.2021 08:42:18.341 GMT-0500,360.592,360.088,0.011,0.011
07.04.2021 08:42:18.391 GMT-0500,360.593,360.097,0.011,0.011
07.04.2021 08:42:18.936 GMT-0500,360.592,360.11800000000005,0.011,0.0075
07.04.2021 08:42:19.161 GMT-0500,360.412,360.098,0.011,0.011
07.04.2021 08:42:19.212 GMT-0500,360.592,360.098,0.011,0.011
07.04.2021 08:42:19.684 GMT-0500,360.593,360.12699999999995,0.011,0.0008
07.04.2021 08:42:20.263 GMT-0500,360.332,360.01800000000003,0.011,0.011
07.04.2021 08:42:21.051 GMT-0500,360.31199999999995,360.01800000000003,0.0075,0.011
07.04.2021 08:42:21.190 GMT-0500,360.292,360.01800000000003,0.0075,0.011
07.04.2021 08:42:21.325 GMT-0500,360.273,360.017,0.0008,0.011
07.04.2021 08:42:21.376 GMT-0500,360.593,360.017,0.011,0.011
07.04.2021 08:42:21.431 GMT-0500,360.292,360.01800000000003,0.011,0.011
07.04.2021 08:42:21.671 GMT-0500,360.593,360.017,0.011,0.011
07.04.2021 08:42:21.776 GMT-0500,360.412,360.01800000000003,0.0008,0.011
07.04.2021 08:42:21.877 GMT-0500,360.593,360.017,0.011,0.011
07.04.2021 08:42:21.977 GMT-0500,360.412,360.01800000000003,0.011,0.011
07.04.2021 08:42:22.114 GMT-0500,360.37199999999996,360.01800000000003,0.0075,0.011
07.04.2021 08:42:22.165 GMT-0500,360.593,360.017,0.011,0.011
07.04.2021 08:42:22.829 GMT-0500,360.343,360.017,0.0075,0.011
07.04.2021 08:42:23.671 GMT-0500,360.592,360.01800000000003,0.011,0.011
07.04.2021 08:42:25.421 GMT-0500,360.342,360.01800000000003,0.0008,0.011
07.04.2021 08:42:25.776 GMT-0500,360.592,360.01800000000003,0.011,0.011
07.04.2021 08:42:28.010 GMT-0500,360.333,360.017,0.0075,0.011
07.04.2021 08:42:28.061 GMT-0500,360.592,360.01800000000003,0.011,0.011
07.04.2021 08:42:28.293 GMT-0500,360.333,360.017,0.0075,0.011
07.04.2021 08:42:29.170 GMT-0500,360.322,360.01800000000003,0.0075,0.011
07.04.2021 08:42:29.306 GMT-0500,360.292,360.01800000000003,0.0008,0.011
07.04.2021 08:42:29.356 GMT-0500,360.322,360.01800000000003,0.011,0.011
07.04.2021 08:42:31.345 GMT-0500,360.26300000000003,360.017,0.0075,0.011
07.04.2021 08:42:31.395 GMT-0500,360.322,360.01800000000003,0.011,0.011
07.04.2021 08:42:31.452 GMT-0500,360.26300000000003,360.017,0.0075,0.011
07.04.2021 08:42:34.373 GMT-0500,360.592,360.01800000000003,0.011,0.011
07.04.2021 08:42:34.982 GMT-0500,360.24300000000005,360.017,0.0075,0.011
07.04.2021 08:42:35.033 GMT-0500,360.592,360.01800000000003,0.011,0.011
07.04.2021 08:42:35.083 GMT-0500,360.26300000000003,360.017,0.011,0.011
07.04.2021 08:42:35.685 GMT-0500,360.273,360.017,0.011,0.011
07.04.2021 08:42:36.130 GMT-0500,360.593,360.017,0.011,0.011
07.04.2021 08:42:37.893 GMT-0500,360.093,359.727,0.011,0.011
07.04.2021 08:42:37.943 GMT-0500,360.593,359.727,0.011,0.011
07.04.2021 08:42:38.091 GMT-0500,360.592,359.788,0.011,0.011
07.04.2021 08:42:40.788 GMT-0500,360.592,359.98800000000006,0.011,0.0075
07.04.2021 08:42:49.274 GMT-0500,360.25300000000004,359.98699999999997,0.0075,0.011
07.04.2021 08:42:52.331 GMT-0500,360.23199999999997,359.98800000000006,0.0075,0.011
07.04.2021 08:42:52.412 GMT-0500,360.593,359.98699999999997,0.011,0.011
07.04.2021 08:42:53.483 GMT-0500,360.23300000000006,359.98699999999997,0.0075,0.011
07.04.2021 08:42:59.013 GMT-0500,360.12199999999996,359.98800000000006,0.0008,0.011
07.04.2021 08:42:59.063 GMT-0500,360.223,359.60699999999997,0.011,0.011
07.04.2021 08:42:59.157 GMT-0500,360.222,359.73800000000006,0.011,0.011
07.04.2021 08:42:59.481 GMT-0500,360.012,359.73800000000006,0.011,0.011
07.04.2021 08:43:00.399 GMT-0500,359.99300000000005,359.73699999999997,0.0008,0.011
07.04.2021 08:43:12.113 GMT-0500,359.99300000000005,359.85699999999997,0.0075,0.0008
07.04.2021 08:43:12.164 GMT-0500,360.592,359.98800000000006,0.011,0.011
07.04.2021 08:43:12.224 GMT-0500,360.49300000000005,359.98699999999997,0.0008,0.011
07.04.2021 08:43:12.433 GMT-0500,360.592,360.01800000000003,0.011,0.011
07.04.2021 08:43:14.581 GMT-0500,360.36199999999997,360.01800000000003,0.0008,0.011
07.04.2021 08:43:14.962 GMT-0500,360.593,360.017,0.011,0.011
07.04.2021 08:43:15.064 GMT-0500,360.592,359.93800000000005,0.011,0.011
07.04.2021 08:43:15.114 GMT-0500,360.592,360.10800000000006,0.011,0.011
07.04.2021 08:43:15.380 GMT-0500,360.55199999999996,360.10800000000006,0.0008,0.011
07.04.2021 08:43:15.536 GMT-0500,360.593,360.10699999999997,0.011,0.011
07.04.2021 08:43:17.393 GMT-0500,360.38300000000004,360.10699999999997,0.0008,0.011
07.04.2021 08:43:18.060 GMT-0500,360.593,360.10699999999997,0.011,0.011
07.04.2021 08:43:20.150 GMT-0500,360.50199999999995,360.10800000000006,0.0008,0.011
07.04.2021 08:43:20.200 GMT-0500,360.593,360.10699999999997,0.011,0.011
07.04.2021 08:43:20.696 GMT-0500,360.49300000000005,360.10699999999997,0.011,0.011
07.04.2021 08:43:20.746 GMT-0500,360.593,360.10699999999997,0.011,0.011
07.04.2021 08:43:20.797 GMT-0500,360.43300000000005,360.10699999999997,0.011,0.011
07.04.2021 08:43:20.847 GMT-0500,360.592,360.10800000000006,0.011,0.011
07.04.2021 08:43:21.408 GMT-0500,360.472,360.11800000000005,0.011,0.011
07.04.2021 08:43:21.631 GMT-0500,360.592,360.11800000000005,0.011,0.011
07.04.2021 08:43:22.203 GMT-0500,360.48199999999997,360.11800000000005,0.011,0.011
07.04.2021 08:43:22.331 GMT-0500,360.43300000000005,360.11699999999996,0.0008,0.011
07.04.2021 08:43:22.711 GMT-0500,360.593,360.11699999999996,0.011,0.011
07.04.2021 08:43:22.888 GMT-0500,360.413,360.11699999999996,0.0008,0.011
07.04.2021 08:43:24.054 GMT-0500,360.413,359.93699999999995,0.011,0.011
07.04.2021 08:43:24.415 GMT-0500,360.413,360.137,0.011,0.0075
07.04.2021 08:43:24.871 GMT-0500,360.382,360.13800000000003,0.0008,0.011
07.04.2021 08:43:26.339 GMT-0500,360.19199999999995,359.778,0.011,0.011
07.04.2021 08:43:27.088 GMT-0500,360.31300000000005,360.017,0.0075,0.0008
07.04.2021 08:43:27.138 GMT-0500,360.37300000000005,360.027,0.011,0.011
07.04.2021 08:43:27.189 GMT-0500,360.37300000000005,360.06699999999995,0.011,0.011
07.04.2021 08:43:27.394 GMT-0500,360.592,360.088,0.011,0.011
07.04.2021 08:43:28.378 GMT-0500,360.592,360.098,0.011,0.0075
07.04.2021 08:43:28.428 GMT-0500,360.42300000000006,359.827,0.011,0.011
07.04.2021 08:43:28.876 GMT-0500,360.592,359.82800000000003,0.011,0.011
07.04.2021 08:43:29.200 GMT-0500,360.42199999999997,359.82800000000003,0.011,0.011
07.04.2021 08:43:29.348 GMT-0500,360.593,360.077,0.011,0.011
07.04.2021 08:43:29.728 GMT-0500,360.592,359.82800000000003,0.011,0.011
07.04.2021 08:43:29.865 GMT-0500,360.593,360.077,0.011,0.0008
07.04.2021 08:43:30.299 GMT-0500,360.593,359.827,0.011,0.011
07.04.2021 08:43:30.350 GMT-0500,360.592,360.088,0.011,0.011
07.04.2021 08:43:31.142 GMT-0500,360.593,359.827,0.011,0.011
07.04.2021 08:43:31.754 GMT-0500,360.42300000000006,359.827,0.0008,0.011
07.04.2021 08:43:31.804 GMT-0500,360.592,359.82800000000003,0.011,0.011
07.04.2021 08:43:34.892 GMT-0500,360.42300000000006,359.827,0.0008,0.011
07.04.2021 08:43:39.185 GMT-0500,360.42199999999997,360.088,0.011,0.0075
07.04.2021 08:43:39.877 GMT-0500,360.592,360.088,0.011,0.011
07.04.2021 08:43:40.440 GMT-0500,360.593,359.827,0.011,0.011
07.04.2021 08:43:57.872 GMT-0500,360.44199999999995,359.82800000000003,0.0075,0.011
07.04.2021 08:43:58.897 GMT-0500,360.44199999999995,359.93800000000005,0.011,0.0075
07.04.2021 08:43:59.459 GMT-0500,360.44199999999995,359.99800000000005,0.011,0.0075
07.04.2021 08:44:00.056 GMT-0500,360.24199999999996,359.99800000000005,0.0075,0.011
07.04.2021 08:44:02.477 GMT-0500,360.24300000000005,359.93699999999995,0.011,0.011
07.04.2021 08:44:06.347 GMT-0500,360.593,359.93699999999995,0.011,0.011
07.04.2021 08:44:08.686 GMT-0500,360.162,359.93800000000005,0.011,0.011
07.04.2021 08:44:09.071 GMT-0500,360.162,360.038,0.011,0.0075
07.04.2021 08:44:09.721 GMT-0500,360.593,360.087,0.011,0.011
07.04.2021 08:44:09.861 GMT-0500,360.593,360.097,0.011,0.0075
07.04.2021 08:44:13.345 GMT-0500,360.592,360.01800000000003,0.011,0.011
07.04.2021 08:44:19.119 GMT-0500,360.57300000000004,360.017,0.0008,0.011
07.04.2021 08:44:21.137 GMT-0500,360.57300000000004,359.93699999999995,0.011,0.011
07.04.2021 08:44:24.056 GMT-0500,360.57300000000004,360.137,0.011,0.0075
07.04.2021 08:44:24.157 GMT-0500,360.19199999999995,359.93800000000005,0.011,0.011
07.04.2021 08:44:24.207 GMT-0500,360.572,360.06800000000004,0.011,0.011
07.04.2021 08:44:24.477 GMT-0500,360.57300000000004,360.077,0.011,0.011
07.04.2021 08:44:27.135 GMT-0500,360.572,360.088,0.011,0.011
07.04.2021 08:44:31.449 GMT-0500,360.572,359.82800000000003,0.011,0.011
07.04.2021 08:44:36.122 GMT-0500,360.572,360.098,0.011,0.011
07.04.2021 08:44:36.254 GMT-0500,360.57300000000004,360.10699999999997,0.011,0.0008
07.04.2021 08:44:38.405 GMT-0500,360.57300000000004,359.827,0.011,0.011
07.04.2021 08:44:42.677 GMT-0500,360.57300000000004,360.077,0.011,0.011
07.04.2021 08:44:46.585 GMT-0500,360.57300000000004,359.827,0.011,0.011
07.04.2021 08:44:48.350 GMT-0500,360.572,360.13800000000003,0.011,0.0008
07.04.2021 08:44:49.176 GMT-0500,360.57300000000004,359.827,0.011,0.011
07.04.2021 08:44:51.608 GMT-0500,360.19199999999995,359.82800000000003,0.0075,0.011
07.04.2021 08:44:51.659 GMT-0500,360.57300000000004,360.137,0.011,0.011
07.04.2021 08:44:52.579 GMT-0500,360.57300000000004,359.827,0.011,0.011
07.04.2021 08:44:55.425 GMT-0500,360.153,359.827,0.0008,0.011
07.04.2021 08:44:55.526 GMT-0500,360.572,359.82800000000003,0.011,0.011
07.04.2021 08:45:00.599 GMT-0500,360.222,359.82800000000003,0.0075,0.011
07.04.2021 08:45:09.076 GMT-0500,360.222,359.908,0.0075,0.0008
07.04.2021 08:45:09.176 GMT-0500,360.31199999999995,359.82800000000003,0.011,0.011
07.04.2021 08:45:09.710 GMT-0500,360.57300000000004,359.827,0.011,0.011
07.04.2021 08:45:11.937 GMT-0500,360.43199999999996,360.088,0.0008,0.0008
07.04.2021 08:45:11.988 GMT-0500,360.31300000000005,359.917,0.011,0.011
07.04.2021 08:45:12.365 GMT-0500,360.31300000000005,360.10699999999997,0.011,0.0008
07.04.2021 08:45:12.669 GMT-0500,360.31199999999995,359.91800000000006,0.011,0.011
07.04.2021 08:45:13.966 GMT-0500,360.31300000000005,360.077,0.011,0.011
07.04.2021 08:45:14.026 GMT-0500,360.31300000000005,359.917,0.011,0.011
07.04.2021 08:45:14.120 GMT-0500,360.31199999999995,360.088,0.011,0.0075
07.04.2021 08:45:21.990 GMT-0500,360.572,360.088,0.011,0.011
07.04.2021 08:45:22.432 GMT-0500,360.31300000000005,360.087,0.0075,0.011
07.04.2021 08:45:23.827 GMT-0500,360.57300000000004,360.087,0.011,0.011
07.04.2021 08:45:30.321 GMT-0500,360.31300000000005,360.087,0.0008,0.011
07.04.2021 08:45:30.728 GMT-0500,360.31300000000005,359.827,0.011,0.011
07.04.2021 08:45:33.507 GMT-0500,360.31300000000005,360.017,0.011,0.0075
07.04.2021 08:45:33.811 GMT-0500,360.213,360.027,0.0075,0.0075
07.04.2021 08:45:33.862 GMT-0500,360.30199999999996,360.028,0.011,0.011
07.04.2021 08:45:34.810 GMT-0500,360.572,360.028,0.011,0.011
07.04.2021 08:45:38.694 GMT-0500,360.57300000000004,360.017,0.011,0.011
07.04.2021 08:45:39.255 GMT-0500,360.572,360.04800000000006,0.011,0.0075
07.04.2021 08:45:40.215 GMT-0500,360.572,359.898,0.011,0.011
07.04.2021 08:45:40.557 GMT-0500,360.572,360.04800000000006,0.011,0.0008
07.04.2021 08:45:41.146 GMT-0500,360.572,359.898,0.011,0.011
07.04.2021 08:45:41.256 GMT-0500,360.57300000000004,360.04699999999997,0.011,0.0075
07.04.2021 08:45:41.827 GMT-0500,360.572,359.898,0.011,0.011
07.04.2021 08:45:42.044 GMT-0500,360.572,360.04800000000006,0.011,0.0008
07.04.2021 08:45:42.229 GMT-0500,360.57300000000004,359.897,0.011,0.011
07.04.2021 08:45:42.280 GMT-0500,360.57300000000004,360.04699999999997,0.011,0.011
07.04.2021 08:45:44.514 GMT-0500,360.572,359.898,0.011,0.011
07.04.2021 08:45:44.991 GMT-0500,360.292,359.898,0.011,0.011
07.04.2021 08:45:45.096 GMT-0500,360.572,359.898,0.011,0.011
07.04.2021 08:45:45.910 GMT-0500,360.57300000000004,360.05699999999996,0.011,0.0075
07.04.2021 08:45:46.032 GMT-0500,360.572,360.06800000000004,0.011,0.0008
07.04.2021 08:45:46.765 GMT-0500,360.57300000000004,359.897,0.011,0.011
07.04.2021 08:45:47.782 GMT-0500,360.57300000000004,360.11699999999996,0.011,0.0075
07.04.2021 08:45:47.883 GMT-0500,360.31199999999995,359.898,0.011,0.011
07.04.2021 08:45:49.939 GMT-0500,360.30300000000005,359.897,0.011,0.011
07.04.2021 08:45:51.082 GMT-0500,360.31300000000005,359.897,0.011,0.011
07.04.2021 08:45:51.184 GMT-0500,360.31300000000005,360.027,0.011,0.011
07.04.2021 08:45:51.235 GMT-0500,360.322,360.028,0.011,0.011
07.04.2021 08:45:51.285 GMT-0500,360.30300000000005,360.027,0.011,0.011
07.04.2021 08:45:51.765 GMT-0500,360.31300000000005,360.027,0.011,0.011
07.04.2021 08:45:51.816 GMT-0500,360.30300000000005,360.027,0.0008,0.011
07.04.2021 08:45:51.916 GMT-0500,360.31300000000005,360.027,0.011,0.011
07.04.2021 08:45:53.079 GMT-0500,360.30300000000005,360.027,0.0008,0.011
07.04.2021 08:45:54.247 GMT-0500,360.272,360.028,0.0075,0.011
07.04.2021 08:45:54.491 GMT-0500,360.57300000000004,360.037,0.011,0.011
07.04.2021 08:45:54.554 GMT-0500,360.31300000000005,360.037,0.0075,0.011
07.04.2021 08:45:55.609 GMT-0500,360.30199999999996,360.038,0.011,0.011
07.04.2021 08:45:57.094 GMT-0500,360.31199999999995,360.038,0.011,0.011
07.04.2021 08:45:57.194 GMT-0500,360.572,360.038,0.011,0.011
07.04.2021 08:45:57.778 GMT-0500,360.283,360.037,0.011,0.011
07.04.2021 08:45:57.966 GMT-0500,360.31300000000005,360.037,0.011,0.011
07.04.2021 08:46:00.160 GMT-0500,360.31199999999995,360.088,0.011,0.0075
07.04.2021 08:46:00.667 GMT-0500,360.32300000000004,360.087,0.011,0.011
07.04.2021 08:46:00.928 GMT-0500,360.31300000000005,360.087,0.011,0.011
07.04.2021 08:46:01.150 GMT-0500,360.572,360.088,0.011,0.011
07.04.2021 08:46:01.201 GMT-0500,360.57300000000004,360.097,0.011,0.011
07.04.2021 08:46:01.344 GMT-0500,360.31199999999995,360.098,0.011,0.011
07.04.2021 08:46:01.542 GMT-0500,360.273,360.097,0.0075,0.011
07.04.2021 08:46:01.593 GMT-0500,360.57300000000004,360.097,0.011,0.011
07.04.2021 08:46:02.058 GMT-0500,360.32300000000004,360.097,0.011,0.011
07.04.2021 08:46:02.108 GMT-0500,360.572,360.098,0.011,0.011
07.04.2021 08:46:02.212 GMT-0500,360.31199999999995,360.088,0.011,0.011
07.04.2021 08:46:03.072 GMT-0500,360.57300000000004,360.087,0.011,0.011
07.04.2021 08:46:03.171 GMT-0500,360.57300000000004,360.11699999999996,0.011,0.011
07.04.2021 08:46:04.158 GMT-0500,360.31300000000005,360.097,0.011,0.0008
07.04.2021 08:46:04.395 GMT-0500,360.31300000000005,360.11699999999996,0.011,0.011
07.04.2021 08:46:05.726 GMT-0500,360.57300000000004,360.11699999999996,0.011,0.011
07.04.2021 08:46:06.053 GMT-0500,360.273,360.11699999999996,0.0075,0.011
07.04.2021 08:46:06.219 GMT-0500,360.273,360.097,0.011,0.011
07.04.2021 08:46:07.103 GMT-0500,360.282,360.098,0.011,0.011
07.04.2021 08:46:07.166 GMT-0500,360.283,360.10699999999997,0.011,0.0075
07.04.2021 08:46:07.631 GMT-0500,360.283,360.11699999999996,0.011,0.011
07.04.2021 08:46:07.795 GMT-0500,360.283,360.10699999999997,0.011,0.011
07.04.2021 08:46:07.846 GMT-0500,360.283,360.11699999999996,0.011,0.011
07.04.2021 08:46:07.997 GMT-0500,360.282,360.10800000000006,0.011,0.011
07.04.2021 08:46:08.211 GMT-0500,360.282,360.098,0.011,0.011
07.04.2021 08:46:08.342 GMT-0500,360.223,360.097,0.0075,0.011
07.04.2021 08:46:08.392 GMT-0500,360.083,359.897,0.011,0.011
07.04.2021 08:46:09.055 GMT-0500,360.07300000000004,359.897,0.0075,0.011
07.04.2021 08:46:12.105 GMT-0500,360.24199999999996,359.898,0.011,0.011
07.04.2021 08:46:15.110 GMT-0500,360.572,359.898,0.011,0.011
07.04.2021 08:46:15.775 GMT-0500,360.57300000000004,359.907,0.011,0.011
07.04.2021 08:46:16.443 GMT-0500,360.572,359.898,0.011,0.011
07.04.2021 08:46:17.279 GMT-0500,360.57300000000004,359.79699999999997,0.011,0.011
07.04.2021 08:46:18.857 GMT-0500,360.272,359.79800000000006,0.0008,0.011
07.04.2021 08:46:21.058 GMT-0500,360.07300000000004,359.897,0.0008,0.0008
07.04.2021 08:46:21.540 GMT-0500,360.07300000000004,359.907,0.011,0.0008
07.04.2021 08:46:22.627 GMT-0500,360.072,359.79800000000006,0.011,0.011
07.04.2021 08:46:24.051 GMT-0500,360.072,359.87800000000004,0.011,0.011
07.04.2021 08:46:24.101 GMT-0500,360.272,359.91800000000006,0.011,0.011
07.04.2021 08:46:24.152 GMT-0500,360.273,359.92699999999996,0.011,0.011
07.04.2021 08:46:24.367 GMT-0500,360.272,359.91800000000006,0.011,0.011
07.04.2021 08:46:24.726 GMT-0500,360.273,359.907,0.011,0.011
07.04.2021 08:46:24.945 GMT-0500,360.273,359.897,0.011,0.011
07.04.2021 08:46:25.103 GMT-0500,360.273,359.79699999999997,0.011,0.011
07.04.2021 08:46:27.102 GMT-0500,360.272,359.51800000000003,0.011,0.011
07.04.2021 08:46:27.877 GMT-0500,359.98300000000006,359.517,0.0008,0.011
07.04.2021 08:46:28.351 GMT-0500,359.98300000000006,359.80699999999996,0.011,0.0075
07.04.2021 08:46:28.688 GMT-0500,359.98300000000006,359.517,0.011,0.011
07.04.2021 08:46:28.874 GMT-0500,359.972,359.51800000000003,0.011,0.011
07.04.2021 08:46:29.247 GMT-0500,359.973,359.80699999999996,0.011,0.0075
07.04.2021 08:46:31.037 GMT-0500,359.973,359.81699999999995,0.011,0.0075
07.04.2021 08:46:31.279 GMT-0500,359.973,359.80699999999996,0.011,0.011
07.04.2021 08:46:33.423 GMT-0500,359.973,359.827,0.011,0.0008
07.04.2021 08:46:36.061 GMT-0500,359.973,359.837,0.011,0.011
07.04.2021 08:46:38.620 GMT-0500,359.972,359.80800000000005,0.011,0.011
07.04.2021 08:46:44.121 GMT-0500,359.985,359.887,0.0008,0.0075
07.04.2021 08:46:44.203 GMT-0500,360.272,359.88800000000003,0.011,0.011
07.04.2021 08:46:44.253 GMT-0500,360.083,359.80699999999996,0.011,0.011
07.04.2021 08:46:44.303 GMT-0500,360.542,359.80800000000005,0.011,0.011
07.04.2021 08:46:44.354 GMT-0500,360.292,359.80800000000005,0.011,0.011
07.04.2021 08:46:47.162 GMT-0500,360.292,359.51800000000003,0.011,0.011
07.04.2021 08:46:47.623 GMT-0500,360.00300000000004,359.517,0.0008,0.011
07.04.2021 08:46:47.674 GMT-0500,360.29300000000006,359.587,0.011,0.011
07.04.2021 08:46:49.479 GMT-0500,360.29300000000006,359.80699999999996,0.011,0.011
07.04.2021 08:46:50.587 GMT-0500,360.093,359.517,0.011,0.011
07.04.2021 08:46:51.020 GMT-0500,360.29300000000006,359.80699999999996,0.011,0.0075
07.04.2021 08:46:51.132 GMT-0500,360.29300000000006,359.917,0.011,0.011
07.04.2021 08:46:51.366 GMT-0500,360.29300000000006,359.86699999999996,0.011,0.011
07.04.2021 08:46:51.614 GMT-0500,360.29300000000006,359.847,0.011,0.011
07.04.2021 08:46:55.610 GMT-0500,360.292,359.80800000000005,0.011,0.011
07.04.2021 08:46:57.016 GMT-0500,360.24199999999996,359.80800000000005,0.0008,0.011
07.04.2021 08:46:57.067 GMT-0500,360.29300000000006,359.80699999999996,0.011,0.011
07.04.2021 08:46:57.670 GMT-0500,360.213,359.80699999999996,0.0008,0.011
07.04.2021 08:46:57.720 GMT-0500,360.292,359.80800000000005,0.011,0.011
07.04.2021 08:47:00.058 GMT-0500,360.292,359.85800000000006,0.011,0.011
07.04.2021 08:47:00.494 GMT-0500,360.292,359.88800000000003,0.011,0.0075
07.04.2021 08:47:00.846 GMT-0500,360.29300000000006,359.897,0.011,0.0008
07.04.2021 08:47:01.826 GMT-0500,360.222,359.898,0.011,0.011
07.04.2021 08:47:02.209 GMT-0500,360.222,359.79800000000006,0.011,0.011
07.04.2021 08:47:02.359 GMT-0500,360.202,359.79800000000006,0.0008,0.011
07.04.2021 08:47:04.261 GMT-0500,360.292,359.79800000000006,0.011,0.011
07.04.2021 08:47:04.846 GMT-0500,360.29300000000006,359.517,0.011,0.011
07.04.2021 08:47:04.897 GMT-0500,360.12199999999996,359.51800000000003,0.011,0.011
07.04.2021 08:47:05.054 GMT-0500,360.093,359.517,0.011,0.011
07.04.2021 08:47:05.172 GMT-0500,360.292,359.51800000000003,0.011,0.011
07.04.2021 08:47:05.222 GMT-0500,360.292,359.79800000000006,0.011,0.011
07.04.2021 08:47:06.067 GMT-0500,360.19300000000004,359.79699999999997,0.0008,0.011
07.04.2021 08:47:06.771 GMT-0500,360.292,359.79800000000006,0.011,0.011
07.04.2021 08:47:06.978 GMT-0500,360.19300000000004,359.79699999999997,0.0075,0.011
07.04.2021 08:47:07.789 GMT-0500,360.29300000000006,359.79699999999997,0.011,0.011
07.04.2021 08:47:09.107 GMT-0500,360.292,359.88800000000003,0.011,0.0008
07.04.2021 08:47:10.062 GMT-0500,360.19199999999995,359.88800000000003,0.0008,0.011
07.04.2021 08:47:10.453 GMT-0500,360.153,359.887,0.011,0.011
07.04.2021 08:47:10.504 GMT-0500,360.19300000000004,359.887,0.011,0.011
07.04.2021 08:47:12.209 GMT-0500,360.18300000000005,359.98699999999997,0.011,0.011
07.04.2021 08:47:12.422 GMT-0500,360.19199999999995,359.98800000000006,0.011,0.011
