Local time,Ask,Bid,AskVolume,BidVolume
06.04.2021 08:30:00.749 GMT-0500,360.80300000000005,359.49699999999996,0.011,0.011
06.04.2021 08:30:01.159 GMT-0500,360.00300000000004,359.49699999999996,0.0008,0.011
06.04.2021 08:30:01.282 GMT-0500,359.75199999999995,359.49800000000005,0.0008,0.011
06.04.2021 08:30:01.332 GMT-0500,360.00300000000004,359.30699999999996,0.011,0.011
06.04.2021 08:30:01.433 GMT-0500,359.89300000000003,358.825,0.0008,0.0075
06.04.2021 08:30:01.534 GMT-0500,359.603,359.207,0.011,0.011
06.04.2021 08:30:01.584 GMT-0500,359.532,359.00800000000004,0.011,0.011
06.04.2021 08:30:01.635 GMT-0500,360.00300000000004,359.007,0.011,0.011
06.04.2021 08:30:01.735 GMT-0500,360.00300000000004,358.29699999999997,0.011,0.011
06.04.2021 08:30:01.786 GMT-0500,359.593,358.29699999999997,0.011,0.011
06.04.2021 08:30:02.317 GMT-0500,359.592,359.00800000000004,0.011,0.011
06.04.2021 08:30:02.368 GMT-0500,359.19300000000004,358.29699999999997,0.011,0.011
06.04.2021 08:30:02.468 GMT-0500,359.152,358.29800000000006,0.011,0.011
06.04.2021 08:30:02.976 GMT-0500,359.49300000000005,359.147,0.011,0.011
06.04.2021 08:30:03.168 GMT-0500,359.32300000000004,358.697,0.011,0.011
06.04.2021 08:30:03.269 GMT-0500,359.49300000000005,358.697,0.011,0.011
06.04.2021 08:30:03.654 GMT-0500,359.49199999999996,358.99800000000005,0.011,0.0008
06.04.2021 08:30:04.516 GMT-0500,359.49199999999996,359.01800000000003,0.011,0.0008
06.04.2021 08:30:07.539 GMT-0500,359.49300000000005,359.027,0.011,0.0008
06.04.2021 08:30:08.518 GMT-0500,359.49199999999996,359.04800000000006,0.011,0.011
06.04.2021 08:30:09.514 GMT-0500,359.49199999999996,359.05800000000005,0.011,0.0075
06.04.2021 08:30:11.206 GMT-0500,359.48199999999997,359.05800000000005,0.0008,0.011
06.04.2021 08:30:11.564 GMT-0500,359.48199999999997,358.788,0.011,0.011
06.04.2021 08:30:14.415 GMT-0500,359.48199999999997,359.07800000000003,0.011,0.0008
06.04.2021 08:30:17.443 GMT-0500,360.00199999999995,359.07800000000003,0.011,0.011
06.04.2021 08:30:17.494 GMT-0500,360.00300000000004,359.11699999999996,0.011,0.011
06.04.2021 08:30:21.048 GMT-0500,360.00300000000004,359.457,0.011,0.011
06.04.2021 08:30:32.519 GMT-0500,359.86300000000006,359.457,0.011,0.011
06.04.2021 08:30:32.569 GMT-0500,359.99199999999996,359.458,0.011,0.011
06.04.2021 08:30:35.639 GMT-0500,360.80300000000005,359.457,0.011,0.011
06.04.2021 08:30:35.758 GMT-0500,360.80300000000005,359.11699999999996,0.011,0.011
06.04.2021 08:30:35.893 GMT-0500,360.80199999999996,359.51800000000003,0.011,0.0075
06.04.2021 08:30:48.973 GMT-0500,360.80199999999996,359.648,0.011,0.0008
06.04.2021 08:30:49.074 GMT-0500,360.80199999999996,359.51800000000003,0.011,0.011
06.04.2021 08:30:49.227 GMT-0500,360.80199999999996,359.55800000000005,0.011,0.011
06.04.2021 08:30:52.538 GMT-0500,360.80199999999996,359.57800000000003,0.011,0.011
06.04.2021 08:31:04.387 GMT-0500,360.80300000000005,359.11699999999996,0.011,0.011
06.04.2021 08:31:04.702 GMT-0500,360.80300000000005,359.42699999999996,0.011,0.0008
06.04.2021 08:31:04.803 GMT-0500,359.99199999999996,359.42800000000005,0.011,0.011
06.04.2021 08:31:06.503 GMT-0500,359.99199999999996,359.11800000000005,0.011,0.011
06.04.2021 08:31:06.781 GMT-0500,359.99199999999996,359.44800000000004,0.011,0.011
06.04.2021 08:31:13.004 GMT-0500,359.99300000000005,359.457,0.011,0.0008
06.04.2021 08:31:21.505 GMT-0500,359.99199999999996,359.468,0.011,0.0008
06.04.2021 08:31:25.982 GMT-0500,359.792,359.468,0.0075,0.011
06.04.2021 08:31:26.089 GMT-0500,359.99199999999996,359.468,0.011,0.011
06.04.2021 08:31:34.673 GMT-0500,359.99199999999996,359.598,0.011,0.0075
06.04.2021 08:31:37.210 GMT-0500,359.86199999999997,359.598,0.0008,0.011
06.04.2021 08:31:37.260 GMT-0500,359.99199999999996,359.598,0.011,0.011
06.04.2021 08:31:50.106 GMT-0500,359.99300000000005,359.11699999999996,0.011,0.011
06.04.2021 08:31:50.641 GMT-0500,359.99199999999996,359.54800000000006,0.011,0.0008
06.04.2021 08:31:58.435 GMT-0500,359.99199999999996,359.398,0.011,0.011
06.04.2021 08:31:58.870 GMT-0500,359.99199999999996,359.54800000000006,0.011,0.0075
06.04.2021 08:32:05.604 GMT-0500,360.80199999999996,359.63800000000003,0.011,0.011
06.04.2021 08:32:05.655 GMT-0500,360.80300000000005,359.54699999999997,0.011,0.011
06.04.2021 08:32:05.756 GMT-0500,360.80199999999996,359.718,0.011,0.011
06.04.2021 08:32:05.955 GMT-0500,360.80199999999996,359.898,0.011,0.0008
06.04.2021 08:32:06.189 GMT-0500,360.80300000000005,359.93699999999995,0.011,0.0008
06.04.2021 08:32:07.385 GMT-0500,360.80300000000005,359.757,0.011,0.011
06.04.2021 08:32:07.516 GMT-0500,360.80300000000005,359.957,0.011,0.0008
06.04.2021 08:32:10.760 GMT-0500,360.80300000000005,359.99699999999996,0.011,0.0008
06.04.2021 08:32:10.940 GMT-0500,360.80199999999996,359.958,0.011,0.011
06.04.2021 08:32:12.053 GMT-0500,360.80199999999996,360.00800000000004,0.011,0.0075
06.04.2021 08:32:17.834 GMT-0500,360.80300000000005,360.027,0.011,0.0008
06.04.2021 08:32:25.015 GMT-0500,360.80300000000005,359.947,0.011,0.011
06.04.2021 08:32:26.394 GMT-0500,360.48199999999997,359.94800000000004,0.0075,0.011
06.04.2021 08:32:26.444 GMT-0500,360.792,359.94800000000004,0.011,0.011
06.04.2021 08:32:27.453 GMT-0500,360.80300000000005,359.947,0.011,0.011
06.04.2021 08:32:31.018 GMT-0500,360.80199999999996,359.99800000000005,0.011,0.011
06.04.2021 08:32:32.247 GMT-0500,360.80199999999996,360.04800000000006,0.011,0.0075
06.04.2021 08:32:37.166 GMT-0500,360.80300000000005,360.087,0.011,0.0008
06.04.2021 08:32:37.216 GMT-0500,360.80300000000005,360.04699999999997,0.011,0.011
06.04.2021 08:32:37.856 GMT-0500,360.18300000000005,360.04699999999997,0.011,0.011
06.04.2021 08:32:37.906 GMT-0500,360.072,359.11800000000005,0.011,0.011
06.04.2021 08:32:37.957 GMT-0500,360.07300000000004,359.587,0.011,0.011
06.04.2021 08:32:39.566 GMT-0500,360.07300000000004,359.11699999999996,0.011,0.011
06.04.2021 08:32:39.748 GMT-0500,360.00300000000004,359.11699999999996,0.0075,0.011
06.04.2021 08:32:40.880 GMT-0500,360.00300000000004,359.60699999999997,0.011,0.011
06.04.2021 08:32:48.818 GMT-0500,360.00199999999995,359.57800000000003,0.011,0.011
06.04.2021 08:32:54.301 GMT-0500,360.00300000000004,359.62699999999995,0.011,0.011
06.04.2021 08:32:55.078 GMT-0500,360.00300000000004,359.647,0.011,0.0008
06.04.2021 08:32:55.729 GMT-0500,360.00199999999995,359.658,0.011,0.0075
06.04.2021 08:32:56.427 GMT-0500,360.00199999999995,359.66800000000006,0.011,0.0075
06.04.2021 08:33:00.096 GMT-0500,360.00300000000004,359.647,0.011,0.011
06.04.2021 08:33:00.147 GMT-0500,360.00199999999995,359.69800000000004,0.011,0.011
06.04.2021 08:33:00.267 GMT-0500,360.00199999999995,359.718,0.011,0.011
06.04.2021 08:33:00.374 GMT-0500,360.00199999999995,359.76800000000003,0.011,0.011
06.04.2021 08:33:02.266 GMT-0500,360.00300000000004,359.397,0.011,0.011
06.04.2021 08:33:02.393 GMT-0500,360.00199999999995,359.74800000000005,0.011,0.0008
06.04.2021 08:33:09.926 GMT-0500,359.913,359.74699999999996,0.0008,0.011
06.04.2021 08:33:09.976 GMT-0500,359.903,359.11699999999996,0.011,0.011
06.04.2021 08:33:10.026 GMT-0500,359.903,359.55699999999996,0.011,0.011
06.04.2021 08:33:10.076 GMT-0500,359.902,359.11800000000005,0.011,0.011
06.04.2021 08:33:10.127 GMT-0500,359.903,359.397,0.011,0.011
06.04.2021 08:33:10.272 GMT-0500,360.00300000000004,359.43699999999995,0.011,0.011
06.04.2021 08:33:16.058 GMT-0500,360.00300000000004,359.56699999999995,0.011,0.0008
06.04.2021 08:33:24.148 GMT-0500,360.413,359.56699999999995,0.011,0.011
06.04.2021 08:33:24.250 GMT-0500,360.412,359.76800000000003,0.011,0.011
06.04.2021 08:33:26.059 GMT-0500,360.412,359.778,0.011,0.0075
06.04.2021 08:33:30.538 GMT-0500,360.413,359.887,0.011,0.0075
06.04.2021 08:33:33.230 GMT-0500,360.202,359.99800000000005,0.011,0.011
06.04.2021 08:33:33.561 GMT-0500,360.202,360.00800000000004,0.011,0.0008
06.04.2021 08:33:33.763 GMT-0500,360.413,359.467,0.011,0.011
06.04.2021 08:33:33.897 GMT-0500,360.202,359.898,0.0008,0.0008
06.04.2021 08:33:42.112 GMT-0500,360.20300000000003,359.467,0.011,0.011
06.04.2021 08:33:45.067 GMT-0500,360.202,360.01800000000003,0.011,0.011
06.04.2021 08:33:45.170 GMT-0500,360.20300000000003,360.027,0.011,0.011
06.04.2021 08:33:46.547 GMT-0500,360.04300000000006,359.935,0.0008,0.0075
06.04.2021 08:33:46.598 GMT-0500,360.413,359.467,0.011,0.011
06.04.2021 08:33:47.436 GMT-0500,360.00199999999995,359.468,0.0075,0.011
06.04.2021 08:33:47.487 GMT-0500,360.402,359.468,0.011,0.011
06.04.2021 08:33:47.537 GMT-0500,359.99300000000005,359.467,0.011,0.011
06.04.2021 08:33:53.297 GMT-0500,360.412,359.468,0.011,0.011
06.04.2021 08:34:01.853 GMT-0500,359.89300000000003,359.467,0.0008,0.0075
06.04.2021 08:34:01.903 GMT-0500,359.88300000000004,359.157,0.011,0.011
06.04.2021 08:34:01.954 GMT-0500,360.412,359.158,0.011,0.011
06.04.2021 08:34:02.004 GMT-0500,360.413,359.387,0.011,0.011
06.04.2021 08:34:11.694 GMT-0500,359.98199999999997,359.38800000000003,0.0008,0.011
06.04.2021 08:34:11.745 GMT-0500,360.412,359.38800000000003,0.011,0.011
06.04.2021 08:34:13.102 GMT-0500,359.88300000000004,359.387,0.011,0.011
06.04.2021 08:34:13.152 GMT-0500,360.412,359.38800000000003,0.011,0.011
06.04.2021 08:34:19.902 GMT-0500,359.87199999999996,359.38800000000003,0.0008,0.0075
06.04.2021 08:34:19.953 GMT-0500,360.413,359.11699999999996,0.011,0.011
06.04.2021 08:34:20.033 GMT-0500,360.413,359.30699999999996,0.011,0.011
06.04.2021 08:34:21.147 GMT-0500,360.412,359.588,0.011,0.0008
06.04.2021 08:34:22.231 GMT-0500,360.37300000000005,359.657,0.0075,0.0075
06.04.2021 08:34:37.540 GMT-0500,360.37300000000005,359.73699999999997,0.011,0.0075
06.04.2021 08:34:37.591 GMT-0500,360.37199999999996,359.658,0.011,0.011
06.04.2021 08:34:38.649 GMT-0500,360.37300000000005,359.787,0.011,0.011
06.04.2021 08:34:43.408 GMT-0500,360.083,359.787,0.011,0.011
06.04.2021 08:34:43.458 GMT-0500,360.37300000000005,359.787,0.011,0.011
06.04.2021 08:34:53.917 GMT-0500,360.37199999999996,359.658,0.011,0.011
06.04.2021 08:34:55.055 GMT-0500,360.37300000000005,359.777,0.011,0.0075
06.04.2021 08:35:00.184 GMT-0500,359.892,359.778,0.0008,0.0075
06.04.2021 08:35:00.234 GMT-0500,360.37300000000005,359.30699999999996,0.011,0.011
06.04.2021 08:35:00.555 GMT-0500,360.37199999999996,359.57800000000003,0.011,0.0008
06.04.2021 08:35:02.042 GMT-0500,360.37300000000005,359.657,0.011,0.011
06.04.2021 08:35:02.601 GMT-0500,360.37300000000005,359.79699999999997,0.011,0.0008
06.04.2021 08:35:04.856 GMT-0500,360.12300000000005,359.79699999999997,0.0008,0.011
06.04.2021 08:35:04.906 GMT-0500,360.37199999999996,359.79800000000006,0.011,0.011
06.04.2021 08:35:09.572 GMT-0500,360.37199999999996,359.61800000000005,0.011,0.011
06.04.2021 08:35:09.688 GMT-0500,359.99300000000005,359.61699999999996,0.0075,0.011
06.04.2021 08:35:09.886 GMT-0500,360.37199999999996,359.61800000000005,0.011,0.011
06.04.2021 08:35:10.012 GMT-0500,359.81199999999995,359.61800000000005,0.011,0.011
06.04.2021 08:35:11.900 GMT-0500,359.73300000000006,359.61699999999996,0.0008,0.0075
06.04.2021 08:35:11.951 GMT-0500,360.37199999999996,359.11800000000005,0.011,0.011
06.04.2021 08:35:12.008 GMT-0500,359.74199999999996,359.49800000000005,0.011,0.011
06.04.2021 08:35:12.312 GMT-0500,359.50199999999995,359.46500000000003,0.0008,0.0075
06.04.2021 08:35:12.363 GMT-0500,359.87199999999996,359.11800000000005,0.011,0.011
06.04.2021 08:35:12.840 GMT-0500,359.50300000000004,359.157,0.0075,0.0075
06.04.2021 08:35:19.362 GMT-0500,359.50300000000004,359.327,0.0075,0.0008
06.04.2021 08:35:19.412 GMT-0500,360.12199999999996,359.16800000000006,0.011,0.011
06.04.2021 08:35:19.525 GMT-0500,360.12199999999996,359.29800000000006,0.0075,0.0008
06.04.2021 08:35:19.576 GMT-0500,360.37199999999996,359.29800000000006,0.011,0.011
06.04.2021 08:35:22.457 GMT-0500,359.88300000000004,359.29699999999997,0.0075,0.011
06.04.2021 08:35:23.066 GMT-0500,359.56300000000005,359.29699999999997,0.011,0.011
06.04.2021 08:35:29.757 GMT-0500,359.56199999999995,359.348,0.011,0.011
06.04.2021 08:35:29.875 GMT-0500,359.56300000000005,359.397,0.011,0.011
06.04.2021 08:35:30.114 GMT-0500,359.87199999999996,359.41800000000006,0.011,0.011
06.04.2021 08:35:34.876 GMT-0500,359.87199999999996,359.42800000000005,0.011,0.011
06.04.2021 08:35:38.262 GMT-0500,359.73199999999997,359.348,0.011,0.011
06.04.2021 08:35:38.824 GMT-0500,359.542,359.348,0.0008,0.0075
06.04.2021 08:35:38.875 GMT-0500,359.73300000000006,359.157,0.011,0.011
06.04.2021 08:35:39.233 GMT-0500,359.73300000000006,359.207,0.011,0.0008
06.04.2021 08:35:47.726 GMT-0500,359.73199999999997,359.158,0.011,0.011
06.04.2021 08:35:47.864 GMT-0500,359.73300000000006,359.257,0.011,0.0075
06.04.2021 08:35:48.333 GMT-0500,359.73300000000006,359.267,0.011,0.0075
06.04.2021 08:35:48.383 GMT-0500,359.73199999999997,359.25800000000004,0.011,0.011
06.04.2021 08:35:51.415 GMT-0500,359.73300000000006,359.337,0.011,0.0008
06.04.2021 08:35:51.465 GMT-0500,359.73199999999997,359.25800000000004,0.011,0.011
06.04.2021 08:36:00.366 GMT-0500,359.73300000000006,359.267,0.011,0.011
06.04.2021 08:36:02.717 GMT-0500,359.73300000000006,359.30699999999996,0.011,0.0075
06.04.2021 08:36:03.738 GMT-0500,359.73199999999997,359.32800000000003,0.011,0.0008
06.04.2021 08:36:03.789 GMT-0500,359.73300000000006,359.30699999999996,0.011,0.011
06.04.2021 08:36:03.972 GMT-0500,359.73199999999997,359.31800000000004,0.011,0.0008
06.04.2021 08:36:06.733 GMT-0500,359.73199999999997,359.41800000000006,0.011,0.0008
06.04.2021 08:36:06.920 GMT-0500,359.87199999999996,359.42800000000005,0.011,0.011
06.04.2021 08:36:07.924 GMT-0500,359.575,359.42800000000005,0.0008,0.011
06.04.2021 08:36:07.974 GMT-0500,359.87300000000005,359.447,0.011,0.011
06.04.2021 08:36:08.118 GMT-0500,359.87300000000005,359.43699999999995,0.011,0.011
06.04.2021 08:36:08.544 GMT-0500,359.87199999999996,359.42800000000005,0.011,0.011
06.04.2021 08:36:08.609 GMT-0500,359.87300000000005,359.43699999999995,0.011,0.0008
06.04.2021 08:36:08.972 GMT-0500,359.87199999999996,359.42800000000005,0.011,0.011
06.04.2021 08:36:09.123 GMT-0500,359.87300000000005,359.43699999999995,0.011,0.0008
06.04.2021 08:36:09.339 GMT-0500,359.87199999999996,359.42800000000005,0.011,0.011
06.04.2021 08:36:19.380 GMT-0500,359.87300000000005,359.43699999999995,0.011,0.011
06.04.2021 08:36:20.240 GMT-0500,359.87300000000005,359.447,0.011,0.011
06.04.2021 08:36:21.352 GMT-0500,359.87300000000005,359.48699999999997,0.011,0.0008
06.04.2021 08:36:21.738 GMT-0500,359.87300000000005,359.467,0.011,0.011
06.04.2021 08:36:22.733 GMT-0500,359.87300000000005,359.447,0.011,0.011
06.04.2021 08:36:23.078 GMT-0500,359.87300000000005,359.43699999999995,0.011,0.011
06.04.2021 08:36:23.175 GMT-0500,359.87300000000005,359.447,0.011,0.011
06.04.2021 08:36:24.174 GMT-0500,359.87199999999996,359.478,0.011,0.0075
06.04.2021 08:36:25.052 GMT-0500,359.87300000000005,359.447,0.011,0.011
06.04.2021 08:36:27.248 GMT-0500,359.87300000000005,359.477,0.011,0.011
06.04.2021 08:36:28.272 GMT-0500,359.87300000000005,359.447,0.011,0.011
06.04.2021 08:36:30.402 GMT-0500,359.87199999999996,359.478,0.011,0.0008
06.04.2021 08:36:33.858 GMT-0500,359.87199999999996,359.44800000000004,0.011,0.011
06.04.2021 08:36:34.145 GMT-0500,359.585,359.44800000000004,0.0008,0.011
06.04.2021 08:36:34.195 GMT-0500,359.87199999999996,359.44800000000004,0.011,0.011
06.04.2021 08:36:37.007 GMT-0500,359.87199999999996,359.43800000000005,0.011,0.011
06.04.2021 08:36:38.589 GMT-0500,359.87199999999996,359.41800000000006,0.011,0.011
06.04.2021 08:36:47.532 GMT-0500,359.87300000000005,359.477,0.011,0.011
06.04.2021 08:36:51.165 GMT-0500,359.87300000000005,359.49699999999996,0.011,0.0075
06.04.2021 08:36:54.779 GMT-0500,359.87199999999996,359.50800000000004,0.011,0.0008
06.04.2021 08:36:55.389 GMT-0500,359.87199999999996,359.49800000000005,0.011,0.011
06.04.2021 08:37:00.454 GMT-0500,359.60800000000006,359.49699999999996,0.0008,0.0075
06.04.2021 08:37:00.505 GMT-0500,359.87300000000005,359.42699999999996,0.011,0.011
06.04.2021 08:37:00.555 GMT-0500,359.87300000000005,359.447,0.011,0.011
06.04.2021 08:37:00.872 GMT-0500,359.87300000000005,359.477,0.011,0.0075
06.04.2021 08:37:01.145 GMT-0500,359.87300000000005,359.417,0.011,0.011
06.04.2021 08:37:01.474 GMT-0500,359.87300000000005,359.447,0.011,0.011
06.04.2021 08:37:01.720 GMT-0500,359.87300000000005,359.467,0.011,0.0008
06.04.2021 08:37:03.904 GMT-0500,359.87199999999996,359.49800000000005,0.011,0.0008
06.04.2021 08:37:04.566 GMT-0500,359.87199999999996,359.478,0.011,0.011
06.04.2021 08:37:05.220 GMT-0500,359.87199999999996,359.49800000000005,0.011,0.0075
06.04.2021 08:37:06.064 GMT-0500,359.87199999999996,359.50800000000004,0.011,0.0075
06.04.2021 08:37:06.857 GMT-0500,360.23300000000006,359.507,0.011,0.011
06.04.2021 08:37:06.909 GMT-0500,360.223,359.397,0.011,0.011
06.04.2021 08:37:06.959 GMT-0500,360.042,359.398,0.011,0.011
06.04.2021 08:37:07.605 GMT-0500,360.04300000000006,359.507,0.011,0.0008
06.04.2021 08:37:07.756 GMT-0500,360.042,359.398,0.011,0.011
06.04.2021 08:37:07.861 GMT-0500,360.04300000000006,359.62699999999995,0.011,0.0075
06.04.2021 08:37:12.828 GMT-0500,360.04300000000006,359.637,0.011,0.0008
06.04.2021 08:37:14.630 GMT-0500,360.042,359.62800000000004,0.011,0.011
06.04.2021 08:37:19.134 GMT-0500,360.04300000000006,359.397,0.011,0.011
06.04.2021 08:37:19.336 GMT-0500,360.04300000000006,359.62699999999995,0.011,0.0075
06.04.2021 08:37:20.201 GMT-0500,360.042,359.398,0.011,0.011
06.04.2021 08:37:24.010 GMT-0500,360.37300000000005,359.74699999999996,0.011,0.011
06.04.2021 08:37:24.154 GMT-0500,360.37199999999996,359.788,0.011,0.011
06.04.2021 08:37:24.281 GMT-0500,360.37199999999996,359.79800000000006,0.011,0.0075
06.04.2021 08:37:27.810 GMT-0500,360.37300000000005,359.81699999999995,0.011,0.0075
06.04.2021 08:37:27.976 GMT-0500,360.37300000000005,359.827,0.011,0.011
06.04.2021 08:37:28.286 GMT-0500,360.37199999999996,359.398,0.011,0.011
06.04.2021 08:37:30.218 GMT-0500,359.913,359.657,0.011,0.011
06.04.2021 08:37:30.268 GMT-0500,360.30199999999996,359.708,0.011,0.011
06.04.2021 08:37:30.333 GMT-0500,360.30199999999996,359.76800000000003,0.011,0.0075
06.04.2021 08:37:30.384 GMT-0500,360.30199999999996,359.708,0.011,0.011
06.04.2021 08:37:30.583 GMT-0500,360.30199999999996,359.718,0.011,0.0075
06.04.2021 08:37:30.634 GMT-0500,360.30199999999996,359.708,0.011,0.011
06.04.2021 08:37:30.686 GMT-0500,360.30300000000005,359.717,0.011,0.0075
06.04.2021 08:37:30.736 GMT-0500,360.37199999999996,359.73800000000006,0.011,0.011
06.04.2021 08:37:30.895 GMT-0500,360.37199999999996,359.74800000000005,0.011,0.0008
06.04.2021 08:37:31.046 GMT-0500,360.37199999999996,359.788,0.011,0.011
06.04.2021 08:37:31.183 GMT-0500,360.37300000000005,359.707,0.011,0.011
06.04.2021 08:37:31.615 GMT-0500,360.37300000000005,359.397,0.011,0.011
06.04.2021 08:37:31.677 GMT-0500,360.37300000000005,359.657,0.011,0.0075
06.04.2021 08:37:31.727 GMT-0500,360.37199999999996,359.398,0.011,0.011
06.04.2021 08:37:33.816 GMT-0500,360.37199999999996,359.60800000000006,0.011,0.0075
06.04.2021 08:37:39.069 GMT-0500,360.37300000000005,359.847,0.011,0.0008
06.04.2021 08:37:40.345 GMT-0500,360.37300000000005,359.60699999999997,0.011,0.011
06.04.2021 08:37:41.058 GMT-0500,359.99199999999996,359.60800000000006,0.0075,0.011
06.04.2021 08:37:42.210 GMT-0500,359.99300000000005,359.81699999999995,0.0008,0.0075
06.04.2021 08:37:42.260 GMT-0500,360.37199999999996,359.398,0.011,0.011
06.04.2021 08:37:42.594 GMT-0500,360.37300000000005,359.60699999999997,0.011,0.0075
06.04.2021 08:37:42.814 GMT-0500,359.973,359.81699999999995,0.0008,0.0008
06.04.2021 08:37:42.915 GMT-0500,359.972,359.82800000000003,0.011,0.0075
06.04.2021 08:37:43.108 GMT-0500,359.972,359.60800000000006,0.011,0.011
06.04.2021 08:37:43.370 GMT-0500,359.98,359.967,0.0008,0.0075
06.04.2021 08:37:43.421 GMT-0500,360.37199999999996,359.61800000000005,0.011,0.011
06.04.2021 08:37:44.211 GMT-0500,360.00300000000004,359.61699999999996,0.0075,0.011
06.04.2021 08:37:44.438 GMT-0500,360.00300000000004,359.60699999999997,0.011,0.011
06.04.2021 08:37:46.063 GMT-0500,360.00199999999995,359.85800000000006,0.011,0.0008
06.04.2021 08:37:46.820 GMT-0500,360.00300000000004,359.60699999999997,0.011,0.011
06.04.2021 08:37:48.531 GMT-0500,360.00199999999995,359.848,0.011,0.0075
06.04.2021 08:37:48.719 GMT-0500,360.00300000000004,359.85699999999997,0.011,0.0075
06.04.2021 08:37:49.524 GMT-0500,360.37199999999996,359.94800000000004,0.011,0.011
06.04.2021 08:37:49.575 GMT-0500,360.37199999999996,359.86800000000005,0.011,0.011
06.04.2021 08:37:49.659 GMT-0500,360.142,359.86800000000005,0.011,0.011
06.04.2021 08:37:50.208 GMT-0500,360.14300000000003,359.827,0.011,0.011
06.04.2021 08:37:50.585 GMT-0500,360.37300000000005,359.827,0.011,0.011
06.04.2021 08:37:50.673 GMT-0500,360.12199999999996,359.82800000000003,0.0008,0.011
06.04.2021 08:37:50.874 GMT-0500,360.12300000000005,359.60699999999997,0.011,0.011
06.04.2021 08:37:52.667 GMT-0500,360.00300000000004,359.60699999999997,0.0075,0.011
06.04.2021 08:37:52.718 GMT-0500,360.37199999999996,359.60800000000006,0.011,0.011
06.04.2021 08:37:52.924 GMT-0500,360.083,359.947,0.0008,0.0008
06.04.2021 08:37:53.923 GMT-0500,360.37199999999996,359.60800000000006,0.011,0.011
06.04.2021 08:37:54.910 GMT-0500,359.98199999999997,359.60800000000006,0.011,0.011
06.04.2021 08:37:54.961 GMT-0500,360.023,359.60699999999997,0.011,0.011
06.04.2021 08:37:55.318 GMT-0500,359.913,359.837,0.0008,0.0008
06.04.2021 08:37:55.369 GMT-0500,360.37300000000005,359.847,0.011,0.011
06.04.2021 08:37:55.464 GMT-0500,360.082,359.848,0.011,0.011
06.04.2021 08:37:55.610 GMT-0500,360.04300000000006,359.847,0.0075,0.011
06.04.2021 08:37:55.661 GMT-0500,360.082,359.848,0.011,0.011
06.04.2021 08:37:56.390 GMT-0500,360.082,359.838,0.011,0.011
06.04.2021 08:37:57.209 GMT-0500,360.082,359.94800000000004,0.011,0.011
06.04.2021 08:37:58.589 GMT-0500,360.082,359.60800000000006,0.011,0.011
06.04.2021 08:38:00.251 GMT-0500,360.082,359.94800000000004,0.011,0.011
06.04.2021 08:38:00.792 GMT-0500,360.022,359.60800000000006,0.011,0.011
06.04.2021 08:38:00.842 GMT-0500,360.11300000000006,359.777,0.011,0.011
06.04.2021 08:38:02.544 GMT-0500,360.11199999999997,359.60800000000006,0.011,0.011
06.04.2021 08:38:02.604 GMT-0500,360.11199999999997,359.73800000000006,0.011,0.0075
06.04.2021 08:38:02.766 GMT-0500,360.11199999999997,359.60800000000006,0.011,0.011
06.04.2021 08:38:03.220 GMT-0500,360.11199999999997,359.67800000000005,0.011,0.011
06.04.2021 08:38:03.370 GMT-0500,360.06199999999995,359.73800000000006,0.011,0.011
06.04.2021 08:38:03.482 GMT-0500,360.06199999999995,359.74800000000005,0.011,0.0075
06.04.2021 08:38:03.583 GMT-0500,360.06300000000005,359.79699999999997,0.011,0.011
06.04.2021 08:38:03.945 GMT-0500,360.06199999999995,359.80800000000005,0.011,0.011
06.04.2021 08:38:04.818 GMT-0500,360.06199999999995,359.73800000000006,0.011,0.011
06.04.2021 08:38:06.215 GMT-0500,360.06199999999995,359.788,0.011,0.0008
06.04.2021 08:38:06.265 GMT-0500,360.06300000000005,359.73699999999997,0.011,0.011
06.04.2021 08:38:11.344 GMT-0500,360.06300000000005,359.79699999999997,0.011,0.011
06.04.2021 08:38:13.004 GMT-0500,360.11199999999997,359.79800000000006,0.011,0.011
06.04.2021 08:38:14.078 GMT-0500,360.06199999999995,359.79800000000006,0.0008,0.011
06.04.2021 08:38:15.061 GMT-0500,360.11199999999997,359.79800000000006,0.011,0.011
06.04.2021 08:38:15.635 GMT-0500,360.05199999999996,359.79800000000006,0.0075,0.011
06.04.2021 08:38:19.156 GMT-0500,359.972,359.79800000000006,0.0008,0.011
06.04.2021 08:38:19.207 GMT-0500,360.11199999999997,359.79800000000006,0.011,0.011
06.04.2021 08:38:20.066 GMT-0500,359.972,359.79800000000006,0.011,0.011
06.04.2021 08:38:20.117 GMT-0500,360.11300000000006,359.79699999999997,0.011,0.011
06.04.2021 08:38:21.956 GMT-0500,359.963,359.79699999999997,0.0075,0.0008
06.04.2021 08:38:22.006 GMT-0500,360.11300000000006,359.60699999999997,0.011,0.011
06.04.2021 08:38:27.662 GMT-0500,360.11300000000006,359.647,0.011,0.011
06.04.2021 08:38:31.466 GMT-0500,360.11300000000006,359.697,0.011,0.0008
06.04.2021 08:38:34.087 GMT-0500,360.11300000000006,359.707,0.011,0.0075
06.04.2021 08:38:34.137 GMT-0500,360.11199999999997,359.648,0.011,0.011
06.04.2021 08:38:37.983 GMT-0500,359.892,359.648,0.011,0.011
06.04.2021 08:38:38.033 GMT-0500,360.11300000000006,359.647,0.011,0.011
06.04.2021 08:38:40.911 GMT-0500,360.11199999999997,359.69800000000004,0.011,0.011
06.04.2021 08:38:41.334 GMT-0500,360.11300000000006,359.73699999999997,0.011,0.0075
06.04.2021 08:38:41.385 GMT-0500,360.11199999999997,359.69800000000004,0.011,0.011
06.04.2021 08:38:42.554 GMT-0500,360.06300000000005,359.697,0.0008,0.011
06.04.2021 08:38:45.145 GMT-0500,360.11199999999997,359.69800000000004,0.011,0.011
06.04.2021 08:38:49.744 GMT-0500,360.083,359.697,0.0008,0.011
06.04.2021 08:38:51.139 GMT-0500,359.86199999999997,359.69800000000004,0.011,0.011
06.04.2021 08:38:51.189 GMT-0500,360.082,359.69800000000004,0.011,0.011
06.04.2021 08:38:51.840 GMT-0500,359.76300000000003,359.697,0.0075,0.0008
06.04.2021 08:38:51.890 GMT-0500,360.082,359.588,0.011,0.011
06.04.2021 08:38:52.401 GMT-0500,360.082,359.49800000000005,0.011,0.011
06.04.2021 08:38:52.942 GMT-0500,360.083,359.277,0.011,0.011
06.04.2021 08:38:53.104 GMT-0500,360.083,359.637,0.011,0.0075
06.04.2021 08:39:02.472 GMT-0500,359.76800000000003,359.63800000000003,0.0075,0.011
06.04.2021 08:39:02.523 GMT-0500,360.082,359.49800000000005,0.011,0.011
06.04.2021 08:39:02.787 GMT-0500,360.083,359.277,0.011,0.011
06.04.2021 08:39:02.867 GMT-0500,360.082,359.49800000000005,0.011,0.0075
06.04.2021 08:39:03.090 GMT-0500,360.083,359.507,0.011,0.011
06.04.2021 08:39:04.056 GMT-0500,360.083,359.577,0.011,0.011
06.04.2021 08:39:04.174 GMT-0500,360.082,359.598,0.011,0.0075
06.04.2021 08:39:04.551 GMT-0500,360.083,359.60699999999997,0.011,0.0008
06.04.2021 08:39:05.209 GMT-0500,360.082,359.62800000000004,0.011,0.011
06.04.2021 08:39:05.737 GMT-0500,360.083,359.61699999999996,0.011,0.011
06.04.2021 08:39:05.788 GMT-0500,360.082,359.63800000000003,0.011,0.011
06.04.2021 08:39:07.057 GMT-0500,360.083,359.647,0.011,0.011
06.04.2021 08:39:11.547 GMT-0500,360.083,359.657,0.011,0.0008
06.04.2021 08:39:11.650 GMT-0500,360.11300000000006,359.74699999999996,0.011,0.011
06.04.2021 08:39:12.069 GMT-0500,360.11300000000006,359.767,0.011,0.011
06.04.2021 08:39:12.231 GMT-0500,360.11300000000006,359.777,0.011,0.011
06.04.2021 08:39:12.346 GMT-0500,360.11199999999997,359.788,0.011,0.011
06.04.2021 08:39:12.471 GMT-0500,360.11300000000006,359.79699999999997,0.011,0.0008
06.04.2021 08:39:12.521 GMT-0500,360.11199999999997,359.728,0.011,0.011
06.04.2021 08:39:12.714 GMT-0500,360.093,359.727,0.0075,0.011
06.04.2021 08:39:17.397 GMT-0500,360.11199999999997,359.728,0.011,0.011
06.04.2021 08:39:18.570 GMT-0500,360.11199999999997,359.788,0.011,0.0008
06.04.2021 08:39:19.061 GMT-0500,360.093,359.727,0.011,0.011
06.04.2021 08:39:20.602 GMT-0500,359.892,359.728,0.0008,0.011
06.04.2021 08:39:20.652 GMT-0500,360.093,359.727,0.011,0.011
06.04.2021 08:39:24.530 GMT-0500,360.093,359.767,0.011,0.0075
06.04.2021 08:39:25.098 GMT-0500,360.092,359.728,0.011,0.011
06.04.2021 08:39:26.256 GMT-0500,360.11300000000006,359.727,0.011,0.011
06.04.2021 08:39:26.720 GMT-0500,359.92300000000006,359.60699999999997,0.011,0.011
06.04.2021 08:39:26.770 GMT-0500,359.882,359.278,0.011,0.011
06.04.2021 08:39:26.821 GMT-0500,360.082,359.278,0.011,0.011
06.04.2021 08:39:26.871 GMT-0500,360.082,359.728,0.011,0.011
06.04.2021 08:39:29.274 GMT-0500,359.852,359.728,0.0075,0.0008
06.04.2021 08:39:29.325 GMT-0500,360.11300000000006,359.277,0.011,0.011
06.04.2021 08:39:29.387 GMT-0500,359.94300000000004,359.277,0.0075,0.011
06.04.2021 08:39:29.437 GMT-0500,360.11300000000006,359.277,0.011,0.011
06.04.2021 08:39:29.918 GMT-0500,360.11300000000006,359.717,0.011,0.0075
06.04.2021 08:39:30.019 GMT-0500,360.11300000000006,359.73699999999997,0.011,0.011
06.04.2021 08:39:30.332 GMT-0500,360.11300000000006,359.81699999999995,0.011,0.0008
06.04.2021 08:39:30.441 GMT-0500,360.11199999999997,359.848,0.011,0.011
06.04.2021 08:39:30.557 GMT-0500,360.11199999999997,359.85800000000006,0.011,0.0008
06.04.2021 08:39:31.183 GMT-0500,360.11300000000006,359.847,0.011,0.011
06.04.2021 08:39:31.771 GMT-0500,360.11199999999997,359.92800000000005,0.0075,0.0008
06.04.2021 08:39:31.821 GMT-0500,360.36300000000006,359.73699999999997,0.011,0.011
06.04.2021 08:39:31.872 GMT-0500,360.36199999999997,360.04800000000006,0.011,0.0008
06.04.2021 08:39:31.973 GMT-0500,360.36300000000006,360.227,0.011,0.011
06.04.2021 08:39:32.023 GMT-0500,360.332,359.74800000000005,0.011,0.011
06.04.2021 08:39:32.104 GMT-0500,360.333,359.887,0.011,0.0075
06.04.2021 08:39:32.284 GMT-0500,360.333,359.967,0.011,0.0008
06.04.2021 08:39:32.334 GMT-0500,360.333,359.74699999999996,0.011,0.011
06.04.2021 08:39:32.384 GMT-0500,360.62300000000005,360.097,0.011,0.011
06.04.2021 08:39:33.080 GMT-0500,360.37300000000005,360.137,0.0008,0.0008
06.04.2021 08:39:33.180 GMT-0500,360.62199999999996,360.12800000000004,0.011,0.011
06.04.2021 08:39:33.371 GMT-0500,360.62199999999996,360.158,0.011,0.0075
06.04.2021 08:39:33.990 GMT-0500,360.62300000000005,360.167,0.011,0.0008
06.04.2021 08:39:34.227 GMT-0500,360.62199999999996,360.12800000000004,0.011,0.011
06.04.2021 08:39:35.433 GMT-0500,360.62300000000005,360.11699999999996,0.011,0.011
06.04.2021 08:39:35.748 GMT-0500,360.62199999999996,360.19800000000004,0.011,0.0075
06.04.2021 08:39:46.039 GMT-0500,360.62300000000005,360.217,0.011,0.0008
06.04.2021 08:39:46.139 GMT-0500,360.62199999999996,360.19800000000004,0.011,0.011
06.04.2021 08:39:48.637 GMT-0500,360.62300000000005,360.217,0.011,0.0008
06.04.2021 08:39:50.195 GMT-0500,360.62199999999996,360.19800000000004,0.011,0.011
06.04.2021 08:39:51.178 GMT-0500,360.62199999999996,360.098,0.011,0.011
06.04.2021 08:39:51.376 GMT-0500,360.62199999999996,360.208,0.011,0.0075
06.04.2021 08:39:51.571 GMT-0500,360.61300000000006,360.207,0.0075,0.0008
06.04.2021 08:39:51.621 GMT-0500,360.61199999999997,360.098,0.011,0.011
06.04.2021 08:39:51.672 GMT-0500,360.61300000000006,360.217,0.011,0.011
06.04.2021 08:39:52.048 GMT-0500,360.61199999999997,360.208,0.011,0.011
06.04.2021 08:39:52.629 GMT-0500,360.62199999999996,360.208,0.011,0.011
06.04.2021 08:39:54.052 GMT-0500,360.62300000000005,360.23699999999997,0.011,0.0075
06.04.2021 08:39:57.187 GMT-0500,360.62300000000005,360.24699999999996,0.011,0.011
06.04.2021 08:39:58.490 GMT-0500,360.62300000000005,360.207,0.011,0.011
06.04.2021 08:40:00.278 GMT-0500,360.62199999999996,360.278,0.011,0.0075
06.04.2021 08:40:00.328 GMT-0500,360.62199999999996,360.208,0.011,0.011
06.04.2021 08:40:00.501 GMT-0500,360.62300000000005,360.24699999999996,0.011,0.0008
06.04.2021 08:40:00.552 GMT-0500,360.62300000000005,360.207,0.011,0.011
06.04.2021 08:40:00.603 GMT-0500,360.62199999999996,360.25800000000004,0.011,0.0008
06.04.2021 08:40:01.121 GMT-0500,360.62300000000005,360.207,0.011,0.011
06.04.2021 08:40:03.629 GMT-0500,360.62300000000005,360.267,0.011,0.0075
06.04.2021 08:40:05.052 GMT-0500,360.62199999999996,360.32800000000003,0.011,0.0008
06.04.2021 08:40:05.102 GMT-0500,360.62300000000005,360.207,0.011,0.011
06.04.2021 08:40:05.220 GMT-0500,360.62300000000005,360.097,0.011,0.011
06.04.2021 08:40:05.406 GMT-0500,360.49199999999996,360.338,0.0008,0.0008
06.04.2021 08:40:05.705 GMT-0500,360.62300000000005,360.337,0.011,0.011
06.04.2021 08:40:06.201 GMT-0500,360.522,360.338,0.0075,0.011
06.04.2021 08:40:06.251 GMT-0500,360.62199999999996,360.338,0.011,0.011
06.04.2021 08:40:06.302 GMT-0500,360.62199999999996,360.348,0.011,0.011
06.04.2021 08:40:07.214 GMT-0500,360.395,360.348,0.0008,0.0075
06.04.2021 08:40:07.265 GMT-0500,360.62199999999996,360.098,0.011,0.011
06.04.2021 08:40:08.548 GMT-0500,360.212,360.098,0.011,0.011
06.04.2021 08:40:08.599 GMT-0500,360.62300000000005,360.097,0.011,0.011
06.04.2021 08:40:11.342 GMT-0500,360.62199999999996,360.11800000000005,0.011,0.011
06.04.2021 08:40:11.443 GMT-0500,360.62199999999996,360.17800000000005,0.011,0.011
06.04.2021 08:40:11.738 GMT-0500,360.36199999999997,360.17800000000005,0.0075,0.011
06.04.2021 08:40:11.901 GMT-0500,360.62199999999996,360.17800000000005,0.011,0.011
06.04.2021 08:40:12.096 GMT-0500,360.31199999999995,360.18800000000005,0.011,0.011
06.04.2021 08:40:12.146 GMT-0500,360.62199999999996,360.19800000000004,0.011,0.011
06.04.2021 08:40:12.301 GMT-0500,360.62300000000005,360.18699999999995,0.011,0.011
06.04.2021 08:40:12.493 GMT-0500,360.33,360.18800000000005,0.0075,0.011
06.04.2021 08:40:12.544 GMT-0500,360.62300000000005,360.227,0.011,0.011
06.04.2021 08:40:13.344 GMT-0500,360.62199999999996,360.18800000000005,0.011,0.011
06.04.2021 08:40:14.217 GMT-0500,360.342,360.18800000000005,0.0075,0.0008
06.04.2021 08:40:14.267 GMT-0500,360.342,360.098,0.011,0.011
06.04.2021 08:40:14.420 GMT-0500,360.61300000000006,360.097,0.011,0.011
06.04.2021 08:40:14.470 GMT-0500,360.322,360.098,0.011,0.011
06.04.2021 08:40:14.520 GMT-0500,360.61300000000006,360.097,0.011,0.011
06.04.2021 08:40:14.935 GMT-0500,360.61199999999997,360.16800000000006,0.011,0.011
06.04.2021 08:40:15.156 GMT-0500,360.342,360.16800000000006,0.0008,0.011
06.04.2021 08:40:15.257 GMT-0500,360.342,360.17800000000005,0.011,0.011
06.04.2021 08:40:15.378 GMT-0500,360.342,360.19800000000004,0.011,0.011
06.04.2021 08:40:16.616 GMT-0500,360.62300000000005,360.167,0.011,0.011
06.04.2021 08:40:20.611 GMT-0500,360.31300000000005,360.167,0.0008,0.011
06.04.2021 08:40:20.661 GMT-0500,360.62199999999996,360.098,0.011,0.011
06.04.2021 08:40:20.712 GMT-0500,360.25199999999995,360.098,0.011,0.011
06.04.2021 08:40:21.162 GMT-0500,360.61300000000006,360.097,0.011,0.011
06.04.2021 08:40:23.918 GMT-0500,360.61300000000006,360.10699999999997,0.011,0.011
06.04.2021 08:40:24.031 GMT-0500,360.61300000000006,360.167,0.011,0.0075
06.04.2021 08:40:24.159 GMT-0500,360.61300000000006,360.277,0.011,0.0075
06.04.2021 08:40:24.209 GMT-0500,360.61199999999997,360.13800000000003,0.011,0.011
06.04.2021 08:40:24.892 GMT-0500,360.382,360.13800000000003,0.011,0.011
06.04.2021 08:40:24.943 GMT-0500,360.61199999999997,360.148,0.011,0.011
06.04.2021 08:40:25.044 GMT-0500,360.61199999999997,360.13800000000003,0.011,0.011
06.04.2021 08:40:25.497 GMT-0500,360.61300000000006,360.147,0.011,0.0075
06.04.2021 08:40:25.547 GMT-0500,360.61199999999997,360.13800000000003,0.011,0.011
06.04.2021 08:40:25.721 GMT-0500,360.61199999999997,360.148,0.011,0.0008
06.04.2021 08:40:26.237 GMT-0500,360.61199999999997,360.158,0.011,0.0008
06.04.2021 08:40:26.347 GMT-0500,360.61199999999997,360.18800000000005,0.011,0.0008
06.04.2021 08:40:26.397 GMT-0500,360.61199999999997,360.148,0.011,0.011
06.04.2021 08:40:26.503 GMT-0500,360.61300000000006,360.157,0.011,0.011
06.04.2021 08:40:26.918 GMT-0500,360.61199999999997,360.17800000000005,0.011,0.011
06.04.2021 08:40:27.059 GMT-0500,360.61199999999997,360.18800000000005,0.011,0.011
06.04.2021 08:40:29.282 GMT-0500,360.61199999999997,360.13800000000003,0.011,0.011
06.04.2021 08:40:29.382 GMT-0500,360.61300000000006,360.147,0.011,0.011
06.04.2021 08:40:30.373 GMT-0500,360.61199999999997,360.16800000000006,0.011,0.0008
06.04.2021 08:40:31.767 GMT-0500,360.61199999999997,360.13800000000003,0.011,0.011
06.04.2021 08:40:36.995 GMT-0500,360.36199999999997,360.13800000000003,0.0008,0.011
06.04.2021 08:40:40.120 GMT-0500,360.61199999999997,360.098,0.011,0.011
06.04.2021 08:40:40.265 GMT-0500,360.61300000000006,360.17699999999996,0.011,0.0008
06.04.2021 08:40:41.990 GMT-0500,360.32300000000004,360.17800000000005,0.0008,0.011
06.04.2021 08:40:42.040 GMT-0500,360.602,360.17800000000005,0.011,0.011
06.04.2021 08:40:42.091 GMT-0500,360.353,360.17699999999996,0.011,0.011
06.04.2021 08:40:42.353 GMT-0500,360.603,360.17699999999996,0.011,0.011
06.04.2021 08:40:42.993 GMT-0500,360.61300000000006,360.17699999999996,0.011,0.011
06.04.2021 08:40:44.007 GMT-0500,360.36199999999997,360.17800000000005,0.0008,0.011
06.04.2021 08:40:44.057 GMT-0500,360.61199999999997,360.17800000000005,0.011,0.011
06.04.2021 08:40:44.374 GMT-0500,360.332,360.17800000000005,0.011,0.011
06.04.2021 08:40:46.314 GMT-0500,360.61199999999997,360.17800000000005,0.011,0.011
06.04.2021 08:40:46.757 GMT-0500,360.332,360.17800000000005,0.0008,0.011
06.04.2021 08:40:48.748 GMT-0500,360.61199999999997,360.17800000000005,0.011,0.011
06.04.2021 08:40:50.166 GMT-0500,360.61199999999997,360.24800000000005,0.011,0.0075
06.04.2021 08:40:50.217 GMT-0500,360.61199999999997,360.098,0.011,0.011
06.04.2021 08:40:50.545 GMT-0500,360.61199999999997,360.17800000000005,0.011,0.0075
06.04.2021 08:40:52.258 GMT-0500,360.62300000000005,360.227,0.011,0.011
06.04.2021 08:40:52.496 GMT-0500,360.62199999999996,360.25800000000004,0.011,0.011
06.04.2021 08:41:01.066 GMT-0500,360.62199999999996,360.288,0.011,0.0008
06.04.2021 08:41:13.067 GMT-0500,360.402,360.288,0.0075,0.011
06.04.2021 08:41:13.118 GMT-0500,360.62199999999996,360.288,0.011,0.011
06.04.2021 08:41:15.603 GMT-0500,360.335,360.287,0.0008,0.0075
06.04.2021 08:41:15.653 GMT-0500,360.333,360.097,0.011,0.011
06.04.2021 08:41:15.878 GMT-0500,360.332,360.11800000000005,0.011,0.011
06.04.2021 08:41:16.150 GMT-0500,360.332,360.10800000000006,0.011,0.011
06.04.2021 08:41:16.661 GMT-0500,360.332,360.098,0.011,0.011
06.04.2021 08:41:16.833 GMT-0500,360.332,360.16800000000006,0.0008,0.0075
06.04.2021 08:41:16.883 GMT-0500,360.62300000000005,360.167,0.011,0.011
06.04.2021 08:41:16.959 GMT-0500,360.62199999999996,360.098,0.011,0.011
06.04.2021 08:41:17.065 GMT-0500,360.62300000000005,360.23699999999997,0.011,0.011
06.04.2021 08:41:18.442 GMT-0500,360.62199999999996,360.24800000000005,0.011,0.0075
06.04.2021 08:41:18.850 GMT-0500,360.62199999999996,360.25800000000004,0.011,0.0008
06.04.2021 08:41:19.576 GMT-0500,360.62300000000005,360.23699999999997,0.011,0.011
06.04.2021 08:41:24.836 GMT-0500,360.62300000000005,360.267,0.011,0.011
06.04.2021 08:41:25.375 GMT-0500,360.62300000000005,360.23699999999997,0.011,0.011
06.04.2021 08:41:28.466 GMT-0500,360.382,360.23800000000006,0.0075,0.011
06.04.2021 08:41:28.516 GMT-0500,360.62199999999996,360.23800000000006,0.011,0.011
06.04.2021 08:41:29.371 GMT-0500,360.31199999999995,360.098,0.011,0.011
06.04.2021 08:41:29.421 GMT-0500,360.62199999999996,360.098,0.011,0.011
06.04.2021 08:41:29.471 GMT-0500,360.392,360.098,0.011,0.011
06.04.2021 08:41:29.625 GMT-0500,360.392,360.12800000000004,0.011,0.0008
06.04.2021 08:41:37.641 GMT-0500,360.11300000000006,359.847,0.011,0.011
06.04.2021 08:41:37.692 GMT-0500,360.382,360.06800000000004,0.011,0.011
06.04.2021 08:41:37.792 GMT-0500,360.382,360.028,0.011,0.011
06.04.2021 08:41:38.698 GMT-0500,360.39300000000003,360.027,0.011,0.011
06.04.2021 08:41:39.829 GMT-0500,360.152,360.028,0.011,0.011
06.04.2021 08:41:39.879 GMT-0500,360.39300000000003,360.037,0.011,0.011
06.04.2021 08:41:43.314 GMT-0500,360.39300000000003,360.087,0.011,0.0008
06.04.2021 08:41:43.364 GMT-0500,360.392,360.028,0.011,0.011
06.04.2021 08:41:45.996 GMT-0500,360.39300000000003,360.037,0.011,0.011
06.04.2021 08:41:46.046 GMT-0500,360.392,360.028,0.011,0.011
06.04.2021 08:41:48.267 GMT-0500,360.14300000000003,359.847,0.011,0.011
06.04.2021 08:41:48.318 GMT-0500,360.382,360.04800000000006,0.011,0.011
06.04.2021 08:41:48.596 GMT-0500,360.382,360.028,0.011,0.011
06.04.2021 08:41:49.031 GMT-0500,360.382,360.038,0.011,0.0008
06.04.2021 08:41:49.081 GMT-0500,360.382,360.028,0.011,0.011
06.04.2021 08:41:49.327 GMT-0500,360.392,360.028,0.011,0.011
06.04.2021 08:41:49.377 GMT-0500,360.39300000000003,360.077,0.011,0.011
06.04.2021 08:41:49.427 GMT-0500,360.39300000000003,360.027,0.011,0.011
06.04.2021 08:41:49.861 GMT-0500,360.25199999999995,360.028,0.011,0.011
06.04.2021 08:41:49.912 GMT-0500,360.39300000000003,360.027,0.011,0.011
06.04.2021 08:41:50.232 GMT-0500,360.392,360.11800000000005,0.011,0.0075
06.04.2021 08:41:53.585 GMT-0500,360.39300000000003,360.05699999999996,0.011,0.011
06.04.2021 08:41:53.701 GMT-0500,360.39300000000003,360.027,0.011,0.011
06.04.2021 08:42:00.098 GMT-0500,360.392,360.088,0.011,0.0008
06.04.2021 08:42:03.258 GMT-0500,360.392,360.148,0.011,0.011
06.04.2021 08:42:03.399 GMT-0500,360.392,360.088,0.011,0.011
06.04.2021 08:42:07.758 GMT-0500,360.39300000000003,360.167,0.011,0.0075
06.04.2021 08:42:07.859 GMT-0500,360.62300000000005,360.167,0.011,0.011
06.04.2021 08:42:07.916 GMT-0500,360.62199999999996,360.24800000000005,0.011,0.0075
06.04.2021 08:42:13.256 GMT-0500,360.34000000000003,360.24800000000005,0.0008,0.0075
06.04.2021 08:42:13.306 GMT-0500,360.62300000000005,360.18699999999995,0.011,0.011
06.04.2021 08:42:16.051 GMT-0500,360.23300000000006,360.18699999999995,0.011,0.011
06.04.2021 08:42:16.101 GMT-0500,360.62300000000005,359.917,0.011,0.011
06.04.2021 08:42:16.211 GMT-0500,360.62300000000005,360.027,0.011,0.011
06.04.2021 08:42:16.377 GMT-0500,360.62199999999996,360.13800000000003,0.011,0.011
06.04.2021 08:42:18.140 GMT-0500,360.62300000000005,360.18699999999995,0.011,0.0075
06.04.2021 08:42:19.981 GMT-0500,360.62300000000005,360.167,0.011,0.011
06.04.2021 08:42:20.193 GMT-0500,360.62300000000005,360.137,0.011,0.011
06.04.2021 08:42:25.788 GMT-0500,360.62300000000005,360.267,0.011,0.011
06.04.2021 08:42:25.839 GMT-0500,360.62199999999996,360.23800000000006,0.011,0.011
06.04.2021 08:42:27.409 GMT-0500,360.62199999999996,360.29800000000006,0.011,0.0075
06.04.2021 08:42:27.510 GMT-0500,360.62300000000005,360.327,0.011,0.011
06.04.2021 08:42:28.292 GMT-0500,360.49199999999996,360.338,0.0075,0.011
06.04.2021 08:42:30.007 GMT-0500,360.402,360.158,0.011,0.011
06.04.2021 08:42:30.057 GMT-0500,360.403,360.24699999999996,0.011,0.011
06.04.2021 08:42:31.009 GMT-0500,360.49199999999996,360.32800000000003,0.011,0.011
06.04.2021 08:42:31.059 GMT-0500,360.49300000000005,360.337,0.011,0.011
06.04.2021 08:42:34.361 GMT-0500,360.49199999999996,360.32800000000003,0.011,0.011
06.04.2021 08:42:36.841 GMT-0500,360.403,360.327,0.0075,0.011
06.04.2021 08:42:36.891 GMT-0500,360.49199999999996,360.338,0.011,0.011
06.04.2021 08:42:38.719 GMT-0500,360.49199999999996,360.32800000000003,0.011,0.011
06.04.2021 08:42:45.332 GMT-0500,360.49300000000005,360.36699999999996,0.011,0.0008
06.04.2021 08:42:45.383 GMT-0500,360.49199999999996,360.338,0.011,0.011
06.04.2021 08:42:45.662 GMT-0500,360.68300000000005,360.457,0.011,0.011
06.04.2021 08:42:45.713 GMT-0500,360.852,360.56800000000004,0.011,0.011
06.04.2021 08:42:46.943 GMT-0500,360.852,360.648,0.011,0.0008
06.04.2021 08:42:46.993 GMT-0500,360.852,360.51800000000003,0.011,0.011
06.04.2021 08:42:47.208 GMT-0500,360.642,360.51800000000003,0.0008,0.011
06.04.2021 08:42:47.258 GMT-0500,360.853,360.517,0.011,0.011
06.04.2021 08:42:48.127 GMT-0500,360.853,360.60699999999997,0.011,0.011
06.04.2021 08:42:48.177 GMT-0500,360.852,360.528,0.011,0.011
06.04.2021 08:42:53.588 GMT-0500,360.853,360.517,0.011,0.011
06.04.2021 08:42:55.163 GMT-0500,360.62800000000004,360.51800000000003,0.0075,0.011
06.04.2021 08:42:55.213 GMT-0500,360.852,360.51800000000003,0.011,0.011
06.04.2021 08:43:00.199 GMT-0500,360.56300000000005,360.517,0.0008,0.0075
06.04.2021 08:43:00.249 GMT-0500,360.853,360.447,0.011,0.011
06.04.2021 08:43:00.299 GMT-0500,360.852,360.458,0.011,0.011
06.04.2021 08:43:00.667 GMT-0500,360.852,360.48800000000006,0.011,0.0008
06.04.2021 08:43:01.823 GMT-0500,360.852,360.37800000000004,0.011,0.011
06.04.2021 08:43:03.653 GMT-0500,360.852,360.48800000000006,0.011,0.0008
06.04.2021 08:43:05.529 GMT-0500,360.852,360.38800000000003,0.011,0.011
06.04.2021 08:43:05.966 GMT-0500,360.52,360.38800000000003,0.0075,0.0008
06.04.2021 08:43:06.016 GMT-0500,360.852,360.37800000000004,0.011,0.011
06.04.2021 08:43:07.107 GMT-0500,360.853,360.42699999999996,0.011,0.0008
06.04.2021 08:43:09.081 GMT-0500,360.852,360.158,0.011,0.011
06.04.2021 08:43:09.776 GMT-0500,360.853,360.37699999999995,0.011,0.011
06.04.2021 08:43:10.400 GMT-0500,360.583,360.387,0.011,0.011
06.04.2021 08:43:11.077 GMT-0500,360.852,360.38800000000003,0.011,0.011
06.04.2021 08:43:13.028 GMT-0500,360.57300000000004,360.387,0.0075,0.011
06.04.2021 08:43:15.556 GMT-0500,360.572,360.43800000000005,0.011,0.0075
06.04.2021 08:43:16.243 GMT-0500,360.57300000000004,360.387,0.011,0.011
06.04.2021 08:43:21.047 GMT-0500,360.48199999999997,360.38800000000003,0.0008,0.0075
06.04.2021 08:43:21.097 GMT-0500,360.48300000000006,360.327,0.011,0.011
06.04.2021 08:43:21.148 GMT-0500,360.572,360.32800000000003,0.011,0.011
06.04.2021 08:43:21.478 GMT-0500,360.50300000000004,360.327,0.0075,0.011
06.04.2021 08:43:21.529 GMT-0500,360.57300000000004,360.347,0.011,0.011
06.04.2021 08:43:22.414 GMT-0500,360.51300000000003,360.347,0.0075,0.0008
06.04.2021 08:43:22.465 GMT-0500,360.572,360.32800000000003,0.011,0.011
06.04.2021 08:43:31.679 GMT-0500,360.48199999999997,360.32800000000003,0.0075,0.011
06.04.2021 08:43:33.253 GMT-0500,360.392,360.12800000000004,0.011,0.011
06.04.2021 08:43:33.304 GMT-0500,360.392,359.848,0.011,0.011
06.04.2021 08:43:33.354 GMT-0500,360.39300000000003,360.157,0.011,0.011
06.04.2021 08:43:34.267 GMT-0500,360.392,360.17800000000005,0.0075,0.011
06.04.2021 08:43:34.318 GMT-0500,360.48300000000006,360.17699999999996,0.011,0.011
06.04.2021 08:43:35.182 GMT-0500,360.48199999999997,360.158,0.011,0.011
06.04.2021 08:43:37.068 GMT-0500,360.43199999999996,360.23800000000006,0.0008,0.0008
06.04.2021 08:43:37.118 GMT-0500,360.43199999999996,360.158,0.011,0.011
06.04.2021 08:43:37.252 GMT-0500,360.43199999999996,360.228,0.011,0.0075
06.04.2021 08:43:37.662 GMT-0500,360.43300000000005,360.23699999999997,0.011,0.011
06.04.2021 08:43:38.273 GMT-0500,360.48300000000006,360.23699999999997,0.011,0.011
06.04.2021 08:43:39.060 GMT-0500,360.48199999999997,360.25800000000004,0.011,0.0075
06.04.2021 08:43:39.903 GMT-0500,360.48199999999997,360.288,0.011,0.011
06.04.2021 08:43:40.264 GMT-0500,360.48199999999997,360.23800000000006,0.011,0.011
06.04.2021 08:43:41.775 GMT-0500,360.37300000000005,360.23699999999997,0.0008,0.0075
06.04.2021 08:43:41.825 GMT-0500,360.48300000000006,360.227,0.011,0.011
06.04.2021 08:43:42.885 GMT-0500,360.332,360.23800000000006,0.0008,0.0008
06.04.2021 08:43:42.935 GMT-0500,360.473,360.267,0.011,0.011
06.04.2021 08:43:43.959 GMT-0500,360.48199999999997,360.26800000000003,0.011,0.011
06.04.2021 08:43:47.312 GMT-0500,360.48199999999997,360.288,0.011,0.0008
06.04.2021 08:43:47.362 GMT-0500,360.48199999999997,360.23800000000006,0.011,0.011
06.04.2021 08:43:54.993 GMT-0500,360.48300000000006,360.287,0.011,0.0008
06.04.2021 08:43:57.910 GMT-0500,360.48199999999997,360.29800000000006,0.011,0.0008
06.04.2021 08:43:59.305 GMT-0500,360.48300000000006,360.157,0.011,0.011
06.04.2021 08:44:00.850 GMT-0500,360.48300000000006,360.23699999999997,0.011,0.0075
06.04.2021 08:44:08.629 GMT-0500,360.472,360.158,0.011,0.011
06.04.2021 08:44:08.802 GMT-0500,360.472,360.24800000000005,0.011,0.0008
06.04.2021 08:44:09.032 GMT-0500,360.29,360.24699999999996,0.0008,0.0075
06.04.2021 08:44:09.083 GMT-0500,360.343,360.157,0.011,0.011
06.04.2021 08:44:09.261 GMT-0500,360.25199999999995,360.158,0.0075,0.0008
06.04.2021 08:44:09.311 GMT-0500,360.343,360.11699999999996,0.011,0.011
06.04.2021 08:44:10.074 GMT-0500,360.43300000000005,360.11699999999996,0.011,0.011
06.04.2021 08:44:17.467 GMT-0500,360.572,360.11800000000005,0.011,0.011
06.04.2021 08:44:19.420 GMT-0500,360.212,360.038,0.011,0.011
06.04.2021 08:44:20.720 GMT-0500,360.38300000000004,360.037,0.011,0.011
06.04.2021 08:44:27.211 GMT-0500,360.292,359.898,0.011,0.011
06.04.2021 08:44:28.337 GMT-0500,360.202,359.978,0.0075,0.0075
06.04.2021 08:44:28.901 GMT-0500,360.31199999999995,359.978,0.011,0.011
06.04.2021 08:44:28.959 GMT-0500,360.202,359.978,0.0008,0.011
06.04.2021 08:44:31.147 GMT-0500,360.31199999999995,359.978,0.011,0.011
06.04.2021 08:44:31.198 GMT-0500,360.202,359.978,0.0008,0.011
06.04.2021 08:44:31.691 GMT-0500,360.31300000000005,359.977,0.011,0.011
06.04.2021 08:44:31.759 GMT-0500,360.202,359.978,0.0075,0.011
06.04.2021 08:44:31.859 GMT-0500,360.31300000000005,359.977,0.011,0.011
06.04.2021 08:44:31.918 GMT-0500,360.213,359.977,0.0008,0.011
06.04.2021 08:44:32.566 GMT-0500,360.213,359.98699999999997,0.011,0.0075
06.04.2021 08:44:36.268 GMT-0500,360.56300000000005,360.167,0.011,0.011
06.04.2021 08:44:40.560 GMT-0500,360.56199999999995,360.17800000000005,0.011,0.0075
06.04.2021 08:44:41.216 GMT-0500,360.382,360.17800000000005,0.0075,0.011
06.04.2021 08:44:42.832 GMT-0500,360.56300000000005,360.17699999999996,0.011,0.011
06.04.2021 08:44:42.894 GMT-0500,360.382,360.17800000000005,0.0008,0.011
06.04.2021 08:44:42.944 GMT-0500,360.56199999999995,360.17800000000005,0.011,0.011
06.04.2021 08:44:44.766 GMT-0500,360.37199999999996,360.17800000000005,0.0075,0.011
06.04.2021 08:44:45.111 GMT-0500,360.56199999999995,360.17800000000005,0.011,0.011
06.04.2021 08:44:45.161 GMT-0500,360.382,360.17800000000005,0.011,0.011
06.04.2021 08:44:45.271 GMT-0500,360.56300000000005,360.17699999999996,0.011,0.011
06.04.2021 08:44:50.609 GMT-0500,360.37199999999996,360.17800000000005,0.0008,0.011
06.04.2021 08:44:50.659 GMT-0500,360.56300000000005,360.17699999999996,0.011,0.011
06.04.2021 08:44:51.879 GMT-0500,360.37300000000005,360.17699999999996,0.011,0.011
06.04.2021 08:44:52.452 GMT-0500,360.56300000000005,360.17699999999996,0.011,0.011
06.04.2021 08:44:52.522 GMT-0500,360.37300000000005,360.17699999999996,0.0008,0.011
06.04.2021 08:44:54.650 GMT-0500,360.56199999999995,360.17800000000005,0.011,0.011
06.04.2021 08:44:54.709 GMT-0500,360.37300000000005,360.17699999999996,0.0008,0.011
06.04.2021 08:44:55.284 GMT-0500,360.56300000000005,360.17699999999996,0.011,0.011
06.04.2021 08:44:58.584 GMT-0500,360.56199999999995,360.25800000000004,0.011,0.0008
06.04.2021 08:44:58.688 GMT-0500,360.56300000000005,360.267,0.011,0.011
06.04.2021 08:45:00.812 GMT-0500,360.39300000000003,360.12699999999995,0.011,0.011
06.04.2021 08:45:00.862 GMT-0500,360.56199999999995,360.19800000000004,0.011,0.011
06.04.2021 08:45:00.963 GMT-0500,360.56199999999995,360.218,0.011,0.011
06.04.2021 08:45:01.013 GMT-0500,360.56199999999995,360.19800000000004,0.011,0.011
06.04.2021 08:45:01.133 GMT-0500,360.56199999999995,360.208,0.011,0.011
06.04.2021 08:45:01.183 GMT-0500,360.56199999999995,360.19800000000004,0.011,0.011
06.04.2021 08:45:01.236 GMT-0500,360.56300000000005,360.207,0.011,0.011
06.04.2021 08:45:01.286 GMT-0500,360.56199999999995,360.19800000000004,0.011,0.011
06.04.2021 08:45:01.429 GMT-0500,360.56300000000005,360.207,0.011,0.0008
06.04.2021 08:45:01.716 GMT-0500,360.56300000000005,360.197,0.011,0.011
06.04.2021 08:45:03.718 GMT-0500,360.56300000000005,360.207,0.011,0.0008
06.04.2021 08:45:03.768 GMT-0500,360.56199999999995,360.19800000000004,0.011,0.011
06.04.2021 08:45:04.609 GMT-0500,360.56300000000005,360.18699999999995,0.011,0.011
06.04.2021 08:45:04.933 GMT-0500,360.56300000000005,360.197,0.011,0.0075
06.04.2021 08:45:05.561 GMT-0500,360.56199999999995,360.208,0.011,0.0075
06.04.2021 08:45:05.931 GMT-0500,360.56199999999995,360.19800000000004,0.011,0.011
06.04.2021 08:45:06.304 GMT-0500,360.56300000000005,360.217,0.011,0.0008
06.04.2021 08:45:06.405 GMT-0500,360.56199999999995,360.208,0.011,0.011
06.04.2021 08:45:06.682 GMT-0500,360.56199999999995,360.19800000000004,0.011,0.011
06.04.2021 08:45:06.782 GMT-0500,360.56199999999995,360.218,0.011,0.011
06.04.2021 08:45:06.906 GMT-0500,360.56300000000005,360.197,0.011,0.011
06.04.2021 08:45:06.965 GMT-0500,360.56300000000005,360.207,0.011,0.011
06.04.2021 08:45:07.106 GMT-0500,360.56300000000005,360.197,0.011,0.011
06.04.2021 08:45:07.167 GMT-0500,360.56300000000005,360.207,0.011,0.0008
06.04.2021 08:45:07.514 GMT-0500,360.56199999999995,360.19800000000004,0.011,0.011
06.04.2021 08:45:07.569 GMT-0500,360.56199999999995,360.208,0.011,0.011
06.04.2021 08:45:07.619 GMT-0500,360.56199999999995,360.19800000000004,0.011,0.011
06.04.2021 08:45:07.672 GMT-0500,360.56199999999995,360.208,0.011,0.011
06.04.2021 08:45:07.722 GMT-0500,360.56199999999995,360.19800000000004,0.011,0.011
06.04.2021 08:45:07.772 GMT-0500,360.56300000000005,360.207,0.011,0.011
06.04.2021 08:45:07.823 GMT-0500,360.56199999999995,360.19800000000004,0.011,0.011
06.04.2021 08:45:07.892 GMT-0500,360.56199999999995,360.208,0.011,0.0075
06.04.2021 08:45:07.943 GMT-0500,360.56300000000005,360.197,0.011,0.011
06.04.2021 08:45:08.041 GMT-0500,360.56300000000005,360.207,0.011,0.0008
06.04.2021 08:45:08.091 GMT-0500,360.56300000000005,360.197,0.011,0.011
06.04.2021 08:45:09.050 GMT-0500,360.56199999999995,360.218,0.011,0.0075
06.04.2021 08:45:09.100 GMT-0500,360.56300000000005,360.197,0.011,0.011
06.04.2021 08:45:10.160 GMT-0500,360.56300000000005,360.267,0.011,0.0008
06.04.2021 08:45:15.655 GMT-0500,360.56199999999995,360.278,0.011,0.0075
06.04.2021 08:45:18.120 GMT-0500,360.56300000000005,360.287,0.011,0.0075
06.04.2021 08:45:19.103 GMT-0500,360.56300000000005,360.277,0.011,0.011
06.04.2021 08:45:19.639 GMT-0500,360.56300000000005,360.287,0.011,0.0075
06.04.2021 08:45:20.452 GMT-0500,360.392,360.12800000000004,0.011,0.011
06.04.2021 08:45:20.660 GMT-0500,360.48199999999997,360.29800000000006,0.0075,0.011
06.04.2021 08:45:20.769 GMT-0500,360.462,360.29800000000006,0.011,0.011
06.04.2021 08:45:33.056 GMT-0500,360.463,360.337,0.011,0.0075
06.04.2021 08:45:33.106 GMT-0500,360.462,360.29800000000006,0.011,0.011
06.04.2021 08:45:33.177 GMT-0500,360.462,360.30800000000005,0.011,0.011
06.04.2021 08:45:33.286 GMT-0500,360.463,360.31699999999995,0.011,0.011
06.04.2021 08:45:35.233 GMT-0500,360.463,360.327,0.011,0.0008
06.04.2021 08:45:36.271 GMT-0500,360.48300000000006,360.327,0.011,0.011
06.04.2021 08:45:36.678 GMT-0500,360.45300000000003,360.327,0.0075,0.011
06.04.2021 08:45:41.956 GMT-0500,360.352,360.315,0.0075,0.0008
06.04.2021 08:45:42.006 GMT-0500,360.44199999999995,360.12800000000004,0.011,0.011
06.04.2021 08:45:42.071 GMT-0500,360.43199999999996,360.29800000000006,0.0008,0.0008
06.04.2021 08:45:42.122 GMT-0500,360.43300000000005,360.277,0.011,0.011
06.04.2021 08:45:42.173 GMT-0500,360.39300000000003,360.277,0.011,0.011
06.04.2021 08:45:43.380 GMT-0500,360.382,360.12800000000004,0.011,0.011
06.04.2021 08:45:43.490 GMT-0500,360.39300000000003,360.12699999999995,0.011,0.011
06.04.2021 08:45:44.161 GMT-0500,360.43300000000005,360.12699999999995,0.011,0.011
06.04.2021 08:45:44.340 GMT-0500,360.43300000000005,360.277,0.011,0.0008
06.04.2021 08:45:56.161 GMT-0500,360.412,360.278,0.0075,0.011
06.04.2021 08:46:02.694 GMT-0500,360.392,360.278,0.0075,0.011
06.04.2021 08:46:02.744 GMT-0500,360.412,360.278,0.011,0.011
06.04.2021 08:46:07.566 GMT-0500,360.30199999999996,360.12800000000004,0.011,0.011
06.04.2021 08:46:07.666 GMT-0500,360.272,360.148,0.011,0.011
06.04.2021 08:46:11.074 GMT-0500,360.20300000000003,360.147,0.0075,0.0008
06.04.2021 08:46:11.124 GMT-0500,360.17199999999997,359.98800000000006,0.011,0.011
06.04.2021 08:46:11.224 GMT-0500,360.162,359.99800000000005,0.0008,0.0008
06.04.2021 08:46:18.315 GMT-0500,360.05300000000005,359.99699999999996,0.011,0.011
06.04.2021 08:46:18.366 GMT-0500,360.082,359.838,0.011,0.011
06.04.2021 08:46:18.466 GMT-0500,360.06199999999995,359.92800000000005,0.011,0.011
06.04.2021 08:46:20.243 GMT-0500,360.36199999999997,359.92800000000005,0.011,0.011
06.04.2021 08:46:21.279 GMT-0500,360.36300000000006,360.027,0.011,0.0075
06.04.2021 08:46:22.533 GMT-0500,360.142,360.028,0.011,0.011
06.04.2021 08:46:37.748 GMT-0500,360.152,359.838,0.011,0.011
06.04.2021 08:46:37.871 GMT-0500,360.36300000000006,360.037,0.011,0.0075
06.04.2021 08:46:39.158 GMT-0500,360.103,359.837,0.011,0.011
06.04.2021 08:46:39.208 GMT-0500,360.36300000000006,359.99699999999996,0.011,0.011
06.04.2021 08:46:39.259 GMT-0500,360.36199999999997,360.00800000000004,0.011,0.011
06.04.2021 08:46:39.521 GMT-0500,360.36199999999997,360.01800000000003,0.011,0.0008
06.04.2021 08:46:39.664 GMT-0500,360.36199999999997,360.028,0.011,0.011
06.04.2021 08:46:39.765 GMT-0500,360.36300000000006,360.04699999999997,0.011,0.011
06.04.2021 08:46:40.371 GMT-0500,360.20300000000003,359.837,0.011,0.011
06.04.2021 08:46:40.445 GMT-0500,360.20300000000003,359.907,0.011,0.0075
06.04.2021 08:46:41.386 GMT-0500,360.20300000000003,359.837,0.011,0.011
06.04.2021 08:46:41.554 GMT-0500,360.20300000000003,359.957,0.011,0.0008
06.04.2021 08:46:42.058 GMT-0500,360.20300000000003,359.98699999999997,0.011,0.0075
06.04.2021 08:46:42.195 GMT-0500,360.20300000000003,359.957,0.011,0.011
06.04.2021 08:46:42.246 GMT-0500,360.202,359.978,0.011,0.011
06.04.2021 08:46:42.297 GMT-0500,360.202,359.968,0.011,0.011
06.04.2021 08:46:42.347 GMT-0500,360.202,359.99800000000005,0.011,0.011
06.04.2021 08:46:43.401 GMT-0500,360.202,360.00800000000004,0.011,0.0075
06.04.2021 08:46:43.451 GMT-0500,360.20300000000003,359.837,0.011,0.011
06.04.2021 08:46:43.596 GMT-0500,360.20300000000003,360.017,0.011,0.0008
06.04.2021 08:46:46.737 GMT-0500,360.072,360.01800000000003,0.0008,0.0075
06.04.2021 08:46:46.788 GMT-0500,360.102,359.838,0.011,0.011
06.04.2021 08:46:46.864 GMT-0500,360.103,359.917,0.011,0.011
06.04.2021 08:46:47.820 GMT-0500,360.202,359.91800000000006,0.011,0.011
06.04.2021 08:46:48.088 GMT-0500,360.20300000000003,359.837,0.011,0.011
06.04.2021 08:46:48.189 GMT-0500,360.20300000000003,359.92699999999996,0.011,0.011
06.04.2021 08:46:48.363 GMT-0500,360.20300000000003,359.93699999999995,0.011,0.0075
06.04.2021 08:46:49.041 GMT-0500,360.19300000000004,359.93699999999995,0.011,0.0075
06.04.2021 08:46:49.092 GMT-0500,360.19199999999995,359.91800000000006,0.011,0.011
06.04.2021 08:46:53.264 GMT-0500,360.19300000000004,359.68699999999995,0.011,0.011
06.04.2021 08:46:53.314 GMT-0500,360.033,359.837,0.011,0.011
06.04.2021 08:46:54.848 GMT-0500,360.033,359.847,0.011,0.0075
06.04.2021 08:46:54.957 GMT-0500,360.032,359.838,0.011,0.011
06.04.2021 08:46:57.693 GMT-0500,359.98300000000006,359.837,0.011,0.011
06.04.2021 08:46:58.958 GMT-0500,359.913,359.837,0.0075,0.0008
06.04.2021 08:46:59.008 GMT-0500,359.973,359.68699999999995,0.011,0.011
06.04.2021 08:46:59.179 GMT-0500,359.973,359.757,0.011,0.011
06.04.2021 08:46:59.968 GMT-0500,359.98300000000006,359.757,0.011,0.011
06.04.2021 08:47:14.545 GMT-0500,359.98300000000006,359.777,0.011,0.011
06.04.2021 08:47:14.822 GMT-0500,359.79300000000006,359.60699999999997,0.011,0.011
06.04.2021 08:47:14.872 GMT-0500,359.98199999999997,359.60800000000006,0.011,0.011
06.04.2021 08:47:14.922 GMT-0500,359.98300000000006,359.637,0.011,0.011
06.04.2021 08:47:15.692 GMT-0500,360.033,359.637,0.011,0.011
06.04.2021 08:47:15.993 GMT-0500,360.032,359.66800000000006,0.011,0.0075
06.04.2021 08:47:16.560 GMT-0500,359.852,359.66800000000006,0.0075,0.0008
06.04.2021 08:47:16.610 GMT-0500,360.033,359.637,0.011,0.011
06.04.2021 08:47:17.194 GMT-0500,360.033,359.60699999999997,0.011,0.011
06.04.2021 08:47:17.304 GMT-0500,359.762,359.60800000000006,0.011,0.011
06.04.2021 08:47:17.538 GMT-0500,360.032,359.60800000000006,0.011,0.011
06.04.2021 08:47:17.744 GMT-0500,359.745,359.60800000000006,0.0075,0.011
06.04.2021 08:47:17.794 GMT-0500,360.032,359.60800000000006,0.011,0.011
06.04.2021 08:47:18.968 GMT-0500,360.00199999999995,359.60800000000006,0.0008,0.011
06.04.2021 08:47:19.870 GMT-0500,359.68199999999996,359.60800000000006,0.011,0.011
06.04.2021 08:47:19.920 GMT-0500,359.67300000000006,359.35699999999997,0.011,0.011
06.04.2021 08:47:20.065 GMT-0500,359.67199999999997,359.528,0.011,0.0075
06.04.2021 08:47:20.877 GMT-0500,359.80300000000005,359.527,0.011,0.011
06.04.2021 08:47:21.092 GMT-0500,359.702,359.538,0.0075,0.0075
06.04.2021 08:47:21.143 GMT-0500,359.723,359.537,0.011,0.011
06.04.2021 08:47:25.415 GMT-0500,359.722,359.528,0.011,0.011
06.04.2021 08:47:25.465 GMT-0500,359.723,359.537,0.011,0.011
06.04.2021 08:47:25.516 GMT-0500,359.722,359.528,0.011,0.011
06.04.2021 08:47:25.598 GMT-0500,359.723,359.537,0.011,0.0008
06.04.2021 08:47:26.143 GMT-0500,359.80300000000005,359.537,0.011,0.011
06.04.2021 08:47:26.244 GMT-0500,359.722,359.538,0.0075,0.011
06.04.2021 08:47:26.294 GMT-0500,359.80300000000005,359.537,0.011,0.011
06.04.2021 08:47:26.357 GMT-0500,359.73199999999997,359.538,0.0075,0.011
06.04.2021 08:47:27.450 GMT-0500,359.80199999999996,359.538,0.011,0.011
06.04.2021 08:47:27.557 GMT-0500,359.73300000000006,359.537,0.0075,0.011
06.04.2021 08:47:27.607 GMT-0500,359.80300000000005,359.537,0.011,0.011
06.04.2021 08:47:27.887 GMT-0500,359.74199999999996,359.538,0.0075,0.011
06.04.2021 08:47:34.457 GMT-0500,359.80300000000005,359.537,0.011,0.011
06.04.2021 08:47:34.507 GMT-0500,359.75199999999995,359.538,0.011,0.011
06.04.2021 08:47:34.558 GMT-0500,359.80300000000005,359.537,0.011,0.011
06.04.2021 08:47:34.652 GMT-0500,359.74199999999996,359.538,0.0008,0.011
06.04.2021 08:47:34.838 GMT-0500,359.80300000000005,359.537,0.011,0.011
06.04.2021 08:47:34.935 GMT-0500,359.75300000000004,359.537,0.0075,0.011
06.04.2021 08:47:40.794 GMT-0500,360.032,359.708,0.011,0.011
06.04.2021 08:47:40.845 GMT-0500,360.032,359.648,0.011,0.011
06.04.2021 08:47:41.257 GMT-0500,360.032,359.718,0.011,0.011
06.04.2021 08:47:45.856 GMT-0500,360.032,359.74800000000005,0.011,0.0075
06.04.2021 08:47:56.699 GMT-0500,360.032,359.79800000000006,0.011,0.0008
06.04.2021 08:48:10.108 GMT-0500,360.033,359.827,0.011,0.0075
06.04.2021 08:48:13.698 GMT-0500,360.032,359.85800000000006,0.011,0.011
06.04.2021 08:48:16.308 GMT-0500,360.045,359.93800000000005,0.0075,0.0008
06.04.2021 08:48:16.359 GMT-0500,360.07300000000004,359.73699999999997,0.011,0.011
06.04.2021 08:48:16.413 GMT-0500,360.072,359.85800000000006,0.011,0.011
06.04.2021 08:48:16.614 GMT-0500,360.352,359.85800000000006,0.011,0.011
06.04.2021 08:48:16.674 GMT-0500,360.083,359.85699999999997,0.0075,0.011
06.04.2021 08:48:19.679 GMT-0500,360.01300000000003,359.85699999999997,0.0075,0.011
06.04.2021 08:48:19.730 GMT-0500,360.082,359.85800000000006,0.011,0.011
06.04.2021 08:48:21.096 GMT-0500,359.99199999999996,359.86800000000005,0.0008,0.0008
06.04.2021 08:48:21.146 GMT-0500,360.083,359.837,0.011,0.011
06.04.2021 08:48:21.241 GMT-0500,360.022,359.838,0.0008,0.0075
06.04.2021 08:48:21.342 GMT-0500,360.082,359.82800000000003,0.011,0.011
06.04.2021 08:48:21.392 GMT-0500,360.082,359.85800000000006,0.011,0.011
06.04.2021 08:48:21.615 GMT-0500,360.00300000000004,359.85699999999997,0.0008,0.0075
06.04.2021 08:48:21.666 GMT-0500,360.00199999999995,359.74800000000005,0.011,0.011
06.04.2021 08:48:21.717 GMT-0500,359.92199999999997,359.82800000000003,0.0075,0.0075
06.04.2021 08:48:21.767 GMT-0500,360.083,359.81699999999995,0.011,0.011
06.04.2021 08:48:21.825 GMT-0500,359.913,359.74699999999996,0.011,0.011
06.04.2021 08:48:22.093 GMT-0500,359.913,359.81699999999995,0.011,0.0008
06.04.2021 08:48:22.646 GMT-0500,359.913,359.74699999999996,0.011,0.011
06.04.2021 08:48:23.145 GMT-0500,359.912,359.788,0.011,0.011
06.04.2021 08:48:23.572 GMT-0500,359.913,359.79699999999997,0.011,0.0075
06.04.2021 08:48:24.741 GMT-0500,359.86300000000006,359.637,0.011,0.011
06.04.2021 08:48:24.792 GMT-0500,359.902,359.648,0.011,0.011
06.04.2021 08:48:24.858 GMT-0500,359.903,359.73699999999997,0.011,0.011
06.04.2021 08:48:27.583 GMT-0500,359.902,359.74800000000005,0.011,0.011
06.04.2021 08:48:27.634 GMT-0500,359.832,359.63800000000003,0.011,0.011
06.04.2021 08:48:27.843 GMT-0500,359.82300000000004,359.637,0.0008,0.011
06.04.2021 08:48:28.304 GMT-0500,359.82300000000004,359.667,0.011,0.011
06.04.2021 08:48:30.832 GMT-0500,359.822,359.538,0.011,0.011
06.04.2021 08:48:32.587 GMT-0500,359.822,359.66800000000006,0.011,0.0008
06.04.2021 08:48:33.924 GMT-0500,359.82300000000004,359.697,0.011,0.0008
06.04.2021 08:48:34.025 GMT-0500,359.82300000000004,359.707,0.011,0.011
06.04.2021 08:48:34.182 GMT-0500,359.822,359.66800000000006,0.011,0.011
06.04.2021 08:48:36.059 GMT-0500,359.82300000000004,359.67699999999996,0.011,0.011
06.04.2021 08:48:36.244 GMT-0500,359.82300000000004,359.68699999999995,0.011,0.011
06.04.2021 08:48:36.865 GMT-0500,359.82300000000004,359.697,0.011,0.0075
06.04.2021 08:48:37.241 GMT-0500,359.762,359.69800000000004,0.0075,0.0008
06.04.2021 08:48:37.292 GMT-0500,359.82300000000004,359.537,0.011,0.011
06.04.2021 08:48:37.546 GMT-0500,359.822,359.63800000000003,0.011,0.0008
06.04.2021 08:48:37.596 GMT-0500,359.82300000000004,359.537,0.011,0.011
06.04.2021 08:48:40.201 GMT-0500,359.903,359.537,0.011,0.011
06.04.2021 08:48:49.916 GMT-0500,359.903,359.67699999999996,0.011,0.011
06.04.2021 08:48:52.053 GMT-0500,359.903,359.68699999999995,0.011,0.0008
06.04.2021 08:48:59.141 GMT-0500,359.902,359.67800000000005,0.011,0.011
06.04.2021 08:49:00.395 GMT-0500,359.903,359.68699999999995,0.011,0.0075
06.04.2021 08:49:02.036 GMT-0500,359.903,359.67699999999996,0.011,0.011
06.04.2021 08:49:03.179 GMT-0500,359.902,359.708,0.011,0.011
06.04.2021 08:49:04.862 GMT-0500,359.902,359.67800000000005,0.011,0.011
06.04.2021 08:49:05.259 GMT-0500,359.82300000000004,359.67699999999996,0.011,0.011
06.04.2021 08:49:05.310 GMT-0500,359.722,359.54800000000006,0.011,0.011
06.04.2021 08:49:06.415 GMT-0500,359.903,359.54699999999997,0.011,0.011
06.04.2021 08:49:08.589 GMT-0500,359.902,359.61800000000005,0.011,0.0075
06.04.2021 08:49:09.065 GMT-0500,359.902,359.62800000000004,0.011,0.0075
06.04.2021 08:49:09.267 GMT-0500,359.902,359.63800000000003,0.011,0.0075
06.04.2021 08:49:10.079 GMT-0500,359.902,359.718,0.011,0.011
06.04.2021 08:49:12.034 GMT-0500,359.902,359.728,0.011,0.011
06.04.2021 08:49:12.084 GMT-0500,359.903,359.717,0.011,0.011
06.04.2021 08:49:12.151 GMT-0500,359.903,359.727,0.011,0.0008
06.04.2021 08:49:12.366 GMT-0500,359.902,359.73800000000006,0.011,0.0075
06.04.2021 08:49:12.417 GMT-0500,359.903,359.717,0.011,0.011
06.04.2021 08:49:12.514 GMT-0500,359.902,359.728,0.011,0.0008
06.04.2021 08:49:13.197 GMT-0500,359.902,359.718,0.011,0.011
06.04.2021 08:49:15.654 GMT-0500,359.903,359.727,0.011,0.011
06.04.2021 08:49:17.467 GMT-0500,359.902,359.73800000000006,0.011,0.0075
06.04.2021 08:49:17.517 GMT-0500,359.903,359.637,0.011,0.011
06.04.2021 08:49:26.069 GMT-0500,359.73199999999997,359.63800000000003,0.0075,0.011
06.04.2021 08:49:34.076 GMT-0500,359.75,359.727,0.0075,0.0008
06.04.2021 08:49:34.126 GMT-0500,359.903,359.727,0.011,0.011
06.04.2021 08:49:34.404 GMT-0500,359.903,359.707,0.011,0.011
06.04.2021 08:49:34.502 GMT-0500,359.902,359.718,0.011,0.0008
06.04.2021 08:49:34.553 GMT-0500,359.903,359.707,0.011,0.011
06.04.2021 08:49:36.419 GMT-0500,359.92,359.717,0.0008,0.0075
06.04.2021 08:49:36.469 GMT-0500,360.352,359.718,0.011,0.011
06.04.2021 08:49:36.522 GMT-0500,360.352,359.728,0.011,0.0075
06.04.2021 08:49:36.623 GMT-0500,359.892,359.728,0.011,0.011
06.04.2021 08:49:36.673 GMT-0500,359.89300000000003,359.717,0.011,0.011
06.04.2021 08:49:36.792 GMT-0500,360.352,359.718,0.011,0.011
06.04.2021 08:49:36.842 GMT-0500,359.89300000000003,359.717,0.011,0.011
06.04.2021 08:49:37.138 GMT-0500,359.89300000000003,359.707,0.011,0.011
06.04.2021 08:49:37.528 GMT-0500,360.353,359.707,0.011,0.011
06.04.2021 08:49:37.587 GMT-0500,359.91800000000006,359.708,0.0075,0.011
06.04.2021 08:49:37.967 GMT-0500,360.05300000000005,359.717,0.011,0.011
06.04.2021 08:49:38.402 GMT-0500,360.05300000000005,359.707,0.011,0.011
06.04.2021 08:49:38.469 GMT-0500,359.903,359.717,0.0075,0.0075
06.04.2021 08:49:38.519 GMT-0500,360.05199999999996,359.728,0.011,0.011
06.04.2021 08:49:38.582 GMT-0500,359.903,359.707,0.011,0.011
06.04.2021 08:49:38.784 GMT-0500,360.05300000000005,359.707,0.011,0.011
06.04.2021 08:49:38.835 GMT-0500,360.05300000000005,359.717,0.011,0.011
06.04.2021 08:49:39.131 GMT-0500,359.902,359.718,0.0075,0.011
06.04.2021 08:49:39.181 GMT-0500,360.05300000000005,359.717,0.011,0.011
06.04.2021 08:49:39.258 GMT-0500,359.902,359.718,0.0075,0.011
06.04.2021 08:49:39.308 GMT-0500,360.05300000000005,359.717,0.011,0.011
06.04.2021 08:49:39.381 GMT-0500,359.902,359.718,0.0075,0.0008
06.04.2021 08:49:39.431 GMT-0500,359.902,359.708,0.011,0.011
06.04.2021 08:49:39.482 GMT-0500,360.05300000000005,359.717,0.011,0.011
06.04.2021 08:49:39.532 GMT-0500,359.89300000000003,359.717,0.011,0.011
06.04.2021 08:49:39.582 GMT-0500,359.892,359.708,0.011,0.011
06.04.2021 08:49:39.633 GMT-0500,360.05199999999996,359.718,0.011,0.011
06.04.2021 08:49:39.683 GMT-0500,359.902,359.708,0.011,0.011
06.04.2021 08:49:39.780 GMT-0500,360.05199999999996,359.718,0.011,0.011
06.04.2021 08:49:39.877 GMT-0500,359.902,359.718,0.0075,0.011
06.04.2021 08:49:39.928 GMT-0500,359.902,359.708,0.011,0.011
06.04.2021 08:49:40.065 GMT-0500,359.902,359.718,0.0075,0.0008
06.04.2021 08:49:40.116 GMT-0500,359.903,359.707,0.011,0.011
06.04.2021 08:49:40.170 GMT-0500,360.05199999999996,359.708,0.011,0.011
06.04.2021 08:49:40.221 GMT-0500,359.903,359.707,0.011,0.011
06.04.2021 08:49:40.892 GMT-0500,360.05300000000005,359.707,0.011,0.011
06.04.2021 08:49:41.112 GMT-0500,359.903,359.707,0.0008,0.011
06.04.2021 08:49:41.162 GMT-0500,360.05300000000005,359.707,0.011,0.011
06.04.2021 08:49:41.227 GMT-0500,359.903,359.707,0.0075,0.011
06.04.2021 08:49:41.915 GMT-0500,360.05300000000005,359.707,0.011,0.011
06.04.2021 08:49:41.973 GMT-0500,359.903,359.707,0.0008,0.011
06.04.2021 08:49:42.075 GMT-0500,359.882,359.708,0.0008,0.011
06.04.2021 08:49:42.220 GMT-0500,359.882,359.718,0.011,0.0075
06.04.2021 08:49:44.160 GMT-0500,359.882,359.728,0.011,0.0075
06.04.2021 08:49:44.261 GMT-0500,359.88300000000004,359.717,0.011,0.011
06.04.2021 08:49:44.361 GMT-0500,359.882,359.728,0.011,0.011
06.04.2021 08:49:44.471 GMT-0500,359.882,359.718,0.011,0.011
06.04.2021 08:49:44.594 GMT-0500,359.88300000000004,359.707,0.011,0.011
06.04.2021 08:49:49.820 GMT-0500,359.86199999999997,359.708,0.0008,0.011
06.04.2021 08:49:50.876 GMT-0500,359.86199999999997,359.778,0.0075,0.0008
06.04.2021 08:49:50.926 GMT-0500,360.05199999999996,359.85800000000006,0.011,0.011
06.04.2021 08:49:51.026 GMT-0500,360.05199999999996,359.86800000000005,0.011,0.011
06.04.2021 08:49:53.284 GMT-0500,360.05300000000005,359.87699999999995,0.011,0.011
06.04.2021 08:49:53.439 GMT-0500,360.05300000000005,359.887,0.0008,0.011
06.04.2021 08:49:53.494 GMT-0500,360.06300000000005,359.887,0.011,0.011
06.04.2021 08:49:53.551 GMT-0500,360.06199999999995,359.93800000000005,0.011,0.0075
06.04.2021 08:49:53.601 GMT-0500,360.06199999999995,359.92800000000005,0.011,0.011
06.04.2021 08:49:53.716 GMT-0500,360.06300000000005,359.93699999999995,0.011,0.0075
06.04.2021 08:49:54.889 GMT-0500,360.06300000000005,359.957,0.011,0.0008
06.04.2021 08:49:54.989 GMT-0500,360.202,359.958,0.011,0.011
06.04.2021 08:49:55.383 GMT-0500,360.202,359.968,0.011,0.0075
06.04.2021 08:49:56.046 GMT-0500,360.202,359.978,0.011,0.0075
06.04.2021 08:49:56.630 GMT-0500,360.20300000000003,359.957,0.011,0.011
06.04.2021 08:49:57.799 GMT-0500,360.20300000000003,359.967,0.011,0.0075
06.04.2021 08:49:58.053 GMT-0500,360.20300000000003,359.977,0.011,0.0008
06.04.2021 08:50:02.287 GMT-0500,360.20300000000003,359.967,0.011,0.011
06.04.2021 08:50:02.767 GMT-0500,360.06300000000005,359.967,0.0008,0.011
06.04.2021 08:50:02.817 GMT-0500,360.20300000000003,359.85699999999997,0.011,0.011
06.04.2021 08:50:02.868 GMT-0500,360.20300000000003,359.847,0.011,0.011
06.04.2021 08:50:02.918 GMT-0500,360.202,359.85800000000006,0.011,0.011
06.04.2021 08:50:03.138 GMT-0500,360.202,359.86800000000005,0.011,0.011
06.04.2021 08:50:10.520 GMT-0500,360.072,359.86800000000005,0.0008,0.011
06.04.2021 08:50:15.637 GMT-0500,360.202,359.86800000000005,0.011,0.011
06.04.2021 08:50:21.648 GMT-0500,359.99199999999996,359.86800000000005,0.011,0.011
06.04.2021 08:50:22.423 GMT-0500,359.89300000000003,359.697,0.011,0.011
06.04.2021 08:50:22.753 GMT-0500,360.20300000000003,359.887,0.011,0.011
06.04.2021 08:50:22.879 GMT-0500,359.973,359.787,0.0008,0.0075
06.04.2021 08:50:22.929 GMT-0500,359.972,359.69800000000004,0.011,0.011
06.04.2021 08:50:23.164 GMT-0500,359.972,359.848,0.011,0.0008
06.04.2021 08:50:29.076 GMT-0500,360.20300000000003,359.847,0.011,0.011
06.04.2021 08:50:29.595 GMT-0500,360.032,359.848,0.011,0.011
06.04.2021 08:50:29.646 GMT-0500,359.832,359.69800000000004,0.011,0.011
06.04.2021 08:50:29.696 GMT-0500,360.202,359.69800000000004,0.011,0.011
06.04.2021 08:50:29.747 GMT-0500,360.202,359.718,0.011,0.011
06.04.2021 08:50:31.068 GMT-0500,359.80300000000005,359.717,0.011,0.011
06.04.2021 08:50:33.339 GMT-0500,360.20300000000003,359.717,0.011,0.011
06.04.2021 08:50:37.190 GMT-0500,360.032,359.718,0.0075,0.011
06.04.2021 08:50:40.481 GMT-0500,360.202,359.718,0.011,0.011
06.04.2021 08:50:42.789 GMT-0500,360.20300000000003,359.73699999999997,0.011,0.0008
06.04.2021 08:50:42.914 GMT-0500,359.952,359.73800000000006,0.011,0.011
06.04.2021 08:50:43.366 GMT-0500,360.20300000000003,359.73699999999997,0.011,0.011
06.04.2021 08:50:43.428 GMT-0500,360.202,359.75800000000004,0.011,0.0075
06.04.2021 08:50:45.165 GMT-0500,360.20300000000003,359.827,0.011,0.0075
06.04.2021 08:50:45.215 GMT-0500,360.20300000000003,359.73699999999997,0.011,0.011
06.04.2021 08:50:47.558 GMT-0500,360.20300000000003,359.837,0.011,0.0008
06.04.2021 08:50:47.749 GMT-0500,360.202,359.73800000000006,0.011,0.011
06.04.2021 08:50:47.886 GMT-0500,360.202,359.898,0.011,0.011
06.04.2021 08:50:52.661 GMT-0500,360.00300000000004,359.897,0.0008,0.011
06.04.2021 08:50:53.032 GMT-0500,360.202,359.898,0.011,0.011
06.04.2021 08:50:56.499 GMT-0500,360.06199999999995,359.908,0.0008,0.0008
06.04.2021 08:50:56.549 GMT-0500,360.202,359.898,0.011,0.011
06.04.2021 08:51:01.123 GMT-0500,360.072,359.898,0.0008,0.011
06.04.2021 08:51:01.173 GMT-0500,360.072,359.73800000000006,0.011,0.011
06.04.2021 08:51:01.239 GMT-0500,360.072,359.958,0.011,0.0075
06.04.2021 08:51:08.007 GMT-0500,360.202,360.038,0.011,0.011
06.04.2021 08:51:08.058 GMT-0500,360.202,360.01800000000003,0.011,0.011
06.04.2021 08:51:12.652 GMT-0500,360.20300000000003,359.73699999999997,0.011,0.011
06.04.2021 08:51:12.739 GMT-0500,360.202,359.898,0.011,0.011
06.04.2021 08:51:14.970 GMT-0500,360.202,359.91800000000006,0.011,0.0008
06.04.2021 08:51:21.696 GMT-0500,360.20300000000003,359.92699999999996,0.011,0.0075
06.04.2021 08:51:21.746 GMT-0500,360.20300000000003,359.917,0.011,0.011
06.04.2021 08:51:23.320 GMT-0500,360.202,359.92800000000005,0.011,0.0075
06.04.2021 08:51:23.678 GMT-0500,360.20300000000003,359.917,0.011,0.011
06.04.2021 08:51:25.625 GMT-0500,360.202,359.93800000000005,0.011,0.0008
06.04.2021 08:51:25.730 GMT-0500,360.202,359.94800000000004,0.011,0.011
06.04.2021 08:51:26.238 GMT-0500,360.202,359.968,0.011,0.0075
06.04.2021 08:51:30.140 GMT-0500,360.20300000000003,359.98699999999997,0.011,0.011
06.04.2021 08:51:34.106 GMT-0500,360.202,359.99800000000005,0.011,0.0008
06.04.2021 08:51:41.424 GMT-0500,360.352,360.04800000000006,0.011,0.011
06.04.2021 08:51:41.475 GMT-0500,360.352,360.05800000000005,0.011,0.011
06.04.2021 08:51:41.965 GMT-0500,360.352,360.11800000000005,0.011,0.011
06.04.2021 08:51:44.376 GMT-0500,360.352,360.13800000000003,0.011,0.0008
06.04.2021 08:51:49.212 GMT-0500,360.19199999999995,360.05800000000005,0.011,0.011
06.04.2021 08:51:49.262 GMT-0500,360.353,360.097,0.011,0.011
06.04.2021 08:51:49.341 GMT-0500,360.352,360.10800000000006,0.011,0.0008
06.04.2021 08:51:49.442 GMT-0500,360.353,360.11699999999996,0.011,0.011
06.04.2021 08:51:53.028 GMT-0500,360.352,360.148,0.011,0.0075
06.04.2021 08:51:53.078 GMT-0500,360.152,359.92800000000005,0.011,0.011
06.04.2021 08:51:53.129 GMT-0500,360.353,359.92699999999996,0.011,0.011
06.04.2021 08:51:53.179 GMT-0500,360.353,360.05699999999996,0.011,0.011
06.04.2021 08:51:53.614 GMT-0500,360.352,359.92800000000005,0.011,0.011
06.04.2021 08:51:53.756 GMT-0500,360.352,360.11800000000005,0.011,0.0075
06.04.2021 08:51:54.223 GMT-0500,360.353,360.12699999999995,0.011,0.0008
06.04.2021 08:51:59.099 GMT-0500,360.353,360.11699999999996,0.011,0.011
06.04.2021 08:52:00.103 GMT-0500,360.352,360.12800000000004,0.011,0.0075
06.04.2021 08:52:00.495 GMT-0500,360.352,360.13800000000003,0.011,0.011
06.04.2021 08:52:00.964 GMT-0500,360.333,360.137,0.011,0.011
06.04.2021 08:52:01.512 GMT-0500,360.352,360.088,0.011,0.011
06.04.2021 08:52:01.791 GMT-0500,360.23199999999997,360.088,0.0075,0.011
06.04.2021 08:52:06.123 GMT-0500,360.26,360.207,0.0008,0.0075
06.04.2021 08:52:06.173 GMT-0500,360.51300000000003,360.24699999999996,0.011,0.011
06.04.2021 08:52:06.223 GMT-0500,360.51300000000003,360.267,0.011,0.011
06.04.2021 08:52:06.326 GMT-0500,360.51300000000003,360.287,0.011,0.0008
06.04.2021 08:52:06.427 GMT-0500,360.51300000000003,360.267,0.011,0.011
06.04.2021 08:52:07.125 GMT-0500,360.512,360.348,0.011,0.0075
06.04.2021 08:52:07.175 GMT-0500,360.512,360.278,0.011,0.011
06.04.2021 08:52:07.789 GMT-0500,360.512,360.37800000000004,0.011,0.0008
06.04.2021 08:52:07.839 GMT-0500,360.57300000000004,360.35699999999997,0.011,0.011
06.04.2021 08:52:08.079 GMT-0500,360.50300000000004,360.35699999999997,0.0075,0.011
06.04.2021 08:52:08.129 GMT-0500,360.572,360.35800000000006,0.011,0.011
06.04.2021 08:52:08.179 GMT-0500,360.50300000000004,360.35699999999997,0.011,0.011
06.04.2021 08:52:08.370 GMT-0500,360.572,360.35800000000006,0.011,0.011
06.04.2021 08:52:08.880 GMT-0500,360.572,360.43800000000005,0.011,0.011
06.04.2021 08:52:08.930 GMT-0500,360.572,360.36800000000005,0.011,0.011
06.04.2021 08:52:09.155 GMT-0500,360.57300000000004,360.43699999999995,0.011,0.011
06.04.2021 08:52:09.205 GMT-0500,360.572,360.42800000000005,0.011,0.011
06.04.2021 08:52:09.477 GMT-0500,360.57300000000004,360.43699999999995,0.011,0.0008
06.04.2021 08:52:10.387 GMT-0500,360.57300000000004,360.42699999999996,0.011,0.011
06.04.2021 08:52:11.381 GMT-0500,360.572,360.478,0.011,0.0075
06.04.2021 08:52:11.431 GMT-0500,360.69199999999995,360.44800000000004,0.011,0.011
06.04.2021 08:52:17.341 GMT-0500,360.69199999999995,360.48800000000006,0.011,0.0075
06.04.2021 08:52:17.572 GMT-0500,360.69300000000004,360.43699999999995,0.011,0.011
06.04.2021 08:52:17.623 GMT-0500,360.67199999999997,360.348,0.011,0.011
06.04.2021 08:52:18.209 GMT-0500,360.67300000000006,360.35699999999997,0.011,0.011
06.04.2021 08:52:21.092 GMT-0500,360.67199999999997,360.348,0.011,0.011
06.04.2021 08:52:21.184 GMT-0500,360.67300000000006,360.35699999999997,0.011,0.011
06.04.2021 08:52:23.526 GMT-0500,360.69300000000004,360.457,0.011,0.011
06.04.2021 08:52:39.941 GMT-0500,360.69199999999995,360.348,0.011,0.011
06.04.2021 08:52:40.091 GMT-0500,360.69199999999995,360.468,0.011,0.0075
06.04.2021 08:52:48.156 GMT-0500,360.69300000000004,360.48699999999997,0.011,0.011
06.04.2021 08:52:51.918 GMT-0500,360.69300000000004,360.447,0.011,0.011
06.04.2021 08:52:51.969 GMT-0500,360.69199999999995,360.348,0.011,0.011
06.04.2021 08:52:53.032 GMT-0500,360.69300000000004,360.49699999999996,0.011,0.011
06.04.2021 08:52:57.119 GMT-0500,360.69199999999995,360.54800000000006,0.0008,0.0075
06.04.2021 08:52:57.169 GMT-0500,360.98199999999997,360.50800000000004,0.011,0.011
06.04.2021 08:52:57.219 GMT-0500,360.73199999999997,360.55800000000005,0.011,0.011
06.04.2021 08:52:57.270 GMT-0500,360.892,360.55800000000005,0.011,0.011
06.04.2021 08:52:57.320 GMT-0500,360.89300000000003,360.577,0.011,0.011
06.04.2021 08:53:14.355 GMT-0500,360.892,360.588,0.011,0.0008
06.04.2021 08:53:20.900 GMT-0500,360.722,360.588,0.011,0.011
06.04.2021 08:53:27.381 GMT-0500,360.723,360.637,0.011,0.0075
06.04.2021 08:53:30.160 GMT-0500,360.62300000000005,360.347,0.011,0.011
06.04.2021 08:53:30.210 GMT-0500,360.62199999999996,360.408,0.011,0.011
06.04.2021 08:53:30.536 GMT-0500,360.61300000000006,360.407,0.011,0.011
06.04.2021 08:53:30.749 GMT-0500,360.602,360.478,0.011,0.011
06.04.2021 08:53:30.896 GMT-0500,360.61199999999997,360.48800000000006,0.011,0.011
06.04.2021 08:53:31.057 GMT-0500,360.61199999999997,360.49800000000005,0.011,0.0008
06.04.2021 08:53:32.388 GMT-0500,360.61300000000006,360.407,0.011,0.011
06.04.2021 08:53:33.327 GMT-0500,360.61199999999997,360.48800000000006,0.011,0.011
06.04.2021 08:53:35.383 GMT-0500,360.592,360.48800000000006,0.0008,0.0075
06.04.2021 08:53:35.433 GMT-0500,360.592,360.348,0.011,0.011
06.04.2021 08:53:36.060 GMT-0500,360.593,360.48699999999997,0.011,0.0075
06.04.2021 08:53:36.417 GMT-0500,360.593,360.49699999999996,0.011,0.0008
06.04.2021 08:53:38.425 GMT-0500,360.64300000000003,360.587,0.0075,0.0008
06.04.2021 08:53:38.475 GMT-0500,360.892,360.51800000000003,0.011,0.011
06.04.2021 08:53:38.565 GMT-0500,360.722,360.54800000000006,0.0075,0.0075
06.04.2021 08:53:38.724 GMT-0500,360.892,360.54800000000006,0.011,0.011
06.04.2021 08:53:39.308 GMT-0500,360.75199999999995,360.54800000000006,0.0075,0.011
06.04.2021 08:53:40.162 GMT-0500,360.75300000000004,360.517,0.011,0.011
06.04.2021 08:53:41.555 GMT-0500,360.75199999999995,360.56800000000004,0.011,0.0008
06.04.2021 08:53:45.918 GMT-0500,360.75300000000004,360.60699999999997,0.011,0.0075
06.04.2021 08:53:46.246 GMT-0500,360.89300000000003,360.60699999999997,0.011,0.011
06.04.2021 08:53:48.068 GMT-0500,360.89300000000003,360.61699999999996,0.011,0.011
06.04.2021 08:53:48.246 GMT-0500,360.702,360.61800000000005,0.0008,0.0075
06.04.2021 08:53:48.297 GMT-0500,360.70300000000003,360.577,0.011,0.011
06.04.2021 08:53:48.566 GMT-0500,360.892,360.57800000000003,0.011,0.011
06.04.2021 08:53:50.840 GMT-0500,360.723,360.56699999999995,0.011,0.011
06.04.2021 08:53:51.178 GMT-0500,360.89300000000003,360.56699999999995,0.011,0.011
06.04.2021 08:53:51.947 GMT-0500,360.713,360.56699999999995,0.0075,0.011
06.04.2021 08:53:54.471 GMT-0500,360.713,360.597,0.011,0.011
06.04.2021 08:53:54.766 GMT-0500,360.713,360.587,0.011,0.011
06.04.2021 08:53:55.031 GMT-0500,360.89300000000003,360.587,0.011,0.011
06.04.2021 08:53:55.589 GMT-0500,360.712,360.588,0.0008,0.0075
06.04.2021 08:53:55.640 GMT-0500,360.892,360.56800000000004,0.011,0.011
06.04.2021 08:53:55.991 GMT-0500,360.722,360.56800000000004,0.0075,0.011
06.04.2021 08:53:56.244 GMT-0500,360.89300000000003,360.56699999999995,0.011,0.011
06.04.2021 08:53:56.313 GMT-0500,360.722,360.56800000000004,0.011,0.011
06.04.2021 08:53:56.922 GMT-0500,360.89300000000003,360.56699999999995,0.011,0.011
06.04.2021 08:53:57.006 GMT-0500,360.73300000000006,360.56699999999995,0.011,0.011
06.04.2021 08:53:57.580 GMT-0500,360.73300000000006,360.577,0.011,0.0075
06.04.2021 08:53:57.804 GMT-0500,360.892,360.57800000000003,0.011,0.011
06.04.2021 08:53:58.310 GMT-0500,360.74199999999996,360.57800000000003,0.0075,0.0008
06.04.2021 08:53:58.360 GMT-0500,360.74199999999996,360.56800000000004,0.011,0.011
06.04.2021 08:53:59.991 GMT-0500,360.592,360.56199999999995,0.0075,0.0008
06.04.2021 08:54:00.041 GMT-0500,360.74300000000005,360.48699999999997,0.011,0.011
06.04.2021 08:54:00.124 GMT-0500,360.74300000000005,360.507,0.011,0.0008
06.04.2021 08:54:00.225 GMT-0500,360.74300000000005,360.54699999999997,0.011,0.011
06.04.2021 08:54:00.739 GMT-0500,360.68199999999996,360.55800000000005,0.011,0.011
06.04.2021 08:54:00.789 GMT-0500,360.68199999999996,360.50800000000004,0.011,0.011
06.04.2021 08:54:00.840 GMT-0500,360.68199999999996,360.51800000000003,0.011,0.011
06.04.2021 08:54:00.997 GMT-0500,360.68199999999996,360.528,0.011,0.0075
06.04.2021 08:54:02.113 GMT-0500,360.68300000000005,360.507,0.011,0.011
06.04.2021 08:54:09.854 GMT-0500,360.68199999999996,360.51800000000003,0.011,0.0075
06.04.2021 08:54:11.269 GMT-0500,360.68300000000005,360.61699999999996,0.0075,0.0008
06.04.2021 08:54:11.320 GMT-0500,360.882,360.50800000000004,0.011,0.011
06.04.2021 08:54:12.955 GMT-0500,360.882,360.66800000000006,0.011,0.0008
06.04.2021 08:54:13.104 GMT-0500,360.882,360.68800000000005,0.011,0.0075
06.04.2021 08:54:13.155 GMT-0500,360.882,360.62800000000004,0.011,0.011
06.04.2021 08:54:13.571 GMT-0500,360.702,360.50800000000004,0.011,0.011
06.04.2021 08:54:13.621 GMT-0500,360.882,360.50800000000004,0.011,0.011
06.04.2021 08:54:13.687 GMT-0500,360.882,360.61800000000005,0.011,0.0008
06.04.2021 08:54:14.099 GMT-0500,360.882,360.648,0.011,0.011
06.04.2021 08:54:14.438 GMT-0500,360.88300000000004,360.507,0.011,0.011
06.04.2021 08:54:15.075 GMT-0500,360.88300000000004,360.68699999999995,0.011,0.011
06.04.2021 08:54:15.792 GMT-0500,360.88300000000004,360.67699999999996,0.011,0.011
06.04.2021 08:54:21.373 GMT-0500,360.882,360.63800000000003,0.011,0.011
06.04.2021 08:54:22.399 GMT-0500,360.75199999999995,360.63800000000003,0.0008,0.011
06.04.2021 08:54:22.449 GMT-0500,360.88300000000004,360.637,0.011,0.011
06.04.2021 08:54:27.797 GMT-0500,360.88300000000004,360.647,0.011,0.011
06.04.2021 08:54:28.285 GMT-0500,360.882,360.63800000000003,0.011,0.011
06.04.2021 08:54:32.747 GMT-0500,360.882,360.708,0.011,0.0075
06.04.2021 08:54:32.797 GMT-0500,360.88300000000004,360.637,0.011,0.011
06.04.2021 08:54:36.206 GMT-0500,360.88300000000004,360.697,0.011,0.011
06.04.2021 08:54:38.949 GMT-0500,360.882,360.67800000000005,0.011,0.011
06.04.2021 08:54:39.404 GMT-0500,360.882,360.728,0.011,0.0075
06.04.2021 08:54:39.505 GMT-0500,360.882,360.67800000000005,0.011,0.011
06.04.2021 08:54:39.555 GMT-0500,360.88300000000004,360.68699999999995,0.011,0.011
06.04.2021 08:54:39.873 GMT-0500,360.882,360.69800000000004,0.011,0.0075
06.04.2021 08:54:40.115 GMT-0500,360.882,360.708,0.011,0.0008
06.04.2021 08:54:40.166 GMT-0500,360.88300000000004,360.67699999999996,0.011,0.011
06.04.2021 08:54:43.021 GMT-0500,360.88300000000004,360.73699999999997,0.011,0.011
06.04.2021 08:54:43.278 GMT-0500,360.98300000000006,360.73699999999997,0.011,0.011
06.04.2021 08:54:43.329 GMT-0500,361.152,360.74800000000005,0.011,0.011
06.04.2021 08:54:43.389 GMT-0500,361.06300000000005,360.81699999999995,0.0075,0.0075
06.04.2021 08:54:45.520 GMT-0500,361.06300000000005,360.827,0.011,0.011
06.04.2021 08:54:48.188 GMT-0500,361.06199999999995,360.838,0.011,0.0008
06.04.2021 08:54:49.572 GMT-0500,361.06199999999995,360.81800000000004,0.011,0.011
06.04.2021 08:54:51.451 GMT-0500,361.06300000000005,360.85699999999997,0.011,0.011
06.04.2021 08:54:53.216 GMT-0500,360.86199999999997,360.67800000000005,0.011,0.011
06.04.2021 08:54:54.213 GMT-0500,361.06300000000005,360.67699999999996,0.011,0.011
06.04.2021 08:54:57.043 GMT-0500,361.06300000000005,360.68699999999995,0.011,0.0008
06.04.2021 08:54:57.144 GMT-0500,360.892,360.76800000000003,0.011,0.011
06.04.2021 08:54:57.334 GMT-0500,360.892,360.778,0.011,0.0008
06.04.2021 08:54:57.680 GMT-0500,361.06199999999995,360.788,0.011,0.011
06.04.2021 08:54:57.730 GMT-0500,361.06199999999995,360.79800000000006,0.011,0.011
06.04.2021 08:54:59.734 GMT-0500,361.06300000000005,360.67699999999996,0.011,0.011
06.04.2021 08:55:00.056 GMT-0500,361.06199999999995,360.788,0.011,0.0008
06.04.2021 08:55:00.704 GMT-0500,361.06300000000005,360.81699999999995,0.011,0.011
06.04.2021 08:55:01.013 GMT-0500,360.962,360.81800000000004,0.0008,0.011
06.04.2021 08:55:05.442 GMT-0500,360.962,360.82800000000003,0.011,0.011
06.04.2021 08:55:06.145 GMT-0500,360.962,360.838,0.011,0.0008
06.04.2021 08:55:06.451 GMT-0500,360.963,360.847,0.011,0.0008
06.04.2021 08:55:07.417 GMT-0500,360.963,360.86699999999996,0.011,0.0008
06.04.2021 08:55:07.467 GMT-0500,360.962,360.788,0.011,0.011
06.04.2021 08:55:10.912 GMT-0500,360.912,360.788,0.0075,0.011
06.04.2021 08:55:10.963 GMT-0500,361.06199999999995,360.92800000000005,0.011,0.011
06.04.2021 08:55:11.063 GMT-0500,361.19199999999995,361.038,0.011,0.011
06.04.2021 08:55:11.464 GMT-0500,361.30300000000005,361.04699999999997,0.011,0.011
06.04.2021 08:55:11.515 GMT-0500,361.30300000000005,361.227,0.0008,0.0075
06.04.2021 08:55:11.565 GMT-0500,361.452,361.23800000000006,0.011,0.011
06.04.2021 08:55:11.736 GMT-0500,361.452,361.228,0.011,0.011
06.04.2021 08:55:11.786 GMT-0500,361.322,361.12800000000004,0.011,0.011
06.04.2021 08:55:12.311 GMT-0500,361.32300000000004,361.17699999999996,0.0075,0.0008
06.04.2021 08:55:12.361 GMT-0500,361.352,361.17800000000005,0.011,0.011
06.04.2021 08:55:12.420 GMT-0500,361.353,361.197,0.011,0.0075
06.04.2021 08:55:12.521 GMT-0500,361.45300000000003,361.227,0.011,0.011
06.04.2021 08:55:12.749 GMT-0500,361.45300000000003,361.23699999999997,0.011,0.0075
06.04.2021 08:55:13.269 GMT-0500,361.452,361.228,0.011,0.011
06.04.2021 08:55:14.553 GMT-0500,361.45300000000003,361.24699999999996,0.011,0.0075
06.04.2021 08:55:16.702 GMT-0500,361.353,361.24699999999996,0.0008,0.011
06.04.2021 08:55:17.508 GMT-0500,361.29300000000006,361.227,0.011,0.011
06.04.2021 08:55:17.558 GMT-0500,361.333,361.227,0.011,0.011
06.04.2021 08:55:19.961 GMT-0500,361.37,361.327,0.0008,0.0075
06.04.2021 08:55:20.012 GMT-0500,361.463,361.327,0.011,0.011
06.04.2021 08:55:21.005 GMT-0500,361.593,361.327,0.011,0.011
06.04.2021 08:55:21.056 GMT-0500,361.462,361.32800000000003,0.011,0.011
06.04.2021 08:55:21.107 GMT-0500,361.593,361.327,0.011,0.011
06.04.2021 08:55:21.288 GMT-0500,361.463,361.327,0.0008,0.011
06.04.2021 08:55:23.350 GMT-0500,361.402,361.29800000000006,0.011,0.011
06.04.2021 08:55:23.400 GMT-0500,361.463,361.29699999999997,0.011,0.011
06.04.2021 08:55:25.079 GMT-0500,361.402,361.29800000000006,0.0008,0.011
06.04.2021 08:55:25.936 GMT-0500,361.30300000000005,361.04699999999997,0.011,0.011
06.04.2021 08:55:25.987 GMT-0500,361.30199999999996,361.158,0.011,0.011
06.04.2021 08:55:26.102 GMT-0500,361.292,361.04800000000006,0.011,0.011
06.04.2021 08:55:26.519 GMT-0500,361.23300000000006,361.157,0.0008,0.0008
06.04.2021 08:55:27.553 GMT-0500,361.23199999999997,361.18800000000005,0.0008,0.0075
06.04.2021 08:55:27.603 GMT-0500,361.292,361.16800000000006,0.011,0.011
06.04.2021 08:55:27.654 GMT-0500,361.30199999999996,361.16800000000006,0.011,0.011
06.04.2021 08:55:27.751 GMT-0500,361.30199999999996,361.17800000000005,0.011,0.0008
06.04.2021 08:55:27.996 GMT-0500,361.30199999999996,361.16800000000006,0.011,0.011
06.04.2021 08:55:30.626 GMT-0500,361.30199999999996,361.218,0.011,0.0075
06.04.2021 08:55:33.489 GMT-0500,361.30199999999996,361.228,0.011,0.0075
06.04.2021 08:55:33.610 GMT-0500,361.30300000000005,361.23699999999997,0.011,0.0075
06.04.2021 08:55:34.413 GMT-0500,361.30300000000005,361.17699999999996,0.011,0.011
06.04.2021 08:55:34.870 GMT-0500,361.18300000000005,361.027,0.011,0.011
06.04.2021 08:55:35.442 GMT-0500,361.072,360.898,0.011,0.011
06.04.2021 08:55:35.674 GMT-0500,361.18199999999996,360.898,0.011,0.011
06.04.2021 08:55:38.305 GMT-0500,361.18300000000005,360.967,0.011,0.0008
06.04.2021 08:55:43.563 GMT-0500,361.18199999999996,360.898,0.011,0.011
06.04.2021 08:55:44.968 GMT-0500,361.18300000000005,360.99699999999996,0.011,0.011
06.04.2021 08:55:45.019 GMT-0500,361.18300000000005,360.897,0.011,0.011
06.04.2021 08:55:47.606 GMT-0500,361.212,361.04800000000006,0.011,0.011
06.04.2021 08:55:47.657 GMT-0500,361.462,361.04800000000006,0.011,0.011
06.04.2021 08:55:47.744 GMT-0500,361.222,361.05800000000005,0.011,0.011
06.04.2021 08:55:47.870 GMT-0500,361.462,361.05800000000005,0.011,0.011
06.04.2021 08:55:47.920 GMT-0500,361.23300000000006,361.05699999999996,0.011,0.011
06.04.2021 08:55:48.058 GMT-0500,361.23300000000006,361.077,0.011,0.0075
06.04.2021 08:55:48.256 GMT-0500,361.463,361.077,0.011,0.011
06.04.2021 08:55:48.312 GMT-0500,361.24300000000005,361.077,0.0008,0.011
06.04.2021 08:55:49.406 GMT-0500,361.24199999999996,361.05800000000005,0.011,0.011
06.04.2021 08:55:49.645 GMT-0500,361.24199999999996,361.11800000000005,0.0075,0.0008
06.04.2021 08:55:49.696 GMT-0500,361.462,361.11800000000005,0.011,0.011
06.04.2021 08:55:55.002 GMT-0500,361.272,361.12800000000004,0.0075,0.0075
06.04.2021 08:55:55.297 GMT-0500,361.18300000000005,360.897,0.011,0.011
06.04.2021 08:55:55.800 GMT-0500,361.18199999999996,361.05800000000005,0.011,0.0075
06.04.2021 08:55:55.976 GMT-0500,361.26300000000003,361.05699999999996,0.011,0.011
06.04.2021 08:55:56.365 GMT-0500,361.462,361.05800000000005,0.011,0.011
06.04.2021 08:55:56.709 GMT-0500,361.222,361.05800000000005,0.0008,0.011
06.04.2021 08:56:00.186 GMT-0500,361.222,361.12800000000004,0.011,0.0008
06.04.2021 08:56:00.237 GMT-0500,361.463,361.17699999999996,0.011,0.011
06.04.2021 08:56:00.337 GMT-0500,361.462,361.158,0.011,0.011
06.04.2021 08:56:00.387 GMT-0500,361.462,361.18800000000005,0.011,0.011
06.04.2021 08:56:00.542 GMT-0500,361.463,361.197,0.011,0.011
06.04.2021 08:56:00.708 GMT-0500,361.463,361.23699999999997,0.011,0.0008
06.04.2021 08:56:01.717 GMT-0500,361.31199999999995,361.208,0.011,0.011
06.04.2021 08:56:02.362 GMT-0500,361.31199999999995,361.25800000000004,0.0008,0.0075
06.04.2021 08:56:02.413 GMT-0500,361.463,361.207,0.011,0.011
06.04.2021 08:56:02.648 GMT-0500,361.463,361.23699999999997,0.011,0.011
06.04.2021 08:56:05.770 GMT-0500,361.32300000000004,361.23699999999997,0.0008,0.011
06.04.2021 08:56:06.349 GMT-0500,361.29300000000006,361.23699999999997,0.0008,0.011
06.04.2021 08:56:06.399 GMT-0500,361.31199999999995,361.23800000000006,0.011,0.011
06.04.2021 08:56:06.786 GMT-0500,361.462,361.23800000000006,0.011,0.011
06.04.2021 08:56:07.742 GMT-0500,361.463,361.29699999999997,0.011,0.011
06.04.2021 08:56:07.792 GMT-0500,361.462,361.13800000000003,0.011,0.011
06.04.2021 08:56:08.066 GMT-0500,361.462,361.26800000000003,0.011,0.011
06.04.2021 08:56:09.583 GMT-0500,361.463,361.29699999999997,0.011,0.0075
06.04.2021 08:56:10.032 GMT-0500,361.463,361.267,0.011,0.011
06.04.2021 08:56:20.250 GMT-0500,361.288,361.26800000000003,0.0075,0.0008
06.04.2021 08:56:20.300 GMT-0500,361.282,361.13800000000003,0.011,0.011
06.04.2021 08:56:20.569 GMT-0500,361.282,361.16800000000006,0.011,0.0008
06.04.2021 08:56:20.893 GMT-0500,361.292,361.16800000000006,0.011,0.011
06.04.2021 08:56:27.797 GMT-0500,361.463,361.167,0.011,0.011
06.04.2021 08:56:27.847 GMT-0500,361.463,361.24699999999996,0.011,0.011
06.04.2021 08:56:28.643 GMT-0500,361.38300000000004,361.24699999999996,0.0008,0.011
06.04.2021 08:56:28.694 GMT-0500,361.462,361.228,0.011,0.011
06.04.2021 08:56:30.059 GMT-0500,361.462,361.25800000000004,0.011,0.0075
06.04.2021 08:56:30.540 GMT-0500,361.36199999999997,361.228,0.011,0.011
06.04.2021 08:56:30.591 GMT-0500,361.462,361.228,0.011,0.011
06.04.2021 08:56:30.649 GMT-0500,361.305,361.227,0.0008,0.011
06.04.2021 08:56:30.700 GMT-0500,361.462,361.26800000000003,0.011,0.011
06.04.2021 08:56:32.426 GMT-0500,361.463,361.31699999999995,0.011,0.011
06.04.2021 08:56:32.477 GMT-0500,361.583,361.337,0.011,0.011
06.04.2021 08:56:32.533 GMT-0500,361.49300000000005,361.337,0.011,0.011
06.04.2021 08:56:32.645 GMT-0500,361.583,361.337,0.011,0.011
06.04.2021 08:56:32.696 GMT-0500,361.523,361.337,0.011,0.011
06.04.2021 08:56:32.841 GMT-0500,361.522,361.348,0.011,0.0075
06.04.2021 08:56:37.641 GMT-0500,361.44199999999995,361.348,0.011,0.011
06.04.2021 08:56:37.693 GMT-0500,361.523,361.347,0.011,0.011
06.04.2021 08:56:41.290 GMT-0500,361.642,361.348,0.011,0.011
06.04.2021 08:56:46.377 GMT-0500,361.642,361.32800000000003,0.011,0.011
06.04.2021 08:56:46.517 GMT-0500,361.642,361.338,0.011,0.0075
06.04.2021 08:56:49.082 GMT-0500,361.43300000000005,361.337,0.011,0.011
06.04.2021 08:56:49.132 GMT-0500,361.642,361.338,0.011,0.011
06.04.2021 08:56:50.725 GMT-0500,361.602,361.338,0.0075,0.011
06.04.2021 08:56:51.699 GMT-0500,361.50199999999995,361.338,0.0075,0.011
06.04.2021 08:56:51.749 GMT-0500,361.602,361.338,0.011,0.011
06.04.2021 08:56:54.673 GMT-0500,361.602,361.348,0.011,0.0008
06.04.2021 08:56:54.723 GMT-0500,361.32300000000004,361.137,0.011,0.011
06.04.2021 08:56:54.774 GMT-0500,361.37199999999996,361.13800000000003,0.011,0.011
06.04.2021 08:56:55.082 GMT-0500,361.37300000000005,361.157,0.011,0.0008
06.04.2021 08:56:55.790 GMT-0500,361.532,361.158,0.011,0.011
06.04.2021 08:56:56.707 GMT-0500,361.30199999999996,361.158,0.0075,0.011
06.04.2021 08:56:56.757 GMT-0500,361.532,361.158,0.011,0.011
06.04.2021 08:56:57.302 GMT-0500,361.532,361.18800000000005,0.011,0.011
06.04.2021 08:56:57.484 GMT-0500,361.533,361.207,0.011,0.0075
06.04.2021 08:56:57.634 GMT-0500,361.413,361.24699999999996,0.011,0.011
06.04.2021 08:56:57.815 GMT-0500,361.39300000000003,361.267,0.0008,0.0008
06.04.2021 08:56:57.865 GMT-0500,361.533,361.29699999999997,0.011,0.011
06.04.2021 08:56:57.915 GMT-0500,361.532,361.30800000000005,0.011,0.011
06.04.2021 08:56:58.098 GMT-0500,361.403,361.30699999999996,0.0008,0.0075
06.04.2021 08:56:58.148 GMT-0500,361.402,361.13800000000003,0.011,0.011
06.04.2021 08:56:58.393 GMT-0500,361.402,361.23800000000006,0.011,0.011
06.04.2021 08:56:59.736 GMT-0500,361.403,361.137,0.011,0.011
06.04.2021 08:57:00.080 GMT-0500,361.403,361.227,0.011,0.0075
06.04.2021 08:57:00.445 GMT-0500,361.533,361.227,0.011,0.011
06.04.2021 08:57:00.506 GMT-0500,361.413,361.227,0.011,0.011
06.04.2021 08:57:00.813 GMT-0500,361.542,361.228,0.011,0.011
06.04.2021 08:57:00.864 GMT-0500,361.42199999999997,361.228,0.0008,0.011
06.04.2021 08:57:05.179 GMT-0500,361.25300000000004,361.06699999999995,0.011,0.011
06.04.2021 08:57:05.859 GMT-0500,361.25300000000004,361.077,0.011,0.011
06.04.2021 08:57:06.246 GMT-0500,361.42199999999997,361.07800000000003,0.011,0.011
06.04.2021 08:57:06.300 GMT-0500,361.262,361.07800000000003,0.0008,0.011
06.04.2021 08:57:07.042 GMT-0500,361.42199999999997,361.07800000000003,0.011,0.011
06.04.2021 08:57:07.142 GMT-0500,361.272,361.07800000000003,0.0075,0.011
06.04.2021 08:57:07.193 GMT-0500,361.42300000000006,361.077,0.011,0.011
06.04.2021 08:57:07.256 GMT-0500,361.283,361.077,0.0008,0.011
06.04.2021 08:57:11.020 GMT-0500,361.283,361.06699999999995,0.011,0.011
06.04.2021 08:57:14.295 GMT-0500,361.12300000000005,360.98,0.0008,0.0075
06.04.2021 08:57:14.345 GMT-0500,361.222,360.63800000000003,0.011,0.011
06.04.2021 08:57:14.396 GMT-0500,361.07300000000004,360.967,0.011,0.011
06.04.2021 08:57:14.446 GMT-0500,361.06300000000005,360.947,0.011,0.011
06.04.2021 08:57:14.497 GMT-0500,361.132,360.91800000000006,0.011,0.011
06.04.2021 08:57:15.086 GMT-0500,361.13300000000004,361.017,0.0008,0.0075
06.04.2021 08:57:15.136 GMT-0500,361.282,361.00800000000004,0.011,0.011
06.04.2021 08:57:15.260 GMT-0500,361.282,361.028,0.011,0.011
06.04.2021 08:57:21.036 GMT-0500,361.18300000000005,361.027,0.011,0.011
06.04.2021 08:57:22.047 GMT-0500,361.072,361.022,0.0008,0.0075
06.04.2021 08:57:22.098 GMT-0500,361.11199999999997,360.94800000000004,0.011,0.011
06.04.2021 08:57:22.300 GMT-0500,361.07300000000004,360.80699999999996,0.011,0.011
06.04.2021 08:57:27.363 GMT-0500,361.023,360.80699999999996,0.0075,0.011
06.04.2021 08:57:27.414 GMT-0500,361.283,360.80699999999996,0.011,0.011
06.04.2021 08:57:27.472 GMT-0500,361.023,360.80699999999996,0.011,0.011
06.04.2021 08:57:29.691 GMT-0500,360.963,360.80699999999996,0.0075,0.011
06.04.2021 08:57:29.741 GMT-0500,361.032,360.80800000000005,0.011,0.011
06.04.2021 08:57:30.083 GMT-0500,360.963,360.80699999999996,0.0075,0.011
06.04.2021 08:57:32.074 GMT-0500,360.962,360.658,0.011,0.011
06.04.2021 08:57:32.182 GMT-0500,360.962,360.75800000000004,0.011,0.0075
06.04.2021 08:57:32.485 GMT-0500,360.962,360.80800000000005,0.011,0.0075
06.04.2021 08:57:33.166 GMT-0500,360.962,360.82800000000003,0.011,0.0075
06.04.2021 08:57:34.102 GMT-0500,360.963,360.80699999999996,0.011,0.011
06.04.2021 08:57:34.516 GMT-0500,360.963,360.657,0.011,0.011
06.04.2021 08:57:34.570 GMT-0500,360.962,360.75800000000004,0.011,0.0075
06.04.2021 08:57:34.926 GMT-0500,360.963,360.80699999999996,0.011,0.011
06.04.2021 08:57:36.171 GMT-0500,360.962,360.81800000000004,0.011,0.011
06.04.2021 08:57:36.222 GMT-0500,360.962,360.80800000000005,0.011,0.011
06.04.2021 08:57:36.358 GMT-0500,360.962,360.81800000000004,0.011,0.0008
06.04.2021 08:57:37.026 GMT-0500,360.963,360.657,0.011,0.011
06.04.2021 08:57:37.887 GMT-0500,360.962,360.80800000000005,0.011,0.0075
06.04.2021 08:57:38.012 GMT-0500,360.963,360.657,0.011,0.011
06.04.2021 08:57:38.119 GMT-0500,360.962,360.80800000000005,0.011,0.0008
06.04.2021 08:57:38.173 GMT-0500,360.963,360.657,0.011,0.011
06.04.2021 08:57:38.504 GMT-0500,360.963,360.81699999999995,0.011,0.011
06.04.2021 08:57:39.364 GMT-0500,360.962,360.82800000000003,0.011,0.0075
06.04.2021 08:57:39.851 GMT-0500,360.963,360.81699999999995,0.011,0.011
06.04.2021 08:57:39.901 GMT-0500,360.963,360.827,0.011,0.011
06.04.2021 08:57:42.713 GMT-0500,360.963,360.907,0.0075,0.0008
06.04.2021 08:57:42.764 GMT-0500,361.282,360.908,0.011,0.011
06.04.2021 08:57:43.422 GMT-0500,361.283,360.947,0.011,0.0008
06.04.2021 08:57:50.226 GMT-0500,360.99199999999996,360.94800000000004,0.0008,0.0075
