Local time,Ask,Bid,AskVolume,BidVolume
06.04.2021 08:30:00.326 GMT-0500,50.923,50.297,0.011,0.011
06.04.2021 08:30:00.753 GMT-0500,50.922,50.298,0.011,0.011
06.04.2021 08:30:00.818 GMT-0500,50.922,50.298,0.011,0.011
06.04.2021 08:30:01.134 GMT-0500,50.923,50.665,0.011,0.0075
06.04.2021 08:30:01.285 GMT-0500,50.752,50.718,0.011,0.011
06.04.2021 08:30:02.048 GMT-0500,50.743,50.707,0.011,0.011
06.04.2021 08:30:02.163 GMT-0500,50.723000000000006,50.687,0.011,0.011
06.04.2021 08:30:02.267 GMT-0500,50.733000000000004,50.717,0.011,0.011
06.04.2021 08:30:02.369 GMT-0500,50.752,50.648,0.011,0.011
06.04.2021 08:30:02.469 GMT-0500,50.732,50.698,0.011,0.011
06.04.2021 08:30:02.520 GMT-0500,50.733000000000004,50.647,0.011,0.011
06.04.2021 08:30:02.570 GMT-0500,50.753,50.687,0.011,0.011
06.04.2021 08:30:02.991 GMT-0500,50.752,50.648,0.011,0.011
06.04.2021 08:30:03.041 GMT-0500,50.713,50.667,0.011,0.011
06.04.2021 08:30:03.287 GMT-0500,50.722,50.668000000000006,0.011,0.011
06.04.2021 08:30:03.337 GMT-0500,50.722,50.678000000000004,0.011,0.011
06.04.2021 08:30:03.875 GMT-0500,50.723000000000006,50.667,0.011,0.011
06.04.2021 08:30:05.056 GMT-0500,50.723000000000006,50.647,0.011,0.011
06.04.2021 08:30:05.298 GMT-0500,50.692,50.648,0.011,0.011
06.04.2021 08:30:06.783 GMT-0500,50.683,50.647,0.011,0.011
06.04.2021 08:30:06.834 GMT-0500,50.692,50.648,0.011,0.011
06.04.2021 08:30:07.027 GMT-0500,50.663000000000004,50.647,0.0008,0.0075
06.04.2021 08:30:07.078 GMT-0500,50.692,50.638000000000005,0.011,0.011
06.04.2021 08:30:07.741 GMT-0500,50.673,50.637,0.0008,0.0075
06.04.2021 08:30:07.792 GMT-0500,50.692,50.628,0.011,0.011
06.04.2021 08:30:08.910 GMT-0500,50.693000000000005,50.617,0.011,0.011
06.04.2021 08:30:08.961 GMT-0500,50.682,50.608000000000004,0.011,0.011
06.04.2021 08:30:09.238 GMT-0500,50.692,50.608000000000004,0.011,0.011
06.04.2021 08:30:09.338 GMT-0500,50.662,50.608000000000004,0.011,0.011
06.04.2021 08:30:10.081 GMT-0500,50.632,50.608000000000004,0.0008,0.0075
06.04.2021 08:30:10.131 GMT-0500,50.602,50.568000000000005,0.011,0.011
06.04.2021 08:30:10.182 GMT-0500,50.653000000000006,50.567,0.011,0.011
06.04.2021 08:30:10.306 GMT-0500,50.612,50.568000000000005,0.0008,0.011
06.04.2021 08:30:11.312 GMT-0500,50.652,50.568000000000005,0.011,0.011
06.04.2021 08:30:11.437 GMT-0500,50.663000000000004,50.567,0.011,0.011
06.04.2021 08:30:11.577 GMT-0500,50.662,50.568000000000005,0.011,0.011
06.04.2021 08:30:13.549 GMT-0500,50.593,50.567,0.0008,0.0075
06.04.2021 08:30:13.600 GMT-0500,50.613,50.547,0.011,0.011
06.04.2021 08:30:13.680 GMT-0500,50.603,50.547,0.0008,0.011
06.04.2021 08:30:13.946 GMT-0500,50.603,50.547,0.011,0.011
06.04.2021 08:30:13.996 GMT-0500,50.602,50.548,0.011,0.011
06.04.2021 08:30:14.046 GMT-0500,50.593,50.547,0.011,0.011
06.04.2021 08:30:14.487 GMT-0500,50.572,50.548,0.0008,0.0075
06.04.2021 08:30:14.537 GMT-0500,50.583000000000006,50.527,0.011,0.011
06.04.2021 08:30:15.048 GMT-0500,50.582,50.528000000000006,0.011,0.011
06.04.2021 08:30:15.290 GMT-0500,50.593,50.557,0.011,0.011
06.04.2021 08:30:15.706 GMT-0500,50.592,50.538000000000004,0.011,0.011
06.04.2021 08:30:16.128 GMT-0500,50.592,50.538000000000004,0.011,0.011
06.04.2021 08:30:16.178 GMT-0500,50.592,50.538000000000004,0.011,0.011
06.04.2021 08:30:16.710 GMT-0500,50.583000000000006,50.537,0.011,0.011
06.04.2021 08:30:16.876 GMT-0500,50.593,50.537,0.011,0.011
06.04.2021 08:30:17.978 GMT-0500,50.593,50.557,0.0008,0.0075
06.04.2021 08:30:18.028 GMT-0500,50.613,50.557,0.011,0.011
06.04.2021 08:30:20.755 GMT-0500,50.612,50.558,0.011,0.011
06.04.2021 08:30:20.856 GMT-0500,50.613,50.557,0.011,0.011
06.04.2021 08:30:21.159 GMT-0500,50.612,50.558,0.011,0.011
06.04.2021 08:30:22.005 GMT-0500,50.603,50.597,0.0008,0.0075
06.04.2021 08:30:22.055 GMT-0500,50.723000000000006,50.607,0.011,0.011
06.04.2021 08:30:22.688 GMT-0500,50.723000000000006,50.597,0.011,0.011
06.04.2021 08:30:22.738 GMT-0500,50.641999999999996,50.598000000000006,0.011,0.011
06.04.2021 08:30:23.327 GMT-0500,50.711999999999996,50.598000000000006,0.011,0.011
06.04.2021 08:30:23.547 GMT-0500,50.722,50.598000000000006,0.011,0.011
06.04.2021 08:30:23.873 GMT-0500,50.662,50.588,0.011,0.011
06.04.2021 08:30:24.027 GMT-0500,50.643,50.577,0.0008,0.011
06.04.2021 08:30:24.077 GMT-0500,50.722,50.578,0.011,0.011
06.04.2021 08:30:26.750 GMT-0500,50.723000000000006,50.577,0.011,0.011
06.04.2021 08:30:26.992 GMT-0500,50.622,50.578,0.011,0.011
06.04.2021 08:30:27.043 GMT-0500,50.673,50.607,0.011,0.011
06.04.2021 08:30:28.886 GMT-0500,50.672,50.608000000000004,0.011,0.011
06.04.2021 08:30:28.936 GMT-0500,50.683,50.617,0.011,0.011
06.04.2021 08:30:29.066 GMT-0500,50.672,50.618,0.0008,0.011
06.04.2021 08:30:29.710 GMT-0500,50.682,50.618,0.011,0.011
06.04.2021 08:30:30.025 GMT-0500,50.672,50.618,0.0008,0.011
06.04.2021 08:30:30.593 GMT-0500,50.682,50.618,0.011,0.011
06.04.2021 08:30:30.643 GMT-0500,50.711999999999996,50.668000000000006,0.011,0.011
06.04.2021 08:30:30.893 GMT-0500,50.711999999999996,50.668000000000006,0.011,0.011
06.04.2021 08:30:31.555 GMT-0500,50.682,50.648,0.011,0.011
06.04.2021 08:30:31.606 GMT-0500,50.693000000000005,50.657,0.011,0.011
06.04.2021 08:30:32.259 GMT-0500,50.693000000000005,50.667,0.011,0.011
06.04.2021 08:30:32.310 GMT-0500,50.693000000000005,50.657,0.011,0.011
06.04.2021 08:30:32.995 GMT-0500,50.682,50.658,0.0008,0.011
06.04.2021 08:30:34.090 GMT-0500,50.672,50.638000000000005,0.011,0.011
06.04.2021 08:30:34.140 GMT-0500,50.673,50.637,0.011,0.011
06.04.2021 08:30:34.191 GMT-0500,50.683,50.637,0.011,0.011
06.04.2021 08:30:34.796 GMT-0500,50.645,50.637,0.0008,0.0075
06.04.2021 08:30:34.847 GMT-0500,50.641999999999996,50.618,0.011,0.011
06.04.2021 08:30:35.666 GMT-0500,50.633,50.617,0.0008,0.0075
06.04.2021 08:30:35.716 GMT-0500,50.633,50.607,0.011,0.011
06.04.2021 08:30:36.022 GMT-0500,50.602,50.588,0.011,0.011
06.04.2021 08:30:36.122 GMT-0500,50.623000000000005,50.597,0.011,0.011
06.04.2021 08:30:36.172 GMT-0500,50.613,50.586999999999996,0.011,0.011
06.04.2021 08:30:36.223 GMT-0500,50.622,50.588,0.011,0.011
06.04.2021 08:30:36.658 GMT-0500,50.622,50.598000000000006,0.011,0.011
06.04.2021 08:30:36.708 GMT-0500,50.632,50.598000000000006,0.011,0.011
06.04.2021 08:30:38.011 GMT-0500,50.641999999999996,50.598000000000006,0.011,0.011
06.04.2021 08:30:38.258 GMT-0500,50.612,50.588,0.011,0.011
06.04.2021 08:30:38.308 GMT-0500,50.623000000000005,50.586999999999996,0.011,0.011
06.04.2021 08:30:38.411 GMT-0500,50.643,50.586999999999996,0.011,0.011
06.04.2021 08:30:38.662 GMT-0500,50.623000000000005,50.586999999999996,0.011,0.011
06.04.2021 08:30:38.728 GMT-0500,50.612,50.558,0.011,0.011
06.04.2021 08:30:38.779 GMT-0500,50.592,50.558,0.011,0.011
06.04.2021 08:30:38.829 GMT-0500,50.613,50.557,0.011,0.011
06.04.2021 08:30:40.135 GMT-0500,50.612,50.568000000000005,0.011,0.011
06.04.2021 08:30:40.286 GMT-0500,50.613,50.577,0.011,0.011
06.04.2021 08:30:40.505 GMT-0500,50.643,50.597,0.011,0.011
06.04.2021 08:30:40.987 GMT-0500,50.641999999999996,50.588,0.011,0.011
06.04.2021 08:30:41.084 GMT-0500,50.643,50.586999999999996,0.011,0.011
06.04.2021 08:30:41.211 GMT-0500,50.643,50.617,0.011,0.011
06.04.2021 08:30:41.262 GMT-0500,50.662,50.628,0.011,0.011
06.04.2021 08:30:44.175 GMT-0500,50.663000000000004,50.617,0.011,0.011
06.04.2021 08:30:44.549 GMT-0500,50.663000000000004,50.617,0.011,0.011
06.04.2021 08:30:44.913 GMT-0500,50.633,50.627,0.0008,0.0075
06.04.2021 08:30:44.964 GMT-0500,50.663000000000004,50.586999999999996,0.011,0.011
06.04.2021 08:30:45.064 GMT-0500,50.652,50.588,0.011,0.011
06.04.2021 08:30:45.604 GMT-0500,50.653000000000006,50.617,0.011,0.011
06.04.2021 08:30:46.286 GMT-0500,50.652,50.647,0.0008,0.0075
06.04.2021 08:30:46.336 GMT-0500,50.702,50.668000000000006,0.011,0.011
06.04.2021 08:30:46.500 GMT-0500,50.703,50.667,0.011,0.011
06.04.2021 08:30:46.551 GMT-0500,50.723000000000006,50.677,0.011,0.011
06.04.2021 08:30:46.664 GMT-0500,50.723000000000006,50.687,0.011,0.011
06.04.2021 08:30:46.960 GMT-0500,50.742,50.708000000000006,0.011,0.011
06.04.2021 08:30:47.037 GMT-0500,50.763000000000005,50.717,0.011,0.011
06.04.2021 08:30:47.447 GMT-0500,50.762,50.718,0.011,0.011
06.04.2021 08:30:48.388 GMT-0500,50.743,50.707,0.011,0.011
06.04.2021 08:30:48.439 GMT-0500,50.743,50.707,0.011,0.011
06.04.2021 08:30:48.713 GMT-0500,50.753,50.707,0.011,0.011
06.04.2021 08:30:48.775 GMT-0500,50.752,50.708000000000006,0.011,0.011
06.04.2021 08:30:49.180 GMT-0500,50.732,50.688,0.011,0.011
06.04.2021 08:30:49.231 GMT-0500,50.732,50.708000000000006,0.011,0.011
06.04.2021 08:30:50.076 GMT-0500,50.723000000000006,50.707,0.0008,0.011
06.04.2021 08:30:50.239 GMT-0500,50.733000000000004,50.707,0.011,0.011
06.04.2021 08:30:50.892 GMT-0500,50.722,50.688,0.011,0.011
06.04.2021 08:30:50.943 GMT-0500,50.733000000000004,50.687,0.011,0.011
06.04.2021 08:30:51.172 GMT-0500,50.743,50.687,0.011,0.011
06.04.2021 08:30:51.247 GMT-0500,50.743,50.687,0.011,0.011
06.04.2021 08:30:51.347 GMT-0500,50.742,50.688,0.011,0.011
06.04.2021 08:30:51.398 GMT-0500,50.742,50.678000000000004,0.011,0.011
06.04.2021 08:30:51.971 GMT-0500,50.743,50.687,0.011,0.0075
06.04.2021 08:30:52.021 GMT-0500,50.742,50.678000000000004,0.011,0.011
06.04.2021 08:30:52.072 GMT-0500,50.743,50.687,0.011,0.011
06.04.2021 08:30:54.679 GMT-0500,50.742,50.678000000000004,0.011,0.011
06.04.2021 08:30:54.879 GMT-0500,50.742,50.688,0.011,0.0075
06.04.2021 08:30:54.980 GMT-0500,50.763000000000005,50.707,0.011,0.011
06.04.2021 08:30:55.116 GMT-0500,50.762,50.708000000000006,0.011,0.011
06.04.2021 08:30:55.217 GMT-0500,50.763000000000005,50.707,0.011,0.011
06.04.2021 08:30:55.515 GMT-0500,50.772,50.708000000000006,0.011,0.011
06.04.2021 08:30:55.566 GMT-0500,50.773,50.717,0.011,0.011
06.04.2021 08:30:57.063 GMT-0500,50.793000000000006,50.717,0.011,0.011
06.04.2021 08:30:57.113 GMT-0500,50.802,50.738,0.011,0.011
06.04.2021 08:30:58.126 GMT-0500,50.763000000000005,50.737,0.011,0.011
06.04.2021 08:30:58.227 GMT-0500,50.823,50.757,0.011,0.011
06.04.2021 08:30:58.277 GMT-0500,50.822,50.788000000000004,0.011,0.011
06.04.2021 08:30:58.327 GMT-0500,50.823,50.766999999999996,0.011,0.011
06.04.2021 08:30:58.658 GMT-0500,50.842,50.768,0.011,0.011
06.04.2021 08:30:58.732 GMT-0500,50.842,50.768,0.011,0.011
06.04.2021 08:30:58.783 GMT-0500,50.843,50.766999999999996,0.011,0.011
06.04.2021 08:31:00.051 GMT-0500,50.843,50.777,0.011,0.011
06.04.2021 08:31:00.152 GMT-0500,50.843,50.797,0.011,0.011
06.04.2021 08:31:00.298 GMT-0500,50.842,50.798,0.011,0.011
06.04.2021 08:31:00.348 GMT-0500,50.843,50.797,0.011,0.011
06.04.2021 08:31:00.484 GMT-0500,50.842,50.808,0.0008,0.0075
06.04.2021 08:31:00.535 GMT-0500,50.862,50.798,0.011,0.011
06.04.2021 08:31:00.615 GMT-0500,50.862,50.798,0.011,0.011
06.04.2021 08:31:00.665 GMT-0500,50.863,50.807,0.011,0.011
06.04.2021 08:31:00.749 GMT-0500,50.863,50.807,0.011,0.011
06.04.2021 08:31:00.907 GMT-0500,50.862,50.828,0.0008,0.0075
06.04.2021 08:31:00.958 GMT-0500,50.872,50.828,0.011,0.011
06.04.2021 08:31:01.008 GMT-0500,50.872,50.838,0.011,0.011
06.04.2021 08:31:01.058 GMT-0500,50.882,50.828,0.011,0.011
06.04.2021 08:31:01.563 GMT-0500,50.863,50.827,0.0008,0.0075
06.04.2021 08:31:01.614 GMT-0500,50.852,50.808,0.011,0.011
06.04.2021 08:31:02.110 GMT-0500,50.863,50.807,0.011,0.011
06.04.2021 08:31:02.220 GMT-0500,50.833000000000006,50.797,0.011,0.011
06.04.2021 08:31:02.619 GMT-0500,50.813,50.757,0.011,0.011
06.04.2021 08:31:02.778 GMT-0500,50.813,50.757,0.011,0.011
06.04.2021 08:31:02.829 GMT-0500,50.813,50.757,0.011,0.011
06.04.2021 08:31:03.631 GMT-0500,50.792,50.758,0.011,0.011
06.04.2021 08:31:04.465 GMT-0500,50.783,50.757,0.0008,0.011
06.04.2021 08:31:04.516 GMT-0500,50.793000000000006,50.757,0.011,0.011
06.04.2021 08:31:05.003 GMT-0500,50.782,50.758,0.0008,0.011
06.04.2021 08:31:05.104 GMT-0500,50.772,50.748000000000005,0.011,0.011
06.04.2021 08:31:05.533 GMT-0500,50.802,50.748000000000005,0.011,0.011
06.04.2021 08:31:05.858 GMT-0500,50.792,50.748000000000005,0.0008,0.011
06.04.2021 08:31:06.496 GMT-0500,50.813,50.766999999999996,0.011,0.011
06.04.2021 08:31:06.546 GMT-0500,50.813,50.757,0.011,0.011
06.04.2021 08:31:06.596 GMT-0500,50.802,50.758,0.011,0.011
06.04.2021 08:31:06.647 GMT-0500,50.802,50.748000000000005,0.011,0.011
06.04.2021 08:31:07.250 GMT-0500,50.813,50.747,0.011,0.011
06.04.2021 08:31:07.934 GMT-0500,50.813,50.737,0.011,0.011
06.04.2021 08:31:08.110 GMT-0500,50.803000000000004,50.737,0.011,0.011
06.04.2021 08:31:08.269 GMT-0500,50.792,50.728,0.011,0.011
06.04.2021 08:31:08.740 GMT-0500,50.783,50.727,0.0008,0.011
06.04.2021 08:31:09.634 GMT-0500,50.762,50.728,0.0008,0.011
06.04.2021 08:31:09.685 GMT-0500,50.763000000000005,50.717,0.011,0.011
06.04.2021 08:31:09.980 GMT-0500,50.762,50.728,0.011,0.011
06.04.2021 08:31:10.030 GMT-0500,50.762,50.708000000000006,0.011,0.011
06.04.2021 08:31:10.561 GMT-0500,50.762,50.688,0.011,0.011
06.04.2021 08:31:10.612 GMT-0500,50.763000000000005,50.697,0.011,0.011
06.04.2021 08:31:10.852 GMT-0500,50.763000000000005,50.687,0.011,0.011
06.04.2021 08:31:10.940 GMT-0500,50.763000000000005,50.697,0.011,0.0075
06.04.2021 08:31:13.551 GMT-0500,50.763000000000005,50.707,0.011,0.011
06.04.2021 08:31:13.818 GMT-0500,50.772,50.708000000000006,0.011,0.011
06.04.2021 08:31:13.868 GMT-0500,50.793000000000006,50.717,0.011,0.011
06.04.2021 08:31:14.497 GMT-0500,50.793000000000006,50.717,0.011,0.011
06.04.2021 08:31:14.712 GMT-0500,50.763000000000005,50.717,0.011,0.011
06.04.2021 08:31:14.890 GMT-0500,50.763000000000005,50.737,0.0008,0.0075
06.04.2021 08:31:14.940 GMT-0500,50.783,50.727,0.011,0.011
06.04.2021 08:31:15.053 GMT-0500,50.782,50.728,0.011,0.011
06.04.2021 08:31:15.104 GMT-0500,50.792,50.738,0.011,0.011
06.04.2021 08:31:15.321 GMT-0500,50.793000000000006,50.727,0.011,0.011
06.04.2021 08:31:15.822 GMT-0500,50.773,50.727,0.011,0.011
06.04.2021 08:31:15.872 GMT-0500,50.783,50.727,0.011,0.011
06.04.2021 08:31:16.123 GMT-0500,50.783,50.737,0.011,0.011
06.04.2021 08:31:16.173 GMT-0500,50.782,50.728,0.011,0.011
06.04.2021 08:31:16.224 GMT-0500,50.782,50.738,0.011,0.011
06.04.2021 08:31:16.693 GMT-0500,50.782,50.728,0.011,0.011
06.04.2021 08:31:16.970 GMT-0500,50.802,50.728,0.011,0.011
06.04.2021 08:31:17.020 GMT-0500,50.803000000000004,50.737,0.011,0.011
06.04.2021 08:31:17.071 GMT-0500,50.802,50.728,0.011,0.011
06.04.2021 08:31:17.269 GMT-0500,50.803000000000004,50.747,0.011,0.0075
06.04.2021 08:31:17.558 GMT-0500,50.803000000000004,50.727,0.011,0.011
06.04.2021 08:31:17.742 GMT-0500,50.803000000000004,50.727,0.011,0.011
06.04.2021 08:31:18.037 GMT-0500,50.783,50.727,0.011,0.011
06.04.2021 08:31:19.141 GMT-0500,50.772,50.718,0.011,0.011
06.04.2021 08:31:19.191 GMT-0500,50.772,50.728,0.011,0.011
06.04.2021 08:31:19.418 GMT-0500,50.772,50.718,0.011,0.011
06.04.2021 08:31:19.468 GMT-0500,50.773,50.727,0.011,0.011
06.04.2021 08:31:19.599 GMT-0500,50.742,50.698,0.011,0.011
06.04.2021 08:31:19.650 GMT-0500,50.753,50.697,0.011,0.011
06.04.2021 08:31:20.300 GMT-0500,50.752,50.728,0.011,0.011
06.04.2021 08:31:20.350 GMT-0500,50.752,50.698,0.011,0.011
06.04.2021 08:31:20.802 GMT-0500,50.752,50.708000000000006,0.011,0.0075
06.04.2021 08:31:20.852 GMT-0500,50.753,50.697,0.011,0.011
06.04.2021 08:31:23.299 GMT-0500,50.793000000000006,50.737,0.011,0.011
06.04.2021 08:31:23.864 GMT-0500,50.773,50.737,0.0008,0.011
06.04.2021 08:31:24.158 GMT-0500,50.753,50.737,0.0008,0.0075
06.04.2021 08:31:24.208 GMT-0500,50.772,50.738,0.011,0.011
06.04.2021 08:31:24.569 GMT-0500,50.773,50.727,0.011,0.011
06.04.2021 08:31:25.416 GMT-0500,50.773,50.747,0.011,0.0075
06.04.2021 08:31:25.762 GMT-0500,50.802,50.748000000000005,0.011,0.011
06.04.2021 08:31:25.812 GMT-0500,50.792,50.758,0.011,0.011
06.04.2021 08:31:26.478 GMT-0500,50.792,50.748000000000005,0.011,0.011
06.04.2021 08:31:26.528 GMT-0500,50.783,50.747,0.011,0.011
06.04.2021 08:31:27.789 GMT-0500,50.783,50.747,0.011,0.011
06.04.2021 08:31:29.578 GMT-0500,50.803000000000004,50.757,0.011,0.011
06.04.2021 08:31:30.348 GMT-0500,50.792,50.758,0.0008,0.011
06.04.2021 08:31:31.813 GMT-0500,50.802,50.758,0.011,0.011
06.04.2021 08:31:32.258 GMT-0500,50.802,50.778000000000006,0.011,0.011
06.04.2021 08:31:32.309 GMT-0500,50.803000000000004,50.766999999999996,0.011,0.011
06.04.2021 08:31:32.468 GMT-0500,50.823,50.797,0.011,0.011
06.04.2021 08:31:32.634 GMT-0500,50.833000000000006,50.797,0.011,0.011
06.04.2021 08:31:32.786 GMT-0500,50.843,50.797,0.011,0.011
06.04.2021 08:31:32.948 GMT-0500,50.842,50.808,0.011,0.0075
06.04.2021 08:31:32.999 GMT-0500,50.852,50.798,0.011,0.011
06.04.2021 08:31:33.257 GMT-0500,50.852,50.798,0.011,0.011
06.04.2021 08:31:33.307 GMT-0500,50.853,50.797,0.011,0.011
06.04.2021 08:31:33.572 GMT-0500,50.852,50.808,0.011,0.011
06.04.2021 08:31:33.680 GMT-0500,50.822,50.798,0.011,0.011
06.04.2021 08:31:33.964 GMT-0500,50.832,50.798,0.011,0.011
06.04.2021 08:31:34.199 GMT-0500,50.833000000000006,50.807,0.011,0.011
06.04.2021 08:31:34.249 GMT-0500,50.853,50.807,0.011,0.011
06.04.2021 08:31:34.474 GMT-0500,50.832,50.808,0.011,0.011
06.04.2021 08:31:35.203 GMT-0500,50.832,50.798,0.011,0.011
06.04.2021 08:31:35.474 GMT-0500,50.832,50.798,0.011,0.011
06.04.2021 08:31:35.524 GMT-0500,50.833000000000006,50.807,0.011,0.011
06.04.2021 08:31:35.575 GMT-0500,50.832,50.818000000000005,0.011,0.011
06.04.2021 08:31:35.625 GMT-0500,50.823,50.797,0.011,0.011
06.04.2021 08:31:35.725 GMT-0500,50.832,50.808,0.011,0.011
06.04.2021 08:31:36.244 GMT-0500,50.853,50.807,0.011,0.011
06.04.2021 08:31:36.597 GMT-0500,50.843,50.807,0.0008,0.011
06.04.2021 08:31:36.697 GMT-0500,50.843,50.807,0.011,0.011
06.04.2021 08:31:37.156 GMT-0500,50.842,50.818000000000005,0.011,0.011
06.04.2021 08:31:37.207 GMT-0500,50.853,50.817,0.011,0.011
06.04.2021 08:31:37.446 GMT-0500,50.852,50.808,0.011,0.011
06.04.2021 08:31:38.194 GMT-0500,50.833000000000006,50.807,0.011,0.011
06.04.2021 08:31:38.491 GMT-0500,50.833000000000006,50.797,0.011,0.011
06.04.2021 08:31:39.286 GMT-0500,50.832,50.818000000000005,0.0008,0.0075
06.04.2021 08:31:39.337 GMT-0500,50.852,50.818000000000005,0.011,0.011
06.04.2021 08:31:39.387 GMT-0500,50.852,50.828,0.011,0.011
06.04.2021 08:31:39.437 GMT-0500,50.853,50.817,0.011,0.011
06.04.2021 08:31:39.497 GMT-0500,50.843,50.817,0.011,0.011
06.04.2021 08:31:39.548 GMT-0500,50.852,50.808,0.011,0.011
06.04.2021 08:31:39.632 GMT-0500,50.832,50.808,0.0008,0.011
06.04.2021 08:31:40.083 GMT-0500,50.833000000000006,50.797,0.011,0.011
06.04.2021 08:31:41.215 GMT-0500,50.843,50.797,0.011,0.011
06.04.2021 08:31:42.110 GMT-0500,50.843,50.817,0.011,0.011
06.04.2021 08:31:42.537 GMT-0500,50.853,50.797,0.011,0.011
06.04.2021 08:31:42.938 GMT-0500,50.862,50.798,0.011,0.011
06.04.2021 08:31:42.989 GMT-0500,50.863,50.807,0.011,0.011
06.04.2021 08:31:44.032 GMT-0500,50.863,50.807,0.011,0.011
06.04.2021 08:31:44.465 GMT-0500,50.872,50.828,0.011,0.011
06.04.2021 08:31:44.592 GMT-0500,50.893,50.857,0.011,0.011
06.04.2021 08:31:44.642 GMT-0500,50.891999999999996,50.848000000000006,0.011,0.011
06.04.2021 08:31:45.000 GMT-0500,50.872,50.848000000000006,0.0008,0.0075
06.04.2021 08:31:45.050 GMT-0500,50.883,50.827,0.011,0.011
06.04.2021 08:31:45.100 GMT-0500,50.882,50.838,0.011,0.011
06.04.2021 08:31:45.754 GMT-0500,50.863,50.836999999999996,0.0008,0.0075
06.04.2021 08:31:45.805 GMT-0500,50.863,50.827,0.011,0.011
06.04.2021 08:31:46.316 GMT-0500,50.873000000000005,50.827,0.011,0.011
06.04.2021 08:31:46.718 GMT-0500,50.862,50.828,0.011,0.011
06.04.2021 08:31:47.287 GMT-0500,50.872,50.828,0.011,0.011
06.04.2021 08:31:47.337 GMT-0500,50.842,50.808,0.011,0.011
06.04.2021 08:31:47.766 GMT-0500,50.852,50.808,0.011,0.011
06.04.2021 08:31:47.816 GMT-0500,50.842,50.808,0.011,0.011
06.04.2021 08:31:49.229 GMT-0500,50.843,50.807,0.011,0.011
06.04.2021 08:31:49.280 GMT-0500,50.823,50.787,0.011,0.011
06.04.2021 08:31:49.380 GMT-0500,50.823,50.766999999999996,0.011,0.011
06.04.2021 08:31:50.557 GMT-0500,50.833000000000006,50.766999999999996,0.011,0.011
06.04.2021 08:31:50.607 GMT-0500,50.832,50.788000000000004,0.011,0.011
06.04.2021 08:31:51.433 GMT-0500,50.833000000000006,50.797,0.011,0.011
06.04.2021 08:31:52.187 GMT-0500,50.832,50.788000000000004,0.011,0.011
06.04.2021 08:31:52.238 GMT-0500,50.822,50.788000000000004,0.011,0.011
06.04.2021 08:31:52.401 GMT-0500,50.832,50.788000000000004,0.011,0.011
06.04.2021 08:31:52.569 GMT-0500,50.813,50.766999999999996,0.011,0.011
06.04.2021 08:31:53.173 GMT-0500,50.813,50.787,0.011,0.0075
06.04.2021 08:31:53.223 GMT-0500,50.842,50.808,0.011,0.011
06.04.2021 08:31:53.927 GMT-0500,50.853,50.807,0.011,0.011
06.04.2021 08:31:54.357 GMT-0500,50.853,50.807,0.011,0.011
06.04.2021 08:31:55.496 GMT-0500,50.842,50.818000000000005,0.011,0.011
06.04.2021 08:31:56.361 GMT-0500,50.833000000000006,50.797,0.011,0.011
06.04.2021 08:31:59.361 GMT-0500,50.813,50.787,0.011,0.011
06.04.2021 08:31:59.411 GMT-0500,50.813,50.766999999999996,0.011,0.011
06.04.2021 08:31:59.491 GMT-0500,50.812,50.788000000000004,0.011,0.0075
06.04.2021 08:31:59.541 GMT-0500,50.813,50.766999999999996,0.011,0.011
06.04.2021 08:32:00.176 GMT-0500,50.813,50.777,0.011,0.0075
06.04.2021 08:32:00.226 GMT-0500,50.813,50.766999999999996,0.011,0.011
06.04.2021 08:32:00.591 GMT-0500,50.792,50.748000000000005,0.011,0.011
06.04.2021 08:32:00.804 GMT-0500,50.783,50.747,0.0008,0.011
06.04.2021 08:32:00.854 GMT-0500,50.793000000000006,50.727,0.011,0.011
06.04.2021 08:32:01.432 GMT-0500,50.792,50.728,0.011,0.011
06.04.2021 08:32:01.770 GMT-0500,50.792,50.778000000000006,0.0008,0.0075
06.04.2021 08:32:01.820 GMT-0500,50.813,50.777,0.011,0.011
06.04.2021 08:32:01.870 GMT-0500,50.793000000000006,50.777,0.011,0.011
06.04.2021 08:32:03.357 GMT-0500,50.792,50.758,0.011,0.011
06.04.2021 08:32:04.371 GMT-0500,50.783,50.757,0.0008,0.0075
06.04.2021 08:32:04.421 GMT-0500,50.783,50.737,0.011,0.011
06.04.2021 08:32:05.108 GMT-0500,50.762,50.738,0.0008,0.0075
06.04.2021 08:32:05.159 GMT-0500,50.763000000000005,50.727,0.011,0.011
06.04.2021 08:32:05.209 GMT-0500,50.752,50.718,0.011,0.011
06.04.2021 08:32:05.855 GMT-0500,50.753,50.717,0.011,0.011
06.04.2021 08:32:05.905 GMT-0500,50.753,50.717,0.011,0.011
06.04.2021 08:32:06.473 GMT-0500,50.752,50.728,0.011,0.0075
06.04.2021 08:32:06.523 GMT-0500,50.752,50.718,0.011,0.011
06.04.2021 08:32:08.435 GMT-0500,50.752,50.718,0.011,0.011
06.04.2021 08:32:08.485 GMT-0500,50.742,50.698,0.011,0.011
06.04.2021 08:32:10.167 GMT-0500,50.733000000000004,50.697,0.011,0.011
06.04.2021 08:32:10.443 GMT-0500,50.732,50.688,0.011,0.011
06.04.2021 08:32:10.493 GMT-0500,50.722,50.688,0.011,0.011
06.04.2021 08:32:10.544 GMT-0500,50.722,50.678000000000004,0.011,0.011
06.04.2021 08:32:10.865 GMT-0500,50.723000000000006,50.687,0.011,0.011
06.04.2021 08:32:10.916 GMT-0500,50.722,50.678000000000004,0.011,0.011
06.04.2021 08:32:11.171 GMT-0500,50.711999999999996,50.678000000000004,0.0008,0.011
06.04.2021 08:32:11.272 GMT-0500,50.683,50.657,0.011,0.011
06.04.2021 08:32:12.447 GMT-0500,50.662,50.658,0.0008,0.0075
06.04.2021 08:32:12.497 GMT-0500,50.673,50.637,0.011,0.011
06.04.2021 08:32:12.594 GMT-0500,50.662,50.638000000000005,0.0008,0.011
06.04.2021 08:32:12.706 GMT-0500,50.673,50.647,0.011,0.011
06.04.2021 08:32:12.792 GMT-0500,50.673,50.627,0.011,0.011
06.04.2021 08:32:14.459 GMT-0500,50.672,50.638000000000005,0.011,0.011
06.04.2021 08:32:14.571 GMT-0500,50.672,50.628,0.011,0.011
06.04.2021 08:32:14.621 GMT-0500,50.673,50.637,0.011,0.011
06.04.2021 08:32:15.843 GMT-0500,50.673,50.627,0.011,0.011
06.04.2021 08:32:16.377 GMT-0500,50.672,50.658,0.011,0.0075
06.04.2021 08:32:16.428 GMT-0500,50.672,50.638000000000005,0.011,0.011
06.04.2021 08:32:16.637 GMT-0500,50.672,50.628,0.011,0.011
06.04.2021 08:32:17.004 GMT-0500,50.672,50.618,0.011,0.011
06.04.2021 08:32:17.055 GMT-0500,50.663000000000004,50.617,0.011,0.011
06.04.2021 08:32:17.565 GMT-0500,50.673,50.617,0.011,0.011
06.04.2021 08:32:20.614 GMT-0500,50.693000000000005,50.657,0.011,0.011
06.04.2021 08:32:20.952 GMT-0500,50.683,50.657,0.0008,0.0075
06.04.2021 08:32:21.002 GMT-0500,50.702,50.658,0.011,0.011
06.04.2021 08:32:21.127 GMT-0500,50.702,50.658,0.011,0.011
06.04.2021 08:32:21.254 GMT-0500,50.692,50.648,0.011,0.011
06.04.2021 08:32:21.580 GMT-0500,50.702,50.648,0.011,0.011
06.04.2021 08:32:21.661 GMT-0500,50.683,50.647,0.011,0.011
06.04.2021 08:32:22.089 GMT-0500,50.702,50.648,0.011,0.011
06.04.2021 08:32:22.168 GMT-0500,50.672,50.648,0.011,0.011
06.04.2021 08:32:22.218 GMT-0500,50.672,50.628,0.011,0.011
06.04.2021 08:32:22.499 GMT-0500,50.673,50.647,0.011,0.0075
06.04.2021 08:32:22.549 GMT-0500,50.673,50.627,0.011,0.011
06.04.2021 08:32:22.609 GMT-0500,50.672,50.648,0.011,0.011
06.04.2021 08:32:22.659 GMT-0500,50.673,50.627,0.011,0.011
06.04.2021 08:32:22.710 GMT-0500,50.673,50.617,0.011,0.011
06.04.2021 08:32:22.902 GMT-0500,50.672,50.628,0.011,0.0075
06.04.2021 08:32:24.274 GMT-0500,50.692,50.658,0.011,0.011
06.04.2021 08:32:24.705 GMT-0500,50.693000000000005,50.657,0.011,0.011
06.04.2021 08:32:25.002 GMT-0500,50.683,50.627,0.011,0.011
06.04.2021 08:32:26.531 GMT-0500,50.682,50.638000000000005,0.011,0.011
06.04.2021 08:32:26.632 GMT-0500,50.703,50.667,0.011,0.011
06.04.2021 08:32:27.161 GMT-0500,50.683,50.667,0.0008,0.0075
06.04.2021 08:32:27.211 GMT-0500,50.683,50.657,0.011,0.011
06.04.2021 08:32:27.533 GMT-0500,50.682,50.668000000000006,0.0008,0.0075
06.04.2021 08:32:27.583 GMT-0500,50.702,50.658,0.011,0.011
06.04.2021 08:32:27.634 GMT-0500,50.692,50.658,0.011,0.011
06.04.2021 08:32:27.914 GMT-0500,50.682,50.658,0.0008,0.011
06.04.2021 08:32:28.617 GMT-0500,50.692,50.658,0.011,0.011
06.04.2021 08:32:28.667 GMT-0500,50.711999999999996,50.678000000000004,0.011,0.011
06.04.2021 08:32:28.717 GMT-0500,50.722,50.678000000000004,0.011,0.011
06.04.2021 08:32:28.833 GMT-0500,50.723000000000006,50.667,0.011,0.011
06.04.2021 08:32:28.958 GMT-0500,50.713,50.667,0.011,0.011
06.04.2021 08:32:29.335 GMT-0500,50.713,50.657,0.011,0.011
06.04.2021 08:32:29.789 GMT-0500,50.713,50.667,0.011,0.0075
06.04.2021 08:32:30.281 GMT-0500,50.711999999999996,50.698,0.0008,0.0075
06.04.2021 08:32:30.331 GMT-0500,50.732,50.688,0.011,0.011
06.04.2021 08:32:30.382 GMT-0500,50.733000000000004,50.667,0.011,0.011
06.04.2021 08:32:30.744 GMT-0500,50.733000000000004,50.667,0.011,0.011
06.04.2021 08:32:30.845 GMT-0500,50.722,50.678000000000004,0.011,0.011
06.04.2021 08:32:31.048 GMT-0500,50.733000000000004,50.677,0.011,0.011
06.04.2021 08:32:31.550 GMT-0500,50.732,50.678000000000004,0.011,0.011
06.04.2021 08:32:31.670 GMT-0500,50.723000000000006,50.687,0.011,0.011
06.04.2021 08:32:32.109 GMT-0500,50.723000000000006,50.677,0.011,0.011
06.04.2021 08:32:33.469 GMT-0500,50.693000000000005,50.657,0.011,0.011
06.04.2021 08:32:33.784 GMT-0500,50.703,50.667,0.011,0.011
06.04.2021 08:32:33.834 GMT-0500,50.702,50.668000000000006,0.011,0.011
06.04.2021 08:32:35.187 GMT-0500,50.703,50.687,0.011,0.0075
06.04.2021 08:32:35.311 GMT-0500,50.713,50.697,0.011,0.011
06.04.2021 08:32:35.412 GMT-0500,50.722,50.708000000000006,0.011,0.011
06.04.2021 08:32:35.572 GMT-0500,50.732,50.708000000000006,0.011,0.011
06.04.2021 08:32:35.794 GMT-0500,50.753,50.727,0.011,0.011
06.04.2021 08:32:35.894 GMT-0500,50.733000000000004,50.707,0.011,0.011
06.04.2021 08:32:36.063 GMT-0500,50.733000000000004,50.697,0.011,0.011
06.04.2021 08:32:36.114 GMT-0500,50.732,50.678000000000004,0.011,0.011
06.04.2021 08:32:36.260 GMT-0500,50.722,50.678000000000004,0.0008,0.0075
06.04.2021 08:32:36.311 GMT-0500,50.722,50.668000000000006,0.011,0.011
06.04.2021 08:32:37.605 GMT-0500,50.702,50.628,0.011,0.011
06.04.2021 08:32:37.731 GMT-0500,50.702,50.648,0.011,0.011
06.04.2021 08:32:38.060 GMT-0500,50.702,50.648,0.011,0.011
06.04.2021 08:32:38.232 GMT-0500,50.692,50.658,0.0008,0.0075
06.04.2021 08:32:38.282 GMT-0500,50.692,50.638000000000005,0.011,0.011
06.04.2021 08:32:38.333 GMT-0500,50.702,50.638000000000005,0.011,0.011
06.04.2021 08:32:38.597 GMT-0500,50.683,50.627,0.011,0.011
06.04.2021 08:32:38.784 GMT-0500,50.683,50.637,0.011,0.0075
06.04.2021 08:32:38.835 GMT-0500,50.682,50.638000000000005,0.011,0.011
06.04.2021 08:32:38.964 GMT-0500,50.682,50.618,0.011,0.011
06.04.2021 08:32:39.269 GMT-0500,50.672,50.618,0.011,0.011
06.04.2021 08:32:39.385 GMT-0500,50.662,50.618,0.0008,0.0075
06.04.2021 08:32:39.435 GMT-0500,50.662,50.608000000000004,0.011,0.011
06.04.2021 08:32:39.706 GMT-0500,50.652,50.608000000000004,0.0008,0.011
06.04.2021 08:32:39.807 GMT-0500,50.663000000000004,50.617,0.011,0.011
06.04.2021 08:32:40.131 GMT-0500,50.662,50.628,0.011,0.011
06.04.2021 08:32:40.181 GMT-0500,50.663000000000004,50.617,0.011,0.011
06.04.2021 08:32:40.602 GMT-0500,50.652,50.618,0.0008,0.011
06.04.2021 08:32:40.764 GMT-0500,50.662,50.618,0.011,0.011
06.04.2021 08:32:41.849 GMT-0500,50.662,50.608000000000004,0.011,0.011
06.04.2021 08:32:41.900 GMT-0500,50.653000000000006,50.607,0.011,0.011
06.04.2021 08:32:42.164 GMT-0500,50.662,50.608000000000004,0.011,0.011
06.04.2021 08:32:42.427 GMT-0500,50.663000000000004,50.627,0.011,0.011
06.04.2021 08:32:42.478 GMT-0500,50.662,50.618,0.011,0.011
06.04.2021 08:32:42.578 GMT-0500,50.662,50.648,0.011,0.011
06.04.2021 08:32:42.903 GMT-0500,50.682,50.648,0.011,0.011
06.04.2021 08:32:42.954 GMT-0500,50.673,50.647,0.011,0.011
06.04.2021 08:32:44.127 GMT-0500,50.662,50.618,0.011,0.011
06.04.2021 08:32:44.227 GMT-0500,50.662,50.608000000000004,0.011,0.011
06.04.2021 08:32:44.635 GMT-0500,50.653000000000006,50.607,0.011,0.011
06.04.2021 08:32:45.262 GMT-0500,50.653000000000006,50.617,0.011,0.011
06.04.2021 08:32:45.649 GMT-0500,50.662,50.628,0.011,0.011
06.04.2021 08:32:46.824 GMT-0500,50.663000000000004,50.617,0.011,0.011
06.04.2021 08:32:46.875 GMT-0500,50.662,50.638000000000005,0.011,0.011
06.04.2021 08:32:46.925 GMT-0500,50.663000000000004,50.617,0.011,0.011
06.04.2021 08:32:46.976 GMT-0500,50.662,50.638000000000005,0.011,0.011
06.04.2021 08:32:47.645 GMT-0500,50.672,50.638000000000005,0.011,0.011
06.04.2021 08:32:47.996 GMT-0500,50.693000000000005,50.637,0.011,0.011
06.04.2021 08:32:48.047 GMT-0500,50.693000000000005,50.657,0.011,0.011
06.04.2021 08:32:48.287 GMT-0500,50.692,50.648,0.011,0.011
06.04.2021 08:32:49.444 GMT-0500,50.693000000000005,50.637,0.011,0.011
06.04.2021 08:32:49.743 GMT-0500,50.692,50.638000000000005,0.011,0.011
06.04.2021 08:32:50.368 GMT-0500,50.682,50.648,0.011,0.011
06.04.2021 08:32:50.418 GMT-0500,50.683,50.637,0.011,0.011
06.04.2021 08:32:52.469 GMT-0500,50.682,50.648,0.011,0.011
06.04.2021 08:32:52.862 GMT-0500,50.683,50.657,0.011,0.0075
06.04.2021 08:32:52.912 GMT-0500,50.723000000000006,50.697,0.011,0.011
06.04.2021 08:32:53.007 GMT-0500,50.732,50.698,0.011,0.011
06.04.2021 08:32:53.685 GMT-0500,50.732,50.688,0.011,0.011
06.04.2021 08:32:54.511 GMT-0500,50.732,50.698,0.011,0.011
06.04.2021 08:32:54.561 GMT-0500,50.732,50.688,0.011,0.011
06.04.2021 08:32:54.795 GMT-0500,50.732,50.698,0.011,0.011
06.04.2021 08:32:54.846 GMT-0500,50.732,50.688,0.011,0.011
06.04.2021 08:32:55.027 GMT-0500,50.732,50.698,0.011,0.011
06.04.2021 08:32:55.078 GMT-0500,50.733000000000004,50.687,0.011,0.011
06.04.2021 08:32:55.940 GMT-0500,50.733000000000004,50.687,0.011,0.011
06.04.2021 08:32:56.070 GMT-0500,50.753,50.707,0.011,0.011
06.04.2021 08:32:56.121 GMT-0500,50.753,50.707,0.011,0.011
06.04.2021 08:32:57.468 GMT-0500,50.752,50.728,0.011,0.011
06.04.2021 08:32:57.519 GMT-0500,50.752,50.708000000000006,0.011,0.011
06.04.2021 08:32:57.569 GMT-0500,50.752,50.718,0.011,0.011
06.04.2021 08:32:57.620 GMT-0500,50.752,50.708000000000006,0.011,0.011
06.04.2021 08:32:57.759 GMT-0500,50.753,50.717,0.011,0.011
06.04.2021 08:32:57.860 GMT-0500,50.783,50.737,0.011,0.011
06.04.2021 08:32:57.932 GMT-0500,50.782,50.738,0.011,0.011
06.04.2021 08:32:58.524 GMT-0500,50.773,50.727,0.011,0.011
06.04.2021 08:32:58.882 GMT-0500,50.763000000000005,50.727,0.0008,0.0075
06.04.2021 08:32:58.932 GMT-0500,50.773,50.717,0.011,0.011
06.04.2021 08:32:59.594 GMT-0500,50.772,50.718,0.011,0.011
06.04.2021 08:32:59.644 GMT-0500,50.762,50.708000000000006,0.011,0.011
06.04.2021 08:32:59.694 GMT-0500,50.763000000000005,50.717,0.011,0.011
06.04.2021 08:32:59.745 GMT-0500,50.763000000000005,50.707,0.011,0.011
06.04.2021 08:32:59.795 GMT-0500,50.772,50.728,0.011,0.011
06.04.2021 08:33:00.096 GMT-0500,50.772,50.748000000000005,0.011,0.0075
06.04.2021 08:33:00.146 GMT-0500,50.772,50.728,0.011,0.011
06.04.2021 08:33:00.833 GMT-0500,50.772,50.738,0.011,0.0075
06.04.2021 08:33:00.933 GMT-0500,50.772,50.728,0.011,0.011
06.04.2021 08:33:01.175 GMT-0500,50.773,50.737,0.011,0.0075
06.04.2021 08:33:01.332 GMT-0500,50.773,50.737,0.011,0.011
06.04.2021 08:33:01.382 GMT-0500,50.773,50.737,0.011,0.011
06.04.2021 08:33:01.538 GMT-0500,50.772,50.728,0.011,0.011
06.04.2021 08:33:02.049 GMT-0500,50.772,50.738,0.011,0.0075
06.04.2021 08:33:02.099 GMT-0500,50.773,50.727,0.011,0.011
06.04.2021 08:33:02.591 GMT-0500,50.773,50.737,0.011,0.0075
06.04.2021 08:33:02.641 GMT-0500,50.773,50.727,0.011,0.011
06.04.2021 08:33:02.692 GMT-0500,50.762,50.718,0.011,0.011
06.04.2021 08:33:03.119 GMT-0500,50.743,50.717,0.0008,0.011
06.04.2021 08:33:03.170 GMT-0500,50.773,50.747,0.011,0.011
06.04.2021 08:33:03.750 GMT-0500,50.782,50.758,0.011,0.011
06.04.2021 08:33:03.958 GMT-0500,50.782,50.748000000000005,0.011,0.011
06.04.2021 08:33:05.410 GMT-0500,50.782,50.758,0.011,0.011
06.04.2021 08:33:05.461 GMT-0500,50.783,50.747,0.011,0.011
06.04.2021 08:33:06.437 GMT-0500,50.783,50.737,0.011,0.011
06.04.2021 08:33:06.952 GMT-0500,50.782,50.738,0.011,0.011
06.04.2021 08:33:07.109 GMT-0500,50.783,50.747,0.011,0.011
06.04.2021 08:33:07.159 GMT-0500,50.782,50.738,0.011,0.011
06.04.2021 08:33:07.362 GMT-0500,50.803000000000004,50.737,0.011,0.011
06.04.2021 08:33:07.413 GMT-0500,50.803000000000004,50.757,0.011,0.011
06.04.2021 08:33:07.615 GMT-0500,50.803000000000004,50.747,0.011,0.011
06.04.2021 08:33:09.056 GMT-0500,50.802,50.748000000000005,0.011,0.011
06.04.2021 08:33:09.106 GMT-0500,50.823,50.747,0.011,0.011
06.04.2021 08:33:09.173 GMT-0500,50.822,50.748000000000005,0.011,0.011
06.04.2021 08:33:09.419 GMT-0500,50.822,50.768,0.011,0.011
06.04.2021 08:33:09.633 GMT-0500,50.822,50.758,0.011,0.011
06.04.2021 08:33:09.950 GMT-0500,50.822,50.768,0.011,0.011
06.04.2021 08:33:10.000 GMT-0500,50.822,50.758,0.011,0.011
06.04.2021 08:33:10.086 GMT-0500,50.822,50.768,0.011,0.0075
06.04.2021 08:33:10.136 GMT-0500,50.823,50.757,0.011,0.011
06.04.2021 08:33:10.186 GMT-0500,50.822,50.768,0.011,0.011
06.04.2021 08:33:10.506 GMT-0500,50.822,50.758,0.011,0.011
06.04.2021 08:33:10.556 GMT-0500,50.822,50.768,0.011,0.011
06.04.2021 08:33:10.607 GMT-0500,50.822,50.758,0.011,0.011
06.04.2021 08:33:10.657 GMT-0500,50.823,50.766999999999996,0.011,0.011
06.04.2021 08:33:10.707 GMT-0500,50.822,50.758,0.011,0.011
06.04.2021 08:33:11.250 GMT-0500,50.812,50.748000000000005,0.011,0.011
06.04.2021 08:33:11.460 GMT-0500,50.793000000000006,50.747,0.011,0.011
06.04.2021 08:33:11.914 GMT-0500,50.793000000000006,50.747,0.011,0.011
06.04.2021 08:33:11.964 GMT-0500,50.793000000000006,50.747,0.011,0.011
06.04.2021 08:33:12.056 GMT-0500,50.792,50.758,0.011,0.0075
06.04.2021 08:33:12.432 GMT-0500,50.782,50.738,0.011,0.011
06.04.2021 08:33:12.661 GMT-0500,50.762,50.738,0.0008,0.011
06.04.2021 08:33:12.761 GMT-0500,50.783,50.737,0.011,0.011
06.04.2021 08:33:13.631 GMT-0500,50.772,50.738,0.0008,0.011
06.04.2021 08:33:13.961 GMT-0500,50.762,50.738,0.0008,0.011
06.04.2021 08:33:14.062 GMT-0500,50.773,50.737,0.011,0.011
06.04.2021 08:33:14.233 GMT-0500,50.762,50.738,0.011,0.011
06.04.2021 08:33:14.345 GMT-0500,50.762,50.728,0.011,0.011
06.04.2021 08:33:15.113 GMT-0500,50.752,50.728,0.0008,0.011
06.04.2021 08:33:15.264 GMT-0500,50.732,50.708000000000006,0.011,0.011
06.04.2021 08:33:15.314 GMT-0500,50.733000000000004,50.697,0.011,0.011
06.04.2021 08:33:15.365 GMT-0500,50.743,50.717,0.011,0.011
06.04.2021 08:33:15.465 GMT-0500,50.762,50.728,0.011,0.011
06.04.2021 08:33:15.516 GMT-0500,50.752,50.718,0.011,0.011
06.04.2021 08:33:15.885 GMT-0500,50.753,50.717,0.011,0.011
06.04.2021 08:33:15.985 GMT-0500,50.752,50.718,0.011,0.011
06.04.2021 08:33:16.635 GMT-0500,50.753,50.727,0.011,0.011
06.04.2021 08:33:16.738 GMT-0500,50.752,50.718,0.011,0.011
06.04.2021 08:33:17.722 GMT-0500,50.752,50.738,0.011,0.011
06.04.2021 08:33:17.773 GMT-0500,50.772,50.748000000000005,0.011,0.011
06.04.2021 08:33:18.801 GMT-0500,50.773,50.737,0.011,0.011
06.04.2021 08:33:21.065 GMT-0500,50.772,50.718,0.011,0.011
06.04.2021 08:33:21.116 GMT-0500,50.763000000000005,50.717,0.011,0.011
06.04.2021 08:33:21.264 GMT-0500,50.762,50.728,0.011,0.011
06.04.2021 08:33:21.566 GMT-0500,50.773,50.727,0.011,0.011
06.04.2021 08:33:21.721 GMT-0500,50.773,50.747,0.011,0.011
06.04.2021 08:33:22.157 GMT-0500,50.773,50.717,0.011,0.011
06.04.2021 08:33:22.207 GMT-0500,50.753,50.717,0.011,0.011
06.04.2021 08:33:22.754 GMT-0500,50.753,50.697,0.011,0.011
06.04.2021 08:33:23.520 GMT-0500,50.753,50.697,0.011,0.011
06.04.2021 08:33:23.570 GMT-0500,50.753,50.697,0.011,0.011
06.04.2021 08:33:23.781 GMT-0500,50.752,50.718,0.011,0.011
06.04.2021 08:33:23.831 GMT-0500,50.752,50.708000000000006,0.011,0.011
06.04.2021 08:33:24.294 GMT-0500,50.753,50.697,0.011,0.011
06.04.2021 08:33:25.056 GMT-0500,50.743,50.697,0.0008,0.011
06.04.2021 08:33:25.631 GMT-0500,50.733000000000004,50.697,0.011,0.011
06.04.2021 08:33:25.732 GMT-0500,50.753,50.707,0.011,0.011
06.04.2021 08:33:25.855 GMT-0500,50.742,50.708000000000006,0.0008,0.011
06.04.2021 08:33:25.906 GMT-0500,50.752,50.708000000000006,0.011,0.011
06.04.2021 08:33:25.964 GMT-0500,50.743,50.707,0.011,0.011
06.04.2021 08:33:26.459 GMT-0500,50.772,50.728,0.011,0.011
06.04.2021 08:33:26.819 GMT-0500,50.772,50.718,0.011,0.011
06.04.2021 08:33:26.869 GMT-0500,50.752,50.718,0.011,0.011
06.04.2021 08:33:27.646 GMT-0500,50.743,50.717,0.011,0.011
06.04.2021 08:33:27.796 GMT-0500,50.732,50.708000000000006,0.011,0.011
06.04.2021 08:33:27.961 GMT-0500,50.732,50.698,0.011,0.011
06.04.2021 08:33:28.012 GMT-0500,50.723000000000006,50.697,0.011,0.011
06.04.2021 08:33:28.062 GMT-0500,50.732,50.698,0.011,0.011
06.04.2021 08:33:28.162 GMT-0500,50.742,50.688,0.011,0.011
06.04.2021 08:33:28.530 GMT-0500,50.732,50.688,0.0008,0.011
06.04.2021 08:33:28.580 GMT-0500,50.742,50.688,0.011,0.011
06.04.2021 08:33:28.769 GMT-0500,50.742,50.688,0.011,0.011
06.04.2021 08:33:28.819 GMT-0500,50.742,50.688,0.011,0.011
06.04.2021 08:33:28.888 GMT-0500,50.743,50.687,0.011,0.011
06.04.2021 08:33:28.939 GMT-0500,50.743,50.697,0.011,0.011
06.04.2021 08:33:29.155 GMT-0500,50.742,50.698,0.011,0.011
06.04.2021 08:33:30.282 GMT-0500,50.743,50.697,0.011,0.011
06.04.2021 08:33:30.332 GMT-0500,50.732,50.688,0.011,0.011
06.04.2021 08:33:30.400 GMT-0500,50.733000000000004,50.687,0.011,0.011
06.04.2021 08:33:30.612 GMT-0500,50.722,50.688,0.011,0.011
06.04.2021 08:33:31.940 GMT-0500,50.733000000000004,50.697,0.011,0.011
06.04.2021 08:33:31.990 GMT-0500,50.732,50.688,0.011,0.011
06.04.2021 08:33:32.041 GMT-0500,50.732,50.698,0.011,0.011
06.04.2021 08:33:32.416 GMT-0500,50.752,50.698,0.011,0.011
06.04.2021 08:33:32.466 GMT-0500,50.753,50.707,0.011,0.011
06.04.2021 08:33:32.650 GMT-0500,50.743,50.707,0.011,0.0075
06.04.2021 08:33:33.231 GMT-0500,50.742,50.708000000000006,0.011,0.011
06.04.2021 08:33:33.931 GMT-0500,50.743,50.727,0.0008,0.0075
06.04.2021 08:33:33.981 GMT-0500,50.753,50.727,0.011,0.011
06.04.2021 08:33:34.612 GMT-0500,50.752,50.718,0.011,0.011
06.04.2021 08:33:34.663 GMT-0500,50.742,50.718,0.011,0.011
06.04.2021 08:33:34.713 GMT-0500,50.742,50.708000000000006,0.011,0.011
06.04.2021 08:33:36.008 GMT-0500,50.733000000000004,50.707,0.011,0.011
06.04.2021 08:33:36.058 GMT-0500,50.733000000000004,50.697,0.011,0.011
06.04.2021 08:33:36.416 GMT-0500,50.733000000000004,50.707,0.011,0.0075
06.04.2021 08:33:36.524 GMT-0500,50.733000000000004,50.717,0.0008,0.0075
06.04.2021 08:33:36.574 GMT-0500,50.742,50.718,0.011,0.011
06.04.2021 08:33:36.810 GMT-0500,50.753,50.717,0.011,0.011
06.04.2021 08:33:36.910 GMT-0500,50.763000000000005,50.727,0.011,0.011
06.04.2021 08:33:37.231 GMT-0500,50.762,50.718,0.011,0.011
06.04.2021 08:33:37.282 GMT-0500,50.752,50.718,0.011,0.011
06.04.2021 08:33:38.343 GMT-0500,50.752,50.718,0.011,0.011
06.04.2021 08:33:40.535 GMT-0500,50.762,50.728,0.011,0.011
06.04.2021 08:33:40.813 GMT-0500,50.763000000000005,50.707,0.011,0.011
06.04.2021 08:33:40.864 GMT-0500,50.752,50.708000000000006,0.011,0.011
06.04.2021 08:33:40.964 GMT-0500,50.743,50.707,0.011,0.011
06.04.2021 08:33:41.289 GMT-0500,50.752,50.708000000000006,0.011,0.011
06.04.2021 08:33:41.340 GMT-0500,50.733000000000004,50.697,0.011,0.011
06.04.2021 08:33:41.477 GMT-0500,50.732,50.708000000000006,0.011,0.0075
06.04.2021 08:33:41.902 GMT-0500,50.722,50.708000000000006,0.0008,0.0075
06.04.2021 08:33:41.953 GMT-0500,50.711999999999996,50.688,0.011,0.011
06.04.2021 08:33:42.255 GMT-0500,50.723000000000006,50.687,0.011,0.011
06.04.2021 08:33:42.320 GMT-0500,50.733000000000004,50.687,0.011,0.011
06.04.2021 08:33:42.371 GMT-0500,50.732,50.698,0.011,0.011
06.04.2021 08:33:42.511 GMT-0500,50.723000000000006,50.697,0.011,0.011
06.04.2021 08:33:43.088 GMT-0500,50.723000000000006,50.687,0.011,0.011
06.04.2021 08:33:43.203 GMT-0500,50.723000000000006,50.697,0.011,0.0075
06.04.2021 08:33:43.482 GMT-0500,50.711999999999996,50.698,0.011,0.011
06.04.2021 08:33:43.876 GMT-0500,50.713,50.687,0.011,0.011
06.04.2021 08:33:44.432 GMT-0500,50.703,50.687,0.011,0.011
06.04.2021 08:33:44.552 GMT-0500,50.711999999999996,50.688,0.011,0.011
06.04.2021 08:33:45.831 GMT-0500,50.713,50.697,0.011,0.011
06.04.2021 08:33:45.970 GMT-0500,50.722,50.698,0.011,0.011
06.04.2021 08:33:46.070 GMT-0500,50.732,50.698,0.011,0.011
06.04.2021 08:33:46.463 GMT-0500,50.722,50.698,0.0008,0.011
06.04.2021 08:33:47.276 GMT-0500,50.743,50.707,0.011,0.011
06.04.2021 08:33:47.377 GMT-0500,50.733000000000004,50.707,0.011,0.011
06.04.2021 08:33:47.478 GMT-0500,50.742,50.708000000000006,0.011,0.011
06.04.2021 08:33:47.625 GMT-0500,50.742,50.698,0.011,0.011
06.04.2021 08:33:47.676 GMT-0500,50.742,50.708000000000006,0.011,0.011
06.04.2021 08:33:48.200 GMT-0500,50.753,50.707,0.011,0.011
06.04.2021 08:33:48.388 GMT-0500,50.763000000000005,50.717,0.011,0.011
06.04.2021 08:33:48.678 GMT-0500,50.752,50.728,0.0008,0.011
06.04.2021 08:33:49.167 GMT-0500,50.762,50.728,0.011,0.011
06.04.2021 08:33:49.329 GMT-0500,50.763000000000005,50.727,0.011,0.011
06.04.2021 08:33:49.429 GMT-0500,50.753,50.717,0.011,0.011
06.04.2021 08:33:49.949 GMT-0500,50.753,50.727,0.011,0.0075
06.04.2021 08:33:50.610 GMT-0500,50.773,50.747,0.011,0.011
06.04.2021 08:33:50.786 GMT-0500,50.792,50.768,0.011,0.011
06.04.2021 08:33:50.938 GMT-0500,50.792,50.758,0.011,0.011
06.04.2021 08:33:51.435 GMT-0500,50.773,50.747,0.011,0.011
06.04.2021 08:33:51.628 GMT-0500,50.753,50.727,0.011,0.011
06.04.2021 08:33:51.728 GMT-0500,50.762,50.728,0.011,0.011
06.04.2021 08:33:51.778 GMT-0500,50.763000000000005,50.737,0.011,0.011
06.04.2021 08:33:52.106 GMT-0500,50.753,50.727,0.011,0.011
06.04.2021 08:33:52.423 GMT-0500,50.733000000000004,50.707,0.011,0.011
06.04.2021 08:33:52.473 GMT-0500,50.743,50.707,0.011,0.011
06.04.2021 08:33:52.523 GMT-0500,50.752,50.728,0.011,0.011
06.04.2021 08:33:52.771 GMT-0500,50.752,50.748000000000005,0.0008,0.0075
06.04.2021 08:33:52.822 GMT-0500,50.773,50.747,0.011,0.011
06.04.2021 08:33:53.452 GMT-0500,50.782,50.748000000000005,0.011,0.011
06.04.2021 08:33:55.393 GMT-0500,50.753,50.747,0.0008,0.0075
06.04.2021 08:33:55.443 GMT-0500,50.753,50.727,0.011,0.011
06.04.2021 08:33:55.606 GMT-0500,50.753,50.717,0.011,0.011
06.04.2021 08:33:55.704 GMT-0500,50.752,50.718,0.011,0.011
06.04.2021 08:33:55.987 GMT-0500,50.772,50.738,0.011,0.011
06.04.2021 08:33:56.652 GMT-0500,50.783,50.757,0.011,0.011
06.04.2021 08:33:56.702 GMT-0500,50.782,50.758,0.011,0.011
06.04.2021 08:33:57.612 GMT-0500,50.783,50.777,0.0008,0.0075
06.04.2021 08:33:57.663 GMT-0500,50.822,50.808,0.011,0.011
06.04.2021 08:33:57.768 GMT-0500,50.852,50.808,0.011,0.011
06.04.2021 08:33:57.819 GMT-0500,50.832,50.818000000000005,0.011,0.011
06.04.2021 08:33:57.869 GMT-0500,50.822,50.808,0.011,0.011
06.04.2021 08:33:57.919 GMT-0500,50.832,50.808,0.011,0.011
06.04.2021 08:33:58.104 GMT-0500,50.823,50.787,0.011,0.011
06.04.2021 08:33:58.653 GMT-0500,50.793000000000006,50.777,0.011,0.011
06.04.2021 08:33:58.755 GMT-0500,50.792,50.768,0.011,0.011
06.04.2021 08:33:58.915 GMT-0500,50.792,50.778000000000006,0.0008,0.0075
06.04.2021 08:33:58.966 GMT-0500,50.812,50.778000000000006,0.011,0.011
06.04.2021 08:34:00.016 GMT-0500,50.803000000000004,50.777,0.011,0.011
06.04.2021 08:34:00.168 GMT-0500,50.803000000000004,50.766999999999996,0.011,0.011
06.04.2021 08:34:00.273 GMT-0500,50.803000000000004,50.777,0.011,0.0075
06.04.2021 08:34:00.979 GMT-0500,50.792,50.778000000000006,0.0008,0.0075
06.04.2021 08:34:01.030 GMT-0500,50.792,50.768,0.011,0.011
06.04.2021 08:34:01.166 GMT-0500,50.792,50.768,0.011,0.011
06.04.2021 08:34:01.217 GMT-0500,50.782,50.758,0.011,0.011
06.04.2021 08:34:01.991 GMT-0500,50.793000000000006,50.766999999999996,0.011,0.011
06.04.2021 08:34:02.704 GMT-0500,50.792,50.758,0.011,0.011
06.04.2021 08:34:02.754 GMT-0500,50.782,50.758,0.011,0.011
06.04.2021 08:34:02.972 GMT-0500,50.783,50.757,0.011,0.011
06.04.2021 08:34:03.073 GMT-0500,50.793000000000006,50.757,0.011,0.011
06.04.2021 08:34:03.433 GMT-0500,50.793000000000006,50.766999999999996,0.011,0.011
06.04.2021 08:34:03.642 GMT-0500,50.792,50.758,0.011,0.011
06.04.2021 08:34:03.693 GMT-0500,50.782,50.758,0.011,0.011
06.04.2021 08:34:03.803 GMT-0500,50.772,50.758,0.0008,0.011
06.04.2021 08:34:04.147 GMT-0500,50.782,50.748000000000005,0.011,0.011
06.04.2021 08:34:04.288 GMT-0500,50.782,50.748000000000005,0.011,0.011
06.04.2021 08:34:04.339 GMT-0500,50.783,50.747,0.011,0.011
06.04.2021 08:34:04.389 GMT-0500,50.793000000000006,50.766999999999996,0.011,0.011
06.04.2021 08:34:04.496 GMT-0500,50.783,50.757,0.011,0.011
06.04.2021 08:34:04.824 GMT-0500,50.783,50.757,0.011,0.011
06.04.2021 08:34:04.874 GMT-0500,50.782,50.758,0.011,0.011
06.04.2021 08:34:05.658 GMT-0500,50.783,50.747,0.011,0.011
06.04.2021 08:34:05.788 GMT-0500,50.773,50.747,0.011,0.011
06.04.2021 08:34:05.838 GMT-0500,50.783,50.747,0.011,0.011
06.04.2021 08:34:06.398 GMT-0500,50.783,50.757,0.011,0.0075
06.04.2021 08:34:06.594 GMT-0500,50.802,50.758,0.011,0.011
06.04.2021 08:34:06.644 GMT-0500,50.802,50.778000000000006,0.011,0.011
06.04.2021 08:34:06.769 GMT-0500,50.813,50.777,0.011,0.011
06.04.2021 08:34:06.819 GMT-0500,50.822,50.798,0.011,0.011
06.04.2021 08:34:06.973 GMT-0500,50.832,50.798,0.011,0.011
06.04.2021 08:34:07.338 GMT-0500,50.832,50.798,0.011,0.011
06.04.2021 08:34:07.498 GMT-0500,50.803000000000004,50.798,0.0008,0.0075
06.04.2021 08:34:07.548 GMT-0500,50.823,50.777,0.011,0.011
06.04.2021 08:34:07.599 GMT-0500,50.833000000000006,50.777,0.011,0.011
06.04.2021 08:34:07.649 GMT-0500,50.832,50.788000000000004,0.011,0.011
06.04.2021 08:34:07.940 GMT-0500,50.833000000000006,50.797,0.011,0.0075
06.04.2021 08:34:08.639 GMT-0500,50.832,50.788000000000004,0.011,0.011
06.04.2021 08:34:08.689 GMT-0500,50.832,50.788000000000004,0.011,0.011
06.04.2021 08:34:09.017 GMT-0500,50.833000000000006,50.787,0.011,0.011
06.04.2021 08:34:09.156 GMT-0500,50.812,50.778000000000006,0.011,0.011
06.04.2021 08:34:09.328 GMT-0500,50.813,50.787,0.0008,0.011
06.04.2021 08:34:09.378 GMT-0500,50.833000000000006,50.787,0.011,0.011
06.04.2021 08:34:10.385 GMT-0500,50.822,50.788000000000004,0.011,0.011
06.04.2021 08:34:10.435 GMT-0500,50.832,50.788000000000004,0.011,0.011
06.04.2021 08:34:10.486 GMT-0500,50.822,50.788000000000004,0.011,0.011
06.04.2021 08:34:10.588 GMT-0500,50.803000000000004,50.766999999999996,0.011,0.011
06.04.2021 08:34:10.638 GMT-0500,50.813,50.766999999999996,0.011,0.011
06.04.2021 08:34:10.932 GMT-0500,50.813,50.766999999999996,0.011,0.011
06.04.2021 08:34:10.982 GMT-0500,50.813,50.766999999999996,0.011,0.011
06.04.2021 08:34:11.060 GMT-0500,50.812,50.768,0.011,0.011
06.04.2021 08:34:11.265 GMT-0500,50.773,50.747,0.011,0.011
06.04.2021 08:34:11.932 GMT-0500,50.793000000000006,50.757,0.011,0.011
06.04.2021 08:34:12.276 GMT-0500,50.792,50.768,0.011,0.011
06.04.2021 08:34:12.666 GMT-0500,50.793000000000006,50.777,0.0008,0.0075
06.04.2021 08:34:12.716 GMT-0500,50.813,50.787,0.011,0.011
06.04.2021 08:34:12.904 GMT-0500,50.813,50.777,0.011,0.011
06.04.2021 08:34:13.310 GMT-0500,50.823,50.797,0.011,0.011
06.04.2021 08:34:13.750 GMT-0500,50.843,50.817,0.011,0.011
06.04.2021 08:34:15.125 GMT-0500,50.843,50.807,0.011,0.011
06.04.2021 08:34:15.209 GMT-0500,50.833000000000006,50.807,0.0008,0.011
06.04.2021 08:34:15.597 GMT-0500,50.842,50.808,0.011,0.011
06.04.2021 08:34:15.905 GMT-0500,50.843,50.807,0.011,0.011
06.04.2021 08:34:15.955 GMT-0500,50.853,50.807,0.011,0.011
06.04.2021 08:34:16.268 GMT-0500,50.862,50.818000000000005,0.011,0.011
06.04.2021 08:34:16.388 GMT-0500,50.863,50.836999999999996,0.011,0.011
06.04.2021 08:34:16.662 GMT-0500,50.853,50.836999999999996,0.0008,0.011
06.04.2021 08:34:16.927 GMT-0500,50.872,50.848000000000006,0.011,0.011
06.04.2021 08:34:17.081 GMT-0500,50.863,50.836999999999996,0.0008,0.011
06.04.2021 08:34:17.357 GMT-0500,50.863,50.827,0.011,0.011
06.04.2021 08:34:17.772 GMT-0500,50.853,50.827,0.011,0.011
06.04.2021 08:34:17.911 GMT-0500,50.843,50.817,0.011,0.011
06.04.2021 08:34:18.420 GMT-0500,50.852,50.818000000000005,0.011,0.011
06.04.2021 08:34:18.572 GMT-0500,50.852,50.828,0.011,0.011
06.04.2021 08:34:18.723 GMT-0500,50.862,50.838,0.011,0.011
06.04.2021 08:34:19.173 GMT-0500,50.863,50.827,0.011,0.011
06.04.2021 08:34:19.251 GMT-0500,50.842,50.828,0.011,0.011
06.04.2021 08:34:19.637 GMT-0500,50.843,50.817,0.011,0.011
06.04.2021 08:34:20.076 GMT-0500,50.862,50.838,0.011,0.011
06.04.2021 08:34:20.127 GMT-0500,50.872,50.838,0.011,0.011
06.04.2021 08:34:20.177 GMT-0500,50.873000000000005,50.847,0.011,0.011
06.04.2021 08:34:20.257 GMT-0500,50.882,50.848000000000006,0.011,0.011
06.04.2021 08:34:20.307 GMT-0500,50.872,50.848000000000006,0.011,0.011
06.04.2021 08:34:20.358 GMT-0500,50.883,50.847,0.011,0.011
06.04.2021 08:34:20.657 GMT-0500,50.873000000000005,50.847,0.011,0.011
06.04.2021 08:34:20.789 GMT-0500,50.862,50.838,0.011,0.011
06.04.2021 08:34:20.910 GMT-0500,50.872,50.838,0.011,0.011
06.04.2021 08:34:21.073 GMT-0500,50.872,50.848000000000006,0.011,0.0075
06.04.2021 08:34:21.174 GMT-0500,50.883,50.847,0.011,0.011
06.04.2021 08:34:21.351 GMT-0500,50.872,50.848000000000006,0.0008,0.011
06.04.2021 08:34:21.905 GMT-0500,50.882,50.848000000000006,0.011,0.011
06.04.2021 08:34:22.057 GMT-0500,50.882,50.848000000000006,0.011,0.011
06.04.2021 08:34:22.208 GMT-0500,50.883,50.857,0.011,0.011
06.04.2021 08:34:22.351 GMT-0500,50.893,50.867,0.011,0.011
06.04.2021 08:34:22.725 GMT-0500,50.903000000000006,50.867,0.011,0.011
06.04.2021 08:34:22.775 GMT-0500,50.891999999999996,50.868,0.011,0.011
06.04.2021 08:34:22.825 GMT-0500,50.903000000000006,50.867,0.011,0.011
06.04.2021 08:34:22.884 GMT-0500,50.893,50.867,0.0008,0.011
06.04.2021 08:34:23.178 GMT-0500,50.903000000000006,50.867,0.011,0.011
06.04.2021 08:34:23.358 GMT-0500,50.903000000000006,50.867,0.011,0.011
06.04.2021 08:34:24.139 GMT-0500,50.903000000000006,50.887,0.011,0.011
06.04.2021 08:34:24.189 GMT-0500,50.923,50.897,0.011,0.011
06.04.2021 08:34:24.290 GMT-0500,50.923,50.887,0.011,0.011
06.04.2021 08:34:24.352 GMT-0500,50.922,50.888000000000005,0.011,0.011
06.04.2021 08:34:24.528 GMT-0500,50.913000000000004,50.887,0.011,0.011
06.04.2021 08:34:24.628 GMT-0500,50.913000000000004,50.887,0.011,0.011
06.04.2021 08:34:24.941 GMT-0500,50.922,50.888000000000005,0.011,0.011
06.04.2021 08:34:25.377 GMT-0500,50.912,50.878,0.011,0.011
06.04.2021 08:34:26.143 GMT-0500,50.902,50.878,0.0008,0.011
06.04.2021 08:34:26.802 GMT-0500,50.891999999999996,50.878,0.0008,0.0075
06.04.2021 08:34:26.852 GMT-0500,50.891999999999996,50.858000000000004,0.011,0.011
06.04.2021 08:34:26.952 GMT-0500,50.891999999999996,50.868,0.011,0.011
06.04.2021 08:34:27.117 GMT-0500,50.893,50.857,0.011,0.011
06.04.2021 08:34:27.217 GMT-0500,50.891999999999996,50.858000000000004,0.011,0.011
06.04.2021 08:34:27.362 GMT-0500,50.903000000000006,50.867,0.011,0.011
06.04.2021 08:34:27.412 GMT-0500,50.903000000000006,50.867,0.011,0.011
06.04.2021 08:34:27.895 GMT-0500,50.912,50.868,0.011,0.011
06.04.2021 08:34:29.179 GMT-0500,50.923,50.897,0.011,0.011
06.04.2021 08:34:29.229 GMT-0500,50.923,50.887,0.011,0.011
06.04.2021 08:34:29.509 GMT-0500,50.922,50.898,0.011,0.011
06.04.2021 08:34:29.559 GMT-0500,50.933,50.887,0.011,0.011
06.04.2021 08:34:29.609 GMT-0500,50.932,50.898,0.011,0.011
06.04.2021 08:34:29.660 GMT-0500,50.932,50.888000000000005,0.011,0.011
06.04.2021 08:34:29.868 GMT-0500,50.933,50.887,0.011,0.011
06.04.2021 08:34:31.591 GMT-0500,50.942,50.908,0.011,0.011
06.04.2021 08:34:31.849 GMT-0500,50.942,50.918000000000006,0.011,0.011
06.04.2021 08:34:32.359 GMT-0500,50.943000000000005,50.907,0.011,0.011
06.04.2021 08:34:32.435 GMT-0500,50.942,50.898,0.011,0.011
06.04.2021 08:34:32.485 GMT-0500,50.933,50.897,0.011,0.011
06.04.2021 08:34:32.584 GMT-0500,50.922,50.898,0.0008,0.0075
06.04.2021 08:34:32.634 GMT-0500,50.923,50.887,0.011,0.011
06.04.2021 08:34:32.685 GMT-0500,50.932,50.888000000000005,0.011,0.011
06.04.2021 08:34:32.755 GMT-0500,50.932,50.908,0.011,0.011
06.04.2021 08:34:32.993 GMT-0500,50.942,50.908,0.011,0.011
06.04.2021 08:34:33.262 GMT-0500,50.943000000000005,50.907,0.011,0.011
06.04.2021 08:34:33.507 GMT-0500,50.952,50.938,0.011,0.011
06.04.2021 08:34:33.557 GMT-0500,50.952,50.928000000000004,0.011,0.011
06.04.2021 08:34:36.549 GMT-0500,50.952,50.938,0.0008,0.0075
06.04.2021 08:34:36.599 GMT-0500,50.972,50.938,0.011,0.011
06.04.2021 08:34:36.826 GMT-0500,50.963,50.937,0.0008,0.0075
06.04.2021 08:34:36.876 GMT-0500,50.961999999999996,50.928000000000004,0.011,0.011
06.04.2021 08:34:37.339 GMT-0500,50.961999999999996,50.928000000000004,0.011,0.011
06.04.2021 08:34:37.390 GMT-0500,50.963,50.927,0.011,0.011
06.04.2021 08:34:37.849 GMT-0500,50.983000000000004,50.947,0.011,0.011
06.04.2021 08:34:38.537 GMT-0500,50.983000000000004,50.947,0.011,0.011
06.04.2021 08:34:38.924 GMT-0500,50.972,50.938,0.011,0.011
06.04.2021 08:34:39.231 GMT-0500,50.983000000000004,50.947,0.011,0.011
06.04.2021 08:34:39.439 GMT-0500,50.982,50.958000000000006,0.011,0.011
06.04.2021 08:34:39.826 GMT-0500,50.992,50.958000000000006,0.011,0.011
06.04.2021 08:34:39.876 GMT-0500,50.992,50.968,0.011,0.011
06.04.2021 08:34:39.977 GMT-0500,50.992,50.958000000000006,0.011,0.011
06.04.2021 08:34:40.027 GMT-0500,50.982,50.958000000000006,0.011,0.011
06.04.2021 08:34:40.198 GMT-0500,50.983000000000004,50.947,0.011,0.011
06.04.2021 08:34:40.570 GMT-0500,50.973000000000006,50.937,0.011,0.011
06.04.2021 08:34:41.281 GMT-0500,50.973000000000006,50.947,0.011,0.0075
06.04.2021 08:34:41.331 GMT-0500,50.992,50.958000000000006,0.011,0.011
06.04.2021 08:34:41.508 GMT-0500,50.993,50.967,0.011,0.011
06.04.2021 08:34:41.616 GMT-0500,50.993,50.967,0.011,0.011
06.04.2021 08:34:41.666 GMT-0500,50.992,50.958000000000006,0.011,0.011
06.04.2021 08:34:41.751 GMT-0500,50.992,50.968,0.011,0.011
06.04.2021 08:34:41.877 GMT-0500,50.992,50.968,0.011,0.011
06.04.2021 08:34:41.927 GMT-0500,50.992,50.968,0.011,0.011
06.04.2021 08:34:42.414 GMT-0500,50.982,50.958000000000006,0.011,0.011
06.04.2021 08:34:42.545 GMT-0500,50.993,50.957,0.011,0.011
06.04.2021 08:34:42.596 GMT-0500,50.983000000000004,50.957,0.011,0.011
06.04.2021 08:34:42.744 GMT-0500,50.992,50.958000000000006,0.011,0.011
06.04.2021 08:34:42.795 GMT-0500,50.992,50.968,0.011,0.011
06.04.2021 08:34:43.319 GMT-0500,50.982,50.958000000000006,0.011,0.011
06.04.2021 08:34:43.370 GMT-0500,50.992,50.958000000000006,0.011,0.011
06.04.2021 08:34:43.516 GMT-0500,50.993,50.957,0.011,0.011
06.04.2021 08:34:43.975 GMT-0500,50.993,50.967,0.011,0.011
06.04.2021 08:34:44.331 GMT-0500,50.993,50.957,0.011,0.011
06.04.2021 08:34:44.443 GMT-0500,50.982,50.958000000000006,0.0008,0.011
06.04.2021 08:34:44.544 GMT-0500,50.993,50.957,0.011,0.011
06.04.2021 08:34:44.595 GMT-0500,50.993,50.967,0.011,0.011
06.04.2021 08:34:44.786 GMT-0500,50.993,50.977,0.011,0.011
06.04.2021 08:34:44.836 GMT-0500,51.002,50.978,0.011,0.011
06.04.2021 08:34:45.020 GMT-0500,51.003,50.987,0.011,0.011
06.04.2021 08:34:45.071 GMT-0500,51.012,50.988,0.011,0.011
06.04.2021 08:34:45.432 GMT-0500,51.012,50.978,0.011,0.011
06.04.2021 08:34:45.482 GMT-0500,51.042,51.008,0.011,0.011
06.04.2021 08:34:45.648 GMT-0500,51.023,50.987,0.011,0.011
06.04.2021 08:34:45.698 GMT-0500,51.013000000000005,50.967,0.011,0.011
06.04.2021 08:34:45.898 GMT-0500,51.013000000000005,50.977,0.011,0.0075
06.04.2021 08:34:45.948 GMT-0500,51.012,50.968,0.011,0.011
06.04.2021 08:34:45.998 GMT-0500,51.012,50.978,0.011,0.011
06.04.2021 08:34:46.157 GMT-0500,51.002,50.968,0.011,0.011
06.04.2021 08:34:46.447 GMT-0500,51.002,50.988,0.011,0.0075
06.04.2021 08:34:46.497 GMT-0500,51.002,50.978,0.011,0.011
06.04.2021 08:34:46.548 GMT-0500,51.002,50.968,0.011,0.011
06.04.2021 08:34:46.722 GMT-0500,51.002,50.978,0.011,0.0075
06.04.2021 08:34:47.402 GMT-0500,51.003,50.997,0.0008,0.0075
06.04.2021 08:34:47.453 GMT-0500,51.012,50.998000000000005,0.011,0.011
06.04.2021 08:34:47.707 GMT-0500,51.012,50.988,0.011,0.011
06.04.2021 08:34:47.964 GMT-0500,51.012,50.978,0.011,0.011
06.04.2021 08:34:48.054 GMT-0500,51.003,50.977,0.0008,0.011
06.04.2021 08:34:48.288 GMT-0500,51.003,50.967,0.011,0.011
06.04.2021 08:34:48.395 GMT-0500,51.002,50.988,0.011,0.0075
06.04.2021 08:34:48.782 GMT-0500,51.002,50.978,0.011,0.011
06.04.2021 08:34:49.612 GMT-0500,51.003,50.987,0.0008,0.0075
06.04.2021 08:34:49.662 GMT-0500,51.022,50.998000000000005,0.011,0.011
06.04.2021 08:34:49.761 GMT-0500,51.023,50.987,0.011,0.011
06.04.2021 08:34:50.385 GMT-0500,51.043000000000006,50.987,0.011,0.011
06.04.2021 08:34:50.435 GMT-0500,51.043000000000006,51.016999999999996,0.011,0.011
06.04.2021 08:34:50.642 GMT-0500,51.023,51.018,0.0008,0.0075
06.04.2021 08:34:50.693 GMT-0500,51.032,51.008,0.011,0.011
06.04.2021 08:34:51.169 GMT-0500,51.033,50.997,0.011,0.011
06.04.2021 08:34:51.489 GMT-0500,51.012,50.988,0.011,0.011
06.04.2021 08:34:51.897 GMT-0500,51.023,50.987,0.011,0.011
06.04.2021 08:34:52.117 GMT-0500,51.023,50.977,0.011,0.011
06.04.2021 08:34:52.489 GMT-0500,51.032,50.978,0.011,0.011
06.04.2021 08:34:52.740 GMT-0500,51.032,50.978,0.011,0.011
06.04.2021 08:34:52.908 GMT-0500,51.032,50.988,0.011,0.011
06.04.2021 08:34:53.209 GMT-0500,51.022,50.988,0.0008,0.011
06.04.2021 08:34:53.964 GMT-0500,51.033,50.987,0.011,0.011
06.04.2021 08:34:54.283 GMT-0500,51.032,50.978,0.011,0.011
06.04.2021 08:34:54.333 GMT-0500,51.012,50.978,0.011,0.011
06.04.2021 08:34:54.467 GMT-0500,51.003,50.977,0.0008,0.011
06.04.2021 08:34:54.568 GMT-0500,51.023,50.967,0.011,0.011
06.04.2021 08:34:54.619 GMT-0500,51.013000000000005,50.977,0.011,0.011
06.04.2021 08:34:54.796 GMT-0500,51.023,50.977,0.011,0.011
06.04.2021 08:34:54.859 GMT-0500,51.003,50.977,0.011,0.011
06.04.2021 08:34:55.078 GMT-0500,51.022,50.978,0.011,0.011
06.04.2021 08:34:55.216 GMT-0500,51.022,50.988,0.011,0.011
06.04.2021 08:34:55.267 GMT-0500,51.023,50.977,0.011,0.011
06.04.2021 08:34:55.317 GMT-0500,51.033,50.987,0.011,0.011
06.04.2021 08:34:55.418 GMT-0500,51.042,51.008,0.011,0.011
06.04.2021 08:34:55.568 GMT-0500,51.032,51.008,0.0008,0.0075
06.04.2021 08:34:55.618 GMT-0500,51.023,50.987,0.011,0.011
06.04.2021 08:34:55.704 GMT-0500,51.022,50.998000000000005,0.0008,0.0075
06.04.2021 08:34:55.755 GMT-0500,51.033,50.997,0.011,0.011
06.04.2021 08:34:55.940 GMT-0500,51.023,50.997,0.011,0.011
06.04.2021 08:34:55.990 GMT-0500,51.033,50.997,0.011,0.011
06.04.2021 08:34:56.135 GMT-0500,51.043000000000006,50.997,0.011,0.011
06.04.2021 08:34:56.185 GMT-0500,51.033,50.997,0.011,0.011
06.04.2021 08:34:56.236 GMT-0500,51.043000000000006,50.997,0.011,0.011
06.04.2021 08:34:56.352 GMT-0500,51.043000000000006,50.997,0.011,0.011
06.04.2021 08:34:57.126 GMT-0500,51.043000000000006,51.016999999999996,0.011,0.011
06.04.2021 08:34:57.616 GMT-0500,51.043000000000006,51.027,0.011,0.011
06.04.2021 08:34:57.827 GMT-0500,51.052,51.038000000000004,0.011,0.011
06.04.2021 08:34:57.988 GMT-0500,51.053000000000004,51.027,0.011,0.011
06.04.2021 08:34:58.078 GMT-0500,51.052,51.028000000000006,0.011,0.011
06.04.2021 08:34:58.656 GMT-0500,51.033,51.007,0.011,0.011
06.04.2021 08:34:58.707 GMT-0500,51.032,50.998000000000005,0.011,0.011
06.04.2021 08:34:58.814 GMT-0500,51.033,50.997,0.011,0.011
06.04.2021 08:34:59.004 GMT-0500,51.032,50.998000000000005,0.011,0.011
06.04.2021 08:34:59.463 GMT-0500,51.033,51.007,0.011,0.011
06.04.2021 08:34:59.891 GMT-0500,51.043000000000006,51.007,0.011,0.011
06.04.2021 08:35:00.247 GMT-0500,51.042,51.008,0.011,0.011
06.04.2021 08:35:00.297 GMT-0500,51.033,50.997,0.011,0.011
06.04.2021 08:35:00.515 GMT-0500,51.043000000000006,51.007,0.011,0.011
06.04.2021 08:35:00.723 GMT-0500,51.043000000000006,51.007,0.011,0.011
06.04.2021 08:35:00.773 GMT-0500,51.042,51.008,0.011,0.011
06.04.2021 08:35:00.994 GMT-0500,51.052,51.018,0.011,0.011
06.04.2021 08:35:01.206 GMT-0500,51.053000000000004,51.007,0.011,0.011
06.04.2021 08:35:01.256 GMT-0500,51.043000000000006,51.007,0.011,0.011
06.04.2021 08:35:01.382 GMT-0500,51.032,51.008,0.011,0.011
06.04.2021 08:35:01.561 GMT-0500,51.042,51.008,0.011,0.011
06.04.2021 08:35:02.210 GMT-0500,51.032,51.008,0.0008,0.011
06.04.2021 08:35:02.724 GMT-0500,51.043000000000006,51.007,0.011,0.011
06.04.2021 08:35:03.116 GMT-0500,51.032,51.008,0.0008,0.011
06.04.2021 08:35:03.268 GMT-0500,51.043000000000006,51.007,0.011,0.011
06.04.2021 08:35:03.649 GMT-0500,51.043000000000006,51.016999999999996,0.011,0.011
06.04.2021 08:35:04.096 GMT-0500,51.033,51.016999999999996,0.0008,0.011
06.04.2021 08:35:04.413 GMT-0500,51.033,51.007,0.011,0.011
06.04.2021 08:35:04.464 GMT-0500,51.023,51.007,0.011,0.011
06.04.2021 08:35:04.759 GMT-0500,51.032,51.008,0.011,0.011
06.04.2021 08:35:05.010 GMT-0500,51.022,51.008,0.0008,0.0075
06.04.2021 08:35:05.060 GMT-0500,51.012,50.978,0.011,0.011
06.04.2021 08:35:05.160 GMT-0500,50.993,50.967,0.011,0.011
06.04.2021 08:35:05.261 GMT-0500,51.022,50.998000000000005,0.011,0.011
06.04.2021 08:35:05.600 GMT-0500,51.022,51.008,0.011,0.011
06.04.2021 08:35:05.868 GMT-0500,51.032,51.018,0.011,0.011
06.04.2021 08:35:05.968 GMT-0500,51.032,51.008,0.011,0.011
06.04.2021 08:35:06.350 GMT-0500,51.012,50.998000000000005,0.011,0.011
06.04.2021 08:35:06.580 GMT-0500,51.002,50.978,0.011,0.011
06.04.2021 08:35:07.022 GMT-0500,51.002,50.968,0.011,0.011
06.04.2021 08:35:07.130 GMT-0500,51.002,50.978,0.011,0.011
06.04.2021 08:35:07.760 GMT-0500,51.022,50.978,0.011,0.011
06.04.2021 08:35:07.810 GMT-0500,51.033,51.007,0.011,0.011
06.04.2021 08:35:08.062 GMT-0500,51.042,51.008,0.011,0.011
06.04.2021 08:35:08.475 GMT-0500,51.043000000000006,51.016999999999996,0.011,0.011
06.04.2021 08:35:08.575 GMT-0500,51.043000000000006,51.007,0.011,0.011
06.04.2021 08:35:08.726 GMT-0500,51.032,50.998000000000005,0.011,0.011
06.04.2021 08:35:09.062 GMT-0500,51.033,51.007,0.011,0.0075
06.04.2021 08:35:09.113 GMT-0500,51.032,50.998000000000005,0.011,0.011
06.04.2021 08:35:09.163 GMT-0500,51.022,50.998000000000005,0.011,0.011
06.04.2021 08:35:09.268 GMT-0500,51.022,50.998000000000005,0.011,0.011
06.04.2021 08:35:09.319 GMT-0500,51.023,50.997,0.011,0.011
06.04.2021 08:35:09.450 GMT-0500,51.032,51.008,0.011,0.011
06.04.2021 08:35:09.500 GMT-0500,51.032,50.998000000000005,0.011,0.011
06.04.2021 08:35:09.551 GMT-0500,51.042,51.018,0.011,0.011
06.04.2021 08:35:10.205 GMT-0500,51.043000000000006,51.007,0.011,0.011
06.04.2021 08:35:10.356 GMT-0500,51.032,50.998000000000005,0.011,0.011
06.04.2021 08:35:10.601 GMT-0500,51.033,50.997,0.011,0.011
06.04.2021 08:35:10.651 GMT-0500,51.032,50.998000000000005,0.011,0.011
06.04.2021 08:35:10.835 GMT-0500,51.032,51.018,0.0008,0.0075
06.04.2021 08:35:10.886 GMT-0500,51.042,51.018,0.011,0.011
06.04.2021 08:35:11.457 GMT-0500,51.052,51.038000000000004,0.011,0.011
06.04.2021 08:35:11.649 GMT-0500,51.053000000000004,51.047,0.0008,0.0075
06.04.2021 08:35:11.700 GMT-0500,51.053000000000004,51.037,0.011,0.011
06.04.2021 08:35:11.988 GMT-0500,51.072,51.038000000000004,0.011,0.011
06.04.2021 08:35:12.089 GMT-0500,51.073,51.047,0.011,0.011
06.04.2021 08:35:12.438 GMT-0500,51.073,51.037,0.011,0.011
06.04.2021 08:35:12.740 GMT-0500,51.063,51.037,0.0008,0.011
06.04.2021 08:35:12.913 GMT-0500,51.062,51.028000000000006,0.011,0.011
06.04.2021 08:35:12.963 GMT-0500,51.042,51.028000000000006,0.011,0.011
06.04.2021 08:35:13.072 GMT-0500,51.052,51.028000000000006,0.011,0.011
06.04.2021 08:35:13.821 GMT-0500,51.052,51.038000000000004,0.0008,0.0075
06.04.2021 08:35:13.872 GMT-0500,51.073,51.047,0.011,0.011
06.04.2021 08:35:14.357 GMT-0500,51.083000000000006,51.047,0.011,0.011
06.04.2021 08:35:14.740 GMT-0500,51.082,51.048,0.011,0.011
06.04.2021 08:35:14.944 GMT-0500,51.063,51.047,0.0008,0.0075
06.04.2021 08:35:14.994 GMT-0500,51.063,51.037,0.011,0.011
06.04.2021 08:35:15.047 GMT-0500,51.063,51.027,0.011,0.011
06.04.2021 08:35:15.097 GMT-0500,51.052,51.028000000000006,0.011,0.011
06.04.2021 08:35:15.424 GMT-0500,51.043000000000006,51.027,0.011,0.011
06.04.2021 08:35:15.685 GMT-0500,51.053000000000004,51.027,0.011,0.011
06.04.2021 08:35:15.749 GMT-0500,51.043000000000006,51.027,0.0008,0.011
06.04.2021 08:35:15.880 GMT-0500,51.032,51.027,0.0008,0.0075
06.04.2021 08:35:15.931 GMT-0500,51.033,51.016999999999996,0.011,0.011
06.04.2021 08:35:16.386 GMT-0500,51.043000000000006,51.016999999999996,0.011,0.011
06.04.2021 08:35:16.745 GMT-0500,51.052,51.018,0.011,0.011
06.04.2021 08:35:16.796 GMT-0500,51.052,51.028000000000006,0.011,0.011
06.04.2021 08:35:16.846 GMT-0500,51.053000000000004,51.037,0.011,0.011
06.04.2021 08:35:16.897 GMT-0500,51.063,51.037,0.011,0.011
06.04.2021 08:35:16.947 GMT-0500,51.053000000000004,51.027,0.011,0.011
06.04.2021 08:35:17.127 GMT-0500,51.042,51.008,0.011,0.011
06.04.2021 08:35:17.264 GMT-0500,51.043000000000006,51.016999999999996,0.011,0.011
06.04.2021 08:35:17.489 GMT-0500,51.052,51.038000000000004,0.011,0.011
06.04.2021 08:35:17.539 GMT-0500,51.052,51.028000000000006,0.011,0.011
06.04.2021 08:35:17.685 GMT-0500,51.053000000000004,51.016999999999996,0.011,0.011
06.04.2021 08:35:17.736 GMT-0500,51.043000000000006,51.016999999999996,0.011,0.011
06.04.2021 08:35:18.280 GMT-0500,51.043000000000006,51.016999999999996,0.011,0.011
06.04.2021 08:35:18.381 GMT-0500,51.052,51.038000000000004,0.011,0.011
06.04.2021 08:35:18.482 GMT-0500,51.063,51.037,0.011,0.011
06.04.2021 08:35:20.300 GMT-0500,51.063,51.027,0.011,0.011
06.04.2021 08:35:20.488 GMT-0500,51.053000000000004,51.027,0.011,0.011
06.04.2021 08:35:21.333 GMT-0500,51.052,51.028000000000006,0.011,0.011
06.04.2021 08:35:21.434 GMT-0500,51.043000000000006,51.016999999999996,0.011,0.011
06.04.2021 08:35:21.534 GMT-0500,51.042,51.008,0.011,0.011
06.04.2021 08:35:21.995 GMT-0500,51.043000000000006,50.997,0.011,0.011
06.04.2021 08:35:22.045 GMT-0500,51.033,50.997,0.011,0.011
06.04.2021 08:35:22.096 GMT-0500,51.043000000000006,50.997,0.011,0.011
06.04.2021 08:35:22.243 GMT-0500,51.042,51.008,0.011,0.0075
06.04.2021 08:35:22.473 GMT-0500,51.043000000000006,51.016999999999996,0.011,0.0075
06.04.2021 08:35:22.523 GMT-0500,51.043000000000006,51.016999999999996,0.011,0.011
06.04.2021 08:35:23.798 GMT-0500,51.052,51.038000000000004,0.011,0.011
06.04.2021 08:35:24.083 GMT-0500,51.062,51.048,0.011,0.011
06.04.2021 08:35:24.309 GMT-0500,51.053000000000004,51.037,0.011,0.011
06.04.2021 08:35:24.471 GMT-0500,51.053000000000004,51.027,0.011,0.011
06.04.2021 08:35:24.521 GMT-0500,51.042,51.028000000000006,0.011,0.011
06.04.2021 08:35:24.585 GMT-0500,51.043000000000006,51.016999999999996,0.011,0.011
06.04.2021 08:35:24.636 GMT-0500,51.032,51.018,0.011,0.011
06.04.2021 08:35:25.076 GMT-0500,51.043000000000006,51.016999999999996,0.011,0.011
06.04.2021 08:35:25.126 GMT-0500,51.043000000000006,51.027,0.011,0.011
06.04.2021 08:35:25.791 GMT-0500,51.062,51.038000000000004,0.011,0.011
06.04.2021 08:35:26.353 GMT-0500,51.073,51.027,0.011,0.011
06.04.2021 08:35:26.656 GMT-0500,51.073,51.027,0.011,0.011
06.04.2021 08:35:27.550 GMT-0500,51.063,51.037,0.011,0.011
06.04.2021 08:35:27.600 GMT-0500,51.033,51.016999999999996,0.011,0.011
06.04.2021 08:35:27.802 GMT-0500,51.032,50.988,0.011,0.011
06.04.2021 08:35:27.901 GMT-0500,51.032,50.988,0.011,0.011
06.04.2021 08:35:28.304 GMT-0500,51.033,51.007,0.011,0.011
06.04.2021 08:35:28.452 GMT-0500,51.043000000000006,51.016999999999996,0.011,0.011
06.04.2021 08:35:28.707 GMT-0500,51.033,51.016999999999996,0.011,0.011
06.04.2021 08:35:29.305 GMT-0500,51.033,50.997,0.011,0.011
06.04.2021 08:35:29.499 GMT-0500,51.023,50.997,0.0008,0.011
06.04.2021 08:35:29.959 GMT-0500,51.042,51.028000000000006,0.011,0.011
06.04.2021 08:35:30.060 GMT-0500,51.032,51.008,0.011,0.011
06.04.2021 08:35:30.279 GMT-0500,51.032,50.988,0.011,0.011
06.04.2021 08:35:30.350 GMT-0500,51.033,50.977,0.011,0.011
06.04.2021 08:35:30.451 GMT-0500,51.003,50.977,0.011,0.011
06.04.2021 08:35:31.076 GMT-0500,50.992,50.978,0.0008,0.011
06.04.2021 08:35:31.177 GMT-0500,51.002,50.988,0.011,0.011
06.04.2021 08:35:31.378 GMT-0500,50.993,50.967,0.011,0.011
06.04.2021 08:35:31.578 GMT-0500,51.003,50.967,0.011,0.011
06.04.2021 08:35:31.628 GMT-0500,51.003,50.987,0.011,0.011
06.04.2021 08:35:31.756 GMT-0500,51.002,50.968,0.011,0.011
06.04.2021 08:35:32.793 GMT-0500,51.003,50.977,0.011,0.0075
06.04.2021 08:35:33.217 GMT-0500,51.002,50.968,0.011,0.011
06.04.2021 08:35:33.895 GMT-0500,51.003,50.967,0.011,0.011
06.04.2021 08:35:33.945 GMT-0500,51.003,50.967,0.011,0.011
06.04.2021 08:35:34.046 GMT-0500,51.002,50.968,0.011,0.011
06.04.2021 08:35:34.449 GMT-0500,51.002,50.968,0.011,0.011
06.04.2021 08:35:34.648 GMT-0500,51.003,50.967,0.011,0.011
06.04.2021 08:35:34.767 GMT-0500,50.992,50.938,0.011,0.011
06.04.2021 08:35:34.817 GMT-0500,50.982,50.938,0.011,0.011
06.04.2021 08:35:34.904 GMT-0500,50.983000000000004,50.957,0.011,0.0075
06.04.2021 08:35:36.290 GMT-0500,50.973000000000006,50.957,0.0008,0.011
06.04.2021 08:35:36.341 GMT-0500,51.003,50.977,0.011,0.011
06.04.2021 08:35:37.117 GMT-0500,51.033,51.007,0.011,0.011
06.04.2021 08:35:37.324 GMT-0500,51.022,50.998000000000005,0.011,0.011
06.04.2021 08:35:37.609 GMT-0500,51.013000000000005,51.007,0.0008,0.0075
06.04.2021 08:35:37.659 GMT-0500,51.023,51.007,0.011,0.011
06.04.2021 08:35:37.709 GMT-0500,51.013000000000005,50.997,0.011,0.011
06.04.2021 08:35:37.814 GMT-0500,51.003,50.987,0.011,0.011
06.04.2021 08:35:37.952 GMT-0500,51.013000000000005,50.997,0.011,0.011
06.04.2021 08:35:38.003 GMT-0500,51.013000000000005,50.987,0.011,0.011
06.04.2021 08:35:38.053 GMT-0500,51.003,50.977,0.011,0.011
06.04.2021 08:35:38.154 GMT-0500,51.013000000000005,50.997,0.011,0.011
06.04.2021 08:35:38.680 GMT-0500,51.022,50.998000000000005,0.011,0.011
06.04.2021 08:35:38.730 GMT-0500,51.023,51.007,0.011,0.011
06.04.2021 08:35:38.881 GMT-0500,51.013000000000005,50.997,0.011,0.011
06.04.2021 08:35:39.017 GMT-0500,51.002,50.988,0.011,0.011
06.04.2021 08:35:39.447 GMT-0500,51.003,50.977,0.011,0.011
06.04.2021 08:35:39.633 GMT-0500,51.012,50.998000000000005,0.011,0.011
06.04.2021 08:35:40.041 GMT-0500,51.013000000000005,50.977,0.011,0.011
06.04.2021 08:35:40.091 GMT-0500,51.012,50.998000000000005,0.011,0.011
06.04.2021 08:35:40.354 GMT-0500,51.023,50.997,0.011,0.011
06.04.2021 08:35:40.405 GMT-0500,51.023,51.007,0.011,0.011
06.04.2021 08:35:41.005 GMT-0500,51.023,50.997,0.011,0.011
06.04.2021 08:35:41.221 GMT-0500,51.022,51.008,0.011,0.0075
06.04.2021 08:35:41.322 GMT-0500,51.002,50.978,0.011,0.011
06.04.2021 08:35:41.372 GMT-0500,51.022,51.008,0.011,0.011
06.04.2021 08:35:41.422 GMT-0500,51.023,50.997,0.011,0.011
06.04.2021 08:35:41.631 GMT-0500,51.002,50.988,0.011,0.011
06.04.2021 08:35:41.682 GMT-0500,51.003,50.977,0.011,0.011
06.04.2021 08:35:41.805 GMT-0500,50.993,50.967,0.011,0.011
06.04.2021 08:35:42.020 GMT-0500,50.992,50.988,0.0008,0.0075
06.04.2021 08:35:42.070 GMT-0500,51.012,50.988,0.011,0.011
06.04.2021 08:35:42.133 GMT-0500,51.012,50.998000000000005,0.011,0.0075
06.04.2021 08:35:42.283 GMT-0500,51.023,50.997,0.011,0.011
06.04.2021 08:35:42.461 GMT-0500,51.012,50.998000000000005,0.011,0.011
06.04.2021 08:35:42.585 GMT-0500,51.023,51.007,0.011,0.011
06.04.2021 08:35:43.101 GMT-0500,51.022,50.998000000000005,0.011,0.011
06.04.2021 08:35:43.591 GMT-0500,51.022,51.008,0.011,0.011
06.04.2021 08:35:44.014 GMT-0500,51.022,50.998000000000005,0.011,0.011
06.04.2021 08:35:44.347 GMT-0500,51.013000000000005,50.997,0.0008,0.011
06.04.2021 08:35:44.470 GMT-0500,51.022,50.998000000000005,0.011,0.011
06.04.2021 08:35:44.520 GMT-0500,51.023,50.997,0.011,0.011
06.04.2021 08:35:45.437 GMT-0500,51.033,51.016999999999996,0.011,0.011
06.04.2021 08:35:45.586 GMT-0500,51.042,51.018,0.011,0.011
06.04.2021 08:35:46.115 GMT-0500,51.052,51.038000000000004,0.011,0.011
06.04.2021 08:35:46.165 GMT-0500,51.062,51.038000000000004,0.011,0.011
06.04.2021 08:35:46.216 GMT-0500,51.042,51.008,0.011,0.011
06.04.2021 08:35:46.316 GMT-0500,51.033,51.007,0.011,0.011
06.04.2021 08:35:46.959 GMT-0500,51.033,51.016999999999996,0.0008,0.0075
06.04.2021 08:35:47.009 GMT-0500,51.042,51.018,0.011,0.011
06.04.2021 08:35:47.155 GMT-0500,51.053000000000004,51.027,0.011,0.011
06.04.2021 08:35:47.206 GMT-0500,51.053000000000004,51.016999999999996,0.011,0.011
06.04.2021 08:35:47.686 GMT-0500,51.052,51.018,0.011,0.011
06.04.2021 08:35:47.839 GMT-0500,51.052,51.018,0.011,0.011
06.04.2021 08:35:48.187 GMT-0500,51.053000000000004,51.007,0.011,0.011
06.04.2021 08:35:48.238 GMT-0500,51.043000000000006,51.007,0.011,0.011
06.04.2021 08:35:48.364 GMT-0500,51.042,51.008,0.011,0.011
06.04.2021 08:35:48.614 GMT-0500,51.032,51.018,0.011,0.011
06.04.2021 08:35:49.163 GMT-0500,51.032,51.008,0.011,0.011
06.04.2021 08:35:49.611 GMT-0500,51.022,51.008,0.0008,0.011
06.04.2021 08:35:49.712 GMT-0500,51.033,51.016999999999996,0.011,0.011
06.04.2021 08:35:49.858 GMT-0500,51.022,50.988,0.011,0.011
06.04.2021 08:35:49.908 GMT-0500,51.013000000000005,50.987,0.011,0.011
06.04.2021 08:35:50.075 GMT-0500,51.012,50.988,0.011,0.011
06.04.2021 08:35:50.213 GMT-0500,51.013000000000005,50.987,0.011,0.011
06.04.2021 08:35:50.263 GMT-0500,51.023,51.007,0.011,0.011
06.04.2021 08:35:50.848 GMT-0500,51.033,51.016999999999996,0.011,0.011
06.04.2021 08:35:50.952 GMT-0500,51.043000000000006,51.027,0.011,0.011
06.04.2021 08:35:51.292 GMT-0500,51.032,51.025,0.0008,0.0075
06.04.2021 08:35:51.342 GMT-0500,51.053000000000004,51.027,0.011,0.011
06.04.2021 08:35:51.691 GMT-0500,51.052,51.008,0.011,0.011
06.04.2021 08:35:51.742 GMT-0500,51.053000000000004,51.016999999999996,0.011,0.011
06.04.2021 08:35:52.956 GMT-0500,51.052,51.008,0.011,0.011
06.04.2021 08:35:53.006 GMT-0500,51.053000000000004,51.007,0.011,0.011
06.04.2021 08:35:53.148 GMT-0500,51.052,51.008,0.011,0.011
06.04.2021 08:35:53.412 GMT-0500,51.042,51.028000000000006,0.0008,0.0075
06.04.2021 08:35:53.462 GMT-0500,51.053000000000004,51.027,0.011,0.011
06.04.2021 08:35:53.865 GMT-0500,51.052,51.018,0.011,0.011
06.04.2021 08:35:54.411 GMT-0500,51.052,51.008,0.011,0.011
06.04.2021 08:35:54.562 GMT-0500,51.032,51.008,0.011,0.011
06.04.2021 08:35:56.243 GMT-0500,51.062,51.028000000000006,0.011,0.011
06.04.2021 08:35:56.594 GMT-0500,51.053000000000004,51.027,0.0008,0.011
06.04.2021 08:35:57.390 GMT-0500,51.053000000000004,51.027,0.011,0.011
06.04.2021 08:35:57.440 GMT-0500,51.052,51.028000000000006,0.011,0.011
06.04.2021 08:35:57.541 GMT-0500,51.033,51.007,0.011,0.011
06.04.2021 08:35:57.635 GMT-0500,51.032,50.998000000000005,0.011,0.011
06.04.2021 08:35:57.685 GMT-0500,51.022,50.998000000000005,0.011,0.011
06.04.2021 08:35:58.284 GMT-0500,51.022,50.988,0.011,0.011
06.04.2021 08:35:58.578 GMT-0500,51.022,50.988,0.011,0.011
06.04.2021 08:35:58.782 GMT-0500,51.023,50.997,0.011,0.011
06.04.2021 08:35:59.070 GMT-0500,51.022,51.008,0.011,0.011
06.04.2021 08:35:59.301 GMT-0500,51.023,50.997,0.011,0.011
06.04.2021 08:35:59.428 GMT-0500,51.013000000000005,50.987,0.011,0.011
06.04.2021 08:35:59.478 GMT-0500,51.023,50.997,0.011,0.011
06.04.2021 08:35:59.541 GMT-0500,51.023,50.997,0.011,0.011
06.04.2021 08:35:59.591 GMT-0500,51.022,50.988,0.011,0.011
06.04.2021 08:35:59.642 GMT-0500,51.023,50.997,0.011,0.011
06.04.2021 08:36:00.257 GMT-0500,51.023,50.997,0.011,0.011
06.04.2021 08:36:00.308 GMT-0500,51.012,50.988,0.011,0.011
06.04.2021 08:36:00.511 GMT-0500,51.023,50.987,0.011,0.011
06.04.2021 08:36:00.818 GMT-0500,51.012,50.988,0.011,0.011
06.04.2021 08:36:00.919 GMT-0500,51.013000000000005,50.977,0.011,0.011
06.04.2021 08:36:00.969 GMT-0500,51.002,50.978,0.011,0.011
06.04.2021 08:36:01.020 GMT-0500,51.003,50.967,0.011,0.011
06.04.2021 08:36:01.070 GMT-0500,50.992,50.958000000000006,0.011,0.011
06.04.2021 08:36:01.271 GMT-0500,50.992,50.948,0.011,0.011
06.04.2021 08:36:01.371 GMT-0500,50.982,50.948,0.011,0.011
06.04.2021 08:36:01.535 GMT-0500,50.993,50.957,0.011,0.011
06.04.2021 08:36:02.116 GMT-0500,50.983000000000004,50.957,0.0008,0.0075
06.04.2021 08:36:02.216 GMT-0500,50.982,50.948,0.011,0.011
06.04.2021 08:36:02.267 GMT-0500,50.993,50.957,0.011,0.011
06.04.2021 08:36:02.317 GMT-0500,50.992,50.948,0.011,0.011
06.04.2021 08:36:02.367 GMT-0500,50.992,50.958000000000006,0.011,0.011
06.04.2021 08:36:02.417 GMT-0500,50.993,50.947,0.011,0.011
06.04.2021 08:36:02.692 GMT-0500,50.993,50.957,0.011,0.0075
06.04.2021 08:36:02.742 GMT-0500,50.992,50.948,0.011,0.011
06.04.2021 08:36:02.831 GMT-0500,50.993,50.947,0.011,0.011
06.04.2021 08:36:03.019 GMT-0500,50.993,50.967,0.011,0.0075
06.04.2021 08:36:03.069 GMT-0500,50.993,50.957,0.011,0.011
06.04.2021 08:36:03.119 GMT-0500,50.992,50.968,0.011,0.011
06.04.2021 08:36:03.427 GMT-0500,50.993,50.957,0.011,0.011
06.04.2021 08:36:03.518 GMT-0500,50.982,50.948,0.011,0.011
06.04.2021 08:36:03.569 GMT-0500,50.993,50.947,0.011,0.011
06.04.2021 08:36:03.937 GMT-0500,50.992,50.958000000000006,0.011,0.0075
06.04.2021 08:36:03.987 GMT-0500,50.993,50.947,0.011,0.011
06.04.2021 08:36:04.409 GMT-0500,50.992,50.948,0.011,0.011
06.04.2021 08:36:04.658 GMT-0500,50.993,50.967,0.011,0.0075
06.04.2021 08:36:04.908 GMT-0500,51.013000000000005,50.987,0.011,0.011
06.04.2021 08:36:04.958 GMT-0500,51.012,50.968,0.011,0.011
06.04.2021 08:36:05.009 GMT-0500,51.012,50.978,0.011,0.011
06.04.2021 08:36:05.141 GMT-0500,51.013000000000005,50.967,0.011,0.011
06.04.2021 08:36:05.299 GMT-0500,51.012,50.958000000000006,0.011,0.011
06.04.2021 08:36:05.389 GMT-0500,51.012,50.978,0.011,0.011
06.04.2021 08:36:05.529 GMT-0500,51.012,50.968,0.011,0.011
06.04.2021 08:36:05.580 GMT-0500,51.012,50.978,0.011,0.011
06.04.2021 08:36:05.883 GMT-0500,51.013000000000005,50.987,0.011,0.0075
06.04.2021 08:36:06.215 GMT-0500,51.002,50.988,0.011,0.011
06.04.2021 08:36:06.856 GMT-0500,50.993,50.977,0.011,0.011
06.04.2021 08:36:07.543 GMT-0500,50.983000000000004,50.957,0.011,0.011
06.04.2021 08:36:07.643 GMT-0500,51.002,50.978,0.011,0.011
06.04.2021 08:36:08.219 GMT-0500,50.992,50.978,0.0008,0.011
06.04.2021 08:36:08.269 GMT-0500,50.993,50.967,0.011,0.011
06.04.2021 08:36:08.709 GMT-0500,50.993,50.957,0.011,0.011
06.04.2021 08:36:09.018 GMT-0500,51.003,50.957,0.011,0.011
06.04.2021 08:36:09.118 GMT-0500,51.002,50.968,0.011,0.011
06.04.2021 08:36:09.169 GMT-0500,51.002,50.948,0.011,0.011
06.04.2021 08:36:09.516 GMT-0500,50.993,50.947,0.011,0.011
06.04.2021 08:36:09.623 GMT-0500,50.983000000000004,50.947,0.011,0.011
06.04.2021 08:36:09.927 GMT-0500,50.982,50.948,0.011,0.011
06.04.2021 08:36:09.977 GMT-0500,50.972,50.938,0.011,0.011
06.04.2021 08:36:10.050 GMT-0500,50.961999999999996,50.938,0.0008,0.0075
06.04.2021 08:36:10.151 GMT-0500,50.963,50.927,0.011,0.011
06.04.2021 08:36:10.201 GMT-0500,50.953,50.927,0.011,0.011
06.04.2021 08:36:10.332 GMT-0500,50.963,50.927,0.011,0.011
06.04.2021 08:36:10.444 GMT-0500,50.963,50.937,0.011,0.0075
06.04.2021 08:36:10.615 GMT-0500,50.963,50.937,0.011,0.011
06.04.2021 08:36:10.716 GMT-0500,50.953,50.927,0.011,0.011
06.04.2021 08:36:10.828 GMT-0500,50.963,50.937,0.011,0.011
06.04.2021 08:36:10.879 GMT-0500,50.961999999999996,50.928000000000004,0.011,0.011
06.04.2021 08:36:11.112 GMT-0500,50.961999999999996,50.948,0.011,0.011
06.04.2021 08:36:11.163 GMT-0500,50.973000000000006,50.947,0.011,0.011
06.04.2021 08:36:11.372 GMT-0500,50.972,50.938,0.011,0.011
06.04.2021 08:36:11.422 GMT-0500,50.961999999999996,50.938,0.011,0.011
06.04.2021 08:36:11.603 GMT-0500,50.942,50.918000000000006,0.011,0.011
06.04.2021 08:36:11.713 GMT-0500,50.932,50.908,0.011,0.011
06.04.2021 08:36:11.814 GMT-0500,50.943000000000005,50.907,0.011,0.011
06.04.2021 08:36:12.163 GMT-0500,50.932,50.908,0.011,0.011
06.04.2021 08:36:12.213 GMT-0500,50.933,50.897,0.011,0.011
06.04.2021 08:36:12.995 GMT-0500,50.923,50.897,0.0008,0.011
06.04.2021 08:36:13.095 GMT-0500,50.922,50.888000000000005,0.011,0.011
06.04.2021 08:36:13.519 GMT-0500,50.923,50.887,0.011,0.011
06.04.2021 08:36:13.570 GMT-0500,50.922,50.888000000000005,0.011,0.011
06.04.2021 08:36:13.660 GMT-0500,50.922,50.888000000000005,0.011,0.011
06.04.2021 08:36:13.990 GMT-0500,50.932,50.898,0.011,0.011
06.04.2021 08:36:14.041 GMT-0500,50.922,50.898,0.011,0.011
06.04.2021 08:36:14.164 GMT-0500,50.922,50.908,0.011,0.011
06.04.2021 08:36:14.265 GMT-0500,50.923,50.887,0.011,0.011
06.04.2021 08:36:14.315 GMT-0500,50.923,50.897,0.011,0.011
06.04.2021 08:36:14.416 GMT-0500,50.923,50.887,0.011,0.011
06.04.2021 08:36:14.658 GMT-0500,50.923,50.887,0.011,0.011
06.04.2021 08:36:14.876 GMT-0500,50.933,50.907,0.011,0.0075
06.04.2021 08:36:14.926 GMT-0500,50.932,50.898,0.011,0.011
06.04.2021 08:36:15.221 GMT-0500,50.932,50.898,0.011,0.011
06.04.2021 08:36:15.391 GMT-0500,50.933,50.897,0.011,0.011
06.04.2021 08:36:15.532 GMT-0500,50.933,50.887,0.011,0.011
06.04.2021 08:36:15.583 GMT-0500,50.932,50.888000000000005,0.011,0.011
06.04.2021 08:36:15.633 GMT-0500,50.932,50.898,0.011,0.011
06.04.2021 08:36:15.741 GMT-0500,50.942,50.928000000000004,0.011,0.011
06.04.2021 08:36:16.183 GMT-0500,50.932,50.908,0.011,0.011
06.04.2021 08:36:16.233 GMT-0500,50.933,50.917,0.011,0.011
06.04.2021 08:36:16.284 GMT-0500,50.943000000000005,50.917,0.011,0.011
06.04.2021 08:36:16.430 GMT-0500,50.943000000000005,50.917,0.011,0.011
06.04.2021 08:36:16.480 GMT-0500,50.923,50.887,0.011,0.011
06.04.2021 08:36:16.876 GMT-0500,50.923,50.887,0.011,0.011
06.04.2021 08:36:16.976 GMT-0500,50.933,50.897,0.011,0.011
06.04.2021 08:36:17.027 GMT-0500,50.933,50.907,0.011,0.011
06.04.2021 08:36:17.241 GMT-0500,50.932,50.888000000000005,0.011,0.011
06.04.2021 08:36:17.916 GMT-0500,50.932,50.888000000000005,0.011,0.011
06.04.2021 08:36:17.967 GMT-0500,50.922,50.888000000000005,0.011,0.011
06.04.2021 08:36:19.289 GMT-0500,50.913000000000004,50.887,0.0008,0.011
06.04.2021 08:36:19.459 GMT-0500,50.922,50.898,0.011,0.011
06.04.2021 08:36:19.509 GMT-0500,50.943000000000005,50.917,0.011,0.011
06.04.2021 08:36:19.815 GMT-0500,50.942,50.928000000000004,0.011,0.0075
06.04.2021 08:36:19.865 GMT-0500,50.952,50.928000000000004,0.011,0.011
06.04.2021 08:36:19.930 GMT-0500,50.963,50.927,0.011,0.011
06.04.2021 08:36:20.222 GMT-0500,50.953,50.927,0.011,0.011
06.04.2021 08:36:20.465 GMT-0500,50.973000000000006,50.937,0.011,0.011
06.04.2021 08:36:20.609 GMT-0500,50.972,50.948,0.011,0.011
06.04.2021 08:36:21.245 GMT-0500,50.972,50.958000000000006,0.011,0.011
06.04.2021 08:36:21.613 GMT-0500,50.983000000000004,50.957,0.011,0.011
06.04.2021 08:36:21.714 GMT-0500,51.002,50.968,0.011,0.011
06.04.2021 08:36:21.807 GMT-0500,51.003,50.957,0.011,0.011
06.04.2021 08:36:21.859 GMT-0500,51.002,50.968,0.011,0.0075
06.04.2021 08:36:21.989 GMT-0500,51.002,50.958000000000006,0.011,0.011
06.04.2021 08:36:22.039 GMT-0500,50.983000000000004,50.957,0.011,0.011
06.04.2021 08:36:23.051 GMT-0500,50.973000000000006,50.957,0.0008,0.011
06.04.2021 08:36:23.101 GMT-0500,50.972,50.948,0.011,0.011
06.04.2021 08:36:23.797 GMT-0500,50.982,50.958000000000006,0.011,0.011
06.04.2021 08:36:24.101 GMT-0500,50.992,50.978,0.0008,0.0075
06.04.2021 08:36:24.151 GMT-0500,50.993,50.957,0.011,0.011
06.04.2021 08:36:24.444 GMT-0500,50.982,50.958000000000006,0.0008,0.011
06.04.2021 08:36:24.650 GMT-0500,50.982,50.978,0.0008,0.0075
06.04.2021 08:36:24.701 GMT-0500,51.003,50.977,0.011,0.011
06.04.2021 08:36:24.766 GMT-0500,51.003,50.977,0.011,0.011
06.04.2021 08:36:25.128 GMT-0500,51.002,50.978,0.011,0.011
06.04.2021 08:36:25.635 GMT-0500,51.012,50.978,0.011,0.011
06.04.2021 08:36:25.716 GMT-0500,51.012,50.988,0.011,0.011
06.04.2021 08:36:26.240 GMT-0500,51.012,50.978,0.011,0.011
06.04.2021 08:36:26.341 GMT-0500,50.992,50.968,0.011,0.011
06.04.2021 08:36:26.659 GMT-0500,50.992,50.978,0.011,0.011
06.04.2021 08:36:26.710 GMT-0500,51.013000000000005,50.987,0.011,0.011
06.04.2021 08:36:27.146 GMT-0500,51.012,50.998000000000005,0.011,0.011
06.04.2021 08:36:27.197 GMT-0500,51.013000000000005,50.987,0.011,0.011
06.04.2021 08:36:27.362 GMT-0500,51.042,51.018,0.011,0.011
06.04.2021 08:36:27.685 GMT-0500,51.033,51.016999999999996,0.011,0.011
06.04.2021 08:36:27.951 GMT-0500,51.032,51.008,0.011,0.011
06.04.2021 08:36:28.001 GMT-0500,51.032,51.018,0.011,0.011
06.04.2021 08:36:28.052 GMT-0500,51.032,51.008,0.011,0.011
06.04.2021 08:36:28.348 GMT-0500,51.023,51.007,0.0008,0.011
06.04.2021 08:36:28.398 GMT-0500,51.033,51.007,0.011,0.011
06.04.2021 08:36:31.222 GMT-0500,51.033,50.997,0.011,0.011
06.04.2021 08:36:31.693 GMT-0500,51.023,50.997,0.0008,0.011
06.04.2021 08:36:31.794 GMT-0500,51.033,50.997,0.011,0.011
06.04.2021 08:36:31.844 GMT-0500,51.012,50.988,0.011,0.011
06.04.2021 08:36:32.181 GMT-0500,51.022,50.988,0.011,0.011
06.04.2021 08:36:32.322 GMT-0500,51.023,51.007,0.0008,0.0075
06.04.2021 08:36:32.372 GMT-0500,51.033,51.007,0.011,0.011
06.04.2021 08:36:32.606 GMT-0500,51.033,50.997,0.011,0.011
06.04.2021 08:36:33.232 GMT-0500,51.023,50.987,0.011,0.011
06.04.2021 08:36:34.300 GMT-0500,51.022,50.998000000000005,0.011,0.011
06.04.2021 08:36:34.674 GMT-0500,51.022,50.998000000000005,0.011,0.011
06.04.2021 08:36:34.725 GMT-0500,51.013000000000005,50.987,0.011,0.011
06.04.2021 08:36:36.671 GMT-0500,51.043000000000006,51.016999999999996,0.011,0.011
06.04.2021 08:36:36.775 GMT-0500,51.033,51.016999999999996,0.0008,0.011
06.04.2021 08:36:36.989 GMT-0500,51.022,50.998000000000005,0.011,0.011
06.04.2021 08:36:37.335 GMT-0500,51.033,50.997,0.011,0.011
06.04.2021 08:36:37.385 GMT-0500,51.032,51.008,0.011,0.011
06.04.2021 08:36:38.178 GMT-0500,51.053000000000004,51.007,0.011,0.011
06.04.2021 08:36:38.229 GMT-0500,51.043000000000006,51.007,0.011,0.011
06.04.2021 08:36:38.296 GMT-0500,51.043000000000006,51.016999999999996,0.011,0.0075
06.04.2021 08:36:38.347 GMT-0500,51.042,51.008,0.011,0.011
06.04.2021 08:36:39.182 GMT-0500,51.032,51.008,0.0008,0.011
06.04.2021 08:36:39.283 GMT-0500,51.042,51.008,0.011,0.011
06.04.2021 08:36:39.615 GMT-0500,51.033,51.007,0.0008,0.011
06.04.2021 08:36:39.766 GMT-0500,51.042,51.018,0.011,0.011
06.04.2021 08:36:40.124 GMT-0500,51.043000000000006,51.007,0.011,0.011
06.04.2021 08:36:40.174 GMT-0500,51.032,51.008,0.011,0.011
06.04.2021 08:36:40.436 GMT-0500,51.043000000000006,51.007,0.011,0.011
06.04.2021 08:36:41.182 GMT-0500,51.042,51.008,0.011,0.011
06.04.2021 08:36:41.701 GMT-0500,51.023,51.007,0.011,0.011
06.04.2021 08:36:41.756 GMT-0500,51.023,50.997,0.011,0.011
06.04.2021 08:36:42.077 GMT-0500,51.032,51.018,0.011,0.011
06.04.2021 08:36:42.165 GMT-0500,51.032,51.008,0.011,0.011
06.04.2021 08:36:43.233 GMT-0500,51.063,51.027,0.011,0.011
06.04.2021 08:36:43.559 GMT-0500,51.063,51.027,0.011,0.011
06.04.2021 08:36:43.710 GMT-0500,51.062,51.038000000000004,0.011,0.011
06.04.2021 08:36:44.705 GMT-0500,51.053000000000004,51.037,0.011,0.011
06.04.2021 08:36:44.755 GMT-0500,51.043000000000006,51.016999999999996,0.011,0.011
06.04.2021 08:36:45.296 GMT-0500,51.063,51.027,0.011,0.011
06.04.2021 08:36:45.472 GMT-0500,51.062,51.018,0.011,0.011
06.04.2021 08:36:45.725 GMT-0500,51.053000000000004,51.016999999999996,0.0008,0.011
06.04.2021 08:36:45.896 GMT-0500,51.052,51.028000000000006,0.011,0.0075
06.04.2021 08:36:46.050 GMT-0500,51.062,51.038000000000004,0.011,0.011
06.04.2021 08:36:46.100 GMT-0500,51.062,51.038000000000004,0.011,0.011
06.04.2021 08:36:46.283 GMT-0500,51.072,51.038000000000004,0.011,0.011
06.04.2021 08:36:46.640 GMT-0500,51.072,51.048,0.011,0.0075
06.04.2021 08:36:46.790 GMT-0500,51.083000000000006,51.057,0.011,0.011
06.04.2021 08:36:46.841 GMT-0500,51.092,51.058,0.011,0.011
06.04.2021 08:36:47.342 GMT-0500,51.083000000000006,51.057,0.011,0.011
06.04.2021 08:36:48.733 GMT-0500,51.083000000000006,51.057,0.011,0.011
06.04.2021 08:36:48.834 GMT-0500,51.082,51.058,0.011,0.011
06.04.2021 08:36:49.458 GMT-0500,51.082,51.058,0.011,0.011
06.04.2021 08:36:49.611 GMT-0500,51.083000000000006,51.057,0.011,0.011
06.04.2021 08:36:51.576 GMT-0500,51.073,51.057,0.0008,0.0075
06.04.2021 08:36:51.626 GMT-0500,51.072,51.038000000000004,0.011,0.011
06.04.2021 08:36:51.697 GMT-0500,51.073,51.027,0.011,0.011
06.04.2021 08:36:52.029 GMT-0500,51.063,51.016999999999996,0.011,0.011
06.04.2021 08:36:52.079 GMT-0500,51.053000000000004,51.007,0.011,0.011
06.04.2021 08:36:52.294 GMT-0500,51.052,51.018,0.011,0.011
06.04.2021 08:36:53.696 GMT-0500,51.063,51.016999999999996,0.011,0.011
06.04.2021 08:36:53.746 GMT-0500,51.062,51.028000000000006,0.011,0.011
06.04.2021 08:36:53.935 GMT-0500,51.053000000000004,51.027,0.0008,0.011
06.04.2021 08:36:54.076 GMT-0500,51.053000000000004,51.037,0.011,0.0075
06.04.2021 08:36:54.127 GMT-0500,51.053000000000004,51.027,0.011,0.011
06.04.2021 08:36:54.177 GMT-0500,51.043000000000006,51.016999999999996,0.011,0.011
06.04.2021 08:36:54.658 GMT-0500,51.043000000000006,51.027,0.011,0.011
06.04.2021 08:36:55.069 GMT-0500,51.042,51.008,0.011,0.011
06.04.2021 08:36:55.120 GMT-0500,51.032,51.008,0.011,0.011
06.04.2021 08:36:55.635 GMT-0500,51.033,51.016999999999996,0.0008,0.0075
06.04.2021 08:36:55.686 GMT-0500,51.043000000000006,51.016999999999996,0.011,0.011
06.04.2021 08:36:55.768 GMT-0500,51.042,51.008,0.011,0.011
06.04.2021 08:36:55.818 GMT-0500,51.033,51.007,0.011,0.011
06.04.2021 08:36:56.074 GMT-0500,51.022,50.998000000000005,0.0008,0.011
06.04.2021 08:36:57.187 GMT-0500,51.013000000000005,50.997,0.0008,0.0075
06.04.2021 08:36:57.237 GMT-0500,51.012,50.988,0.011,0.011
06.04.2021 08:36:57.337 GMT-0500,51.003,50.987,0.011,0.011
06.04.2021 08:36:57.442 GMT-0500,51.012,50.988,0.011,0.011
06.04.2021 08:36:57.853 GMT-0500,51.013000000000005,50.987,0.011,0.011
06.04.2021 08:36:57.903 GMT-0500,51.013000000000005,50.987,0.011,0.011
06.04.2021 08:36:57.954 GMT-0500,51.003,50.987,0.0008,0.0075
06.04.2021 08:36:58.005 GMT-0500,51.013000000000005,50.977,0.011,0.011
06.04.2021 08:36:58.609 GMT-0500,51.002,50.978,0.011,0.011
06.04.2021 08:36:58.848 GMT-0500,51.013000000000005,50.977,0.011,0.011
06.04.2021 08:36:58.898 GMT-0500,51.012,50.998000000000005,0.011,0.011
06.04.2021 08:36:59.074 GMT-0500,51.012,50.988,0.011,0.011
06.04.2021 08:36:59.570 GMT-0500,51.012,50.978,0.011,0.011
06.04.2021 08:36:59.912 GMT-0500,51.013000000000005,50.987,0.011,0.011
06.04.2021 08:37:00.189 GMT-0500,51.023,50.997,0.011,0.011
06.04.2021 08:37:00.490 GMT-0500,51.013000000000005,50.987,0.011,0.011
06.04.2021 08:37:00.806 GMT-0500,51.023,50.997,0.011,0.011
06.04.2021 08:37:01.701 GMT-0500,51.003,50.977,0.011,0.011
06.04.2021 08:37:02.247 GMT-0500,50.993,50.977,0.0008,0.011
06.04.2021 08:37:02.610 GMT-0500,51.003,50.977,0.011,0.011
06.04.2021 08:37:02.661 GMT-0500,50.993,50.977,0.011,0.011
06.04.2021 08:37:02.904 GMT-0500,50.993,50.967,0.011,0.011
06.04.2021 08:37:03.642 GMT-0500,50.993,50.987,0.0008,0.0075
06.04.2021 08:37:03.693 GMT-0500,51.013000000000005,50.987,0.011,0.011
06.04.2021 08:37:03.743 GMT-0500,51.023,50.997,0.011,0.011
06.04.2021 08:37:04.260 GMT-0500,51.022,50.998000000000005,0.011,0.011
06.04.2021 08:37:04.466 GMT-0500,51.013000000000005,50.977,0.011,0.011
06.04.2021 08:37:04.994 GMT-0500,51.013000000000005,50.997,0.011,0.011
06.04.2021 08:37:05.167 GMT-0500,51.023,50.997,0.011,0.011
06.04.2021 08:37:05.272 GMT-0500,51.022,50.998000000000005,0.011,0.011
06.04.2021 08:37:06.019 GMT-0500,51.023,51.018,0.0008,0.0075
06.04.2021 08:37:06.069 GMT-0500,51.043000000000006,51.007,0.011,0.011
06.04.2021 08:37:06.466 GMT-0500,51.033,50.997,0.011,0.011
06.04.2021 08:37:07.259 GMT-0500,51.042,50.998000000000005,0.011,0.011
06.04.2021 08:37:07.310 GMT-0500,51.043000000000006,51.007,0.011,0.011
06.04.2021 08:37:07.614 GMT-0500,51.033,51.007,0.0008,0.011
06.04.2021 08:37:07.665 GMT-0500,51.033,50.997,0.011,0.011
06.04.2021 08:37:07.964 GMT-0500,51.042,51.018,0.011,0.011
06.04.2021 08:37:09.160 GMT-0500,51.042,51.018,0.011,0.011
06.04.2021 08:37:09.210 GMT-0500,51.033,51.007,0.011,0.011
06.04.2021 08:37:09.722 GMT-0500,51.032,50.998000000000005,0.011,0.011
06.04.2021 08:37:09.837 GMT-0500,51.033,51.007,0.011,0.0075
06.04.2021 08:37:10.091 GMT-0500,51.033,51.016999999999996,0.011,0.011
06.04.2021 08:37:10.467 GMT-0500,51.052,51.018,0.011,0.011
06.04.2021 08:37:10.517 GMT-0500,51.052,51.018,0.011,0.011
06.04.2021 08:37:10.765 GMT-0500,51.063,51.037,0.011,0.011
06.04.2021 08:37:10.815 GMT-0500,51.062,51.028000000000006,0.011,0.011
06.04.2021 08:37:10.894 GMT-0500,51.062,51.018,0.011,0.011
06.04.2021 08:37:11.199 GMT-0500,51.062,51.028000000000006,0.011,0.011
06.04.2021 08:37:11.693 GMT-0500,51.073,51.027,0.011,0.011
06.04.2021 08:37:11.743 GMT-0500,51.062,51.028000000000006,0.011,0.011
06.04.2021 08:37:11.992 GMT-0500,51.042,51.028000000000006,0.011,0.011
06.04.2021 08:37:12.092 GMT-0500,51.042,51.018,0.011,0.011
06.04.2021 08:37:12.754 GMT-0500,51.052,51.018,0.011,0.011
06.04.2021 08:37:13.515 GMT-0500,51.052,51.018,0.011,0.011
06.04.2021 08:37:13.566 GMT-0500,51.053000000000004,51.016999999999996,0.011,0.011
06.04.2021 08:37:13.810 GMT-0500,51.042,51.018,0.0008,0.0075
06.04.2021 08:37:13.861 GMT-0500,51.042,50.998000000000005,0.011,0.011
06.04.2021 08:37:14.096 GMT-0500,51.032,51.008,0.011,0.011
06.04.2021 08:37:15.033 GMT-0500,51.012,50.988,0.011,0.011
06.04.2021 08:37:15.101 GMT-0500,51.023,50.987,0.011,0.011
06.04.2021 08:37:16.570 GMT-0500,51.013000000000005,50.987,0.0008,0.0075
06.04.2021 08:37:16.815 GMT-0500,51.023,50.997,0.011,0.011
06.04.2021 08:37:17.241 GMT-0500,51.043000000000006,50.997,0.011,0.011
06.04.2021 08:37:17.291 GMT-0500,51.043000000000006,51.016999999999996,0.011,0.011
06.04.2021 08:37:17.641 GMT-0500,51.053000000000004,51.016999999999996,0.011,0.011
06.04.2021 08:37:17.691 GMT-0500,51.053000000000004,51.027,0.011,0.011
06.04.2021 08:37:18.051 GMT-0500,51.063,51.027,0.011,0.011
06.04.2021 08:37:18.646 GMT-0500,51.062,51.038000000000004,0.011,0.0075
06.04.2021 08:37:18.858 GMT-0500,51.053000000000004,51.037,0.0008,0.011
06.04.2021 08:37:19.206 GMT-0500,51.043000000000006,51.037,0.0008,0.0075
06.04.2021 08:37:19.257 GMT-0500,51.053000000000004,51.037,0.011,0.011
06.04.2021 08:37:21.391 GMT-0500,51.053000000000004,51.016999999999996,0.011,0.011
06.04.2021 08:37:21.812 GMT-0500,51.042,51.028000000000006,0.011,0.011
06.04.2021 08:37:21.957 GMT-0500,51.053000000000004,51.027,0.011,0.011
06.04.2021 08:37:22.153 GMT-0500,51.042,51.028000000000006,0.0008,0.011
06.04.2021 08:37:22.573 GMT-0500,51.052,51.038000000000004,0.011,0.011
06.04.2021 08:37:23.345 GMT-0500,51.053000000000004,51.027,0.011,0.011
06.04.2021 08:37:23.709 GMT-0500,51.042,51.028000000000006,0.0008,0.011
06.04.2021 08:37:24.266 GMT-0500,51.042,51.018,0.011,0.011
06.04.2021 08:37:25.572 GMT-0500,51.042,51.008,0.011,0.011
06.04.2021 08:37:25.733 GMT-0500,51.032,51.008,0.0008,0.011
06.04.2021 08:37:26.316 GMT-0500,51.052,51.028000000000006,0.011,0.011
06.04.2021 08:37:26.366 GMT-0500,51.052,51.018,0.011,0.011
06.04.2021 08:37:26.679 GMT-0500,51.063,51.016999999999996,0.011,0.011
06.04.2021 08:37:26.729 GMT-0500,51.063,51.037,0.011,0.011
06.04.2021 08:37:26.830 GMT-0500,51.063,51.027,0.011,0.011
06.04.2021 08:37:27.072 GMT-0500,51.072,51.048,0.011,0.011
06.04.2021 08:37:27.239 GMT-0500,51.082,51.048,0.011,0.011
06.04.2021 08:37:27.289 GMT-0500,51.083000000000006,51.047,0.011,0.011
06.04.2021 08:37:28.049 GMT-0500,51.083000000000006,51.057,0.011,0.0075
06.04.2021 08:37:28.703 GMT-0500,51.063,51.037,0.011,0.011
06.04.2021 08:37:28.804 GMT-0500,51.063,51.027,0.011,0.011
06.04.2021 08:37:29.073 GMT-0500,51.043000000000006,51.027,0.0008,0.011
06.04.2021 08:37:29.123 GMT-0500,51.053000000000004,51.016999999999996,0.011,0.011
06.04.2021 08:37:29.914 GMT-0500,51.042,51.018,0.011,0.011
06.04.2021 08:37:30.030 GMT-0500,51.033,51.016999999999996,0.011,0.011
06.04.2021 08:37:30.081 GMT-0500,51.043000000000006,51.016999999999996,0.011,0.011
06.04.2021 08:37:30.202 GMT-0500,51.033,51.016999999999996,0.0008,0.011
06.04.2021 08:37:30.303 GMT-0500,51.042,51.028000000000006,0.011,0.011
06.04.2021 08:37:30.758 GMT-0500,51.023,51.007,0.011,0.011
06.04.2021 08:37:31.135 GMT-0500,51.033,51.007,0.011,0.011
06.04.2021 08:37:31.677 GMT-0500,51.033,51.007,0.011,0.011
06.04.2021 08:37:31.870 GMT-0500,51.032,51.008,0.011,0.011
06.04.2021 08:37:32.080 GMT-0500,51.042,51.008,0.011,0.011
06.04.2021 08:37:32.466 GMT-0500,51.042,51.008,0.011,0.011
06.04.2021 08:37:32.567 GMT-0500,51.023,50.997,0.011,0.011
06.04.2021 08:37:32.809 GMT-0500,51.023,50.987,0.011,0.011
06.04.2021 08:37:32.859 GMT-0500,51.013000000000005,50.987,0.011,0.011
06.04.2021 08:37:33.045 GMT-0500,51.022,51.008,0.011,0.011
06.04.2021 08:37:33.095 GMT-0500,51.032,51.008,0.011,0.011
06.04.2021 08:37:33.215 GMT-0500,51.022,51.008,0.011,0.011
06.04.2021 08:37:33.265 GMT-0500,51.022,50.998000000000005,0.011,0.011
06.04.2021 08:37:33.525 GMT-0500,51.023,50.987,0.011,0.011
06.04.2021 08:37:33.575 GMT-0500,51.023,50.997,0.011,0.011
06.04.2021 08:37:33.906 GMT-0500,51.023,50.987,0.011,0.011
06.04.2021 08:37:34.053 GMT-0500,51.032,50.998000000000005,0.011,0.011
06.04.2021 08:37:34.356 GMT-0500,51.023,50.987,0.011,0.011
06.04.2021 08:37:34.598 GMT-0500,51.023,50.997,0.011,0.011
06.04.2021 08:37:34.699 GMT-0500,51.013000000000005,50.997,0.011,0.011
06.04.2021 08:37:34.857 GMT-0500,51.023,50.997,0.011,0.011
06.04.2021 08:37:37.836 GMT-0500,51.023,50.987,0.011,0.011
06.04.2021 08:37:37.886 GMT-0500,51.012,50.988,0.011,0.011
06.04.2021 08:37:38.264 GMT-0500,51.002,50.988,0.011,0.011
06.04.2021 08:37:38.627 GMT-0500,50.992,50.978,0.011,0.0075
06.04.2021 08:37:38.678 GMT-0500,50.992,50.968,0.011,0.011
06.04.2021 08:37:39.691 GMT-0500,50.992,50.987,0.0008,0.0075
06.04.2021 08:37:39.742 GMT-0500,51.012,50.988,0.011,0.011
06.04.2021 08:37:40.041 GMT-0500,51.003,50.977,0.011,0.011
06.04.2021 08:37:40.556 GMT-0500,51.013000000000005,50.997,0.011,0.011
06.04.2021 08:37:40.810 GMT-0500,51.013000000000005,50.987,0.011,0.011
06.04.2021 08:37:40.948 GMT-0500,51.023,50.997,0.011,0.011
06.04.2021 08:37:41.136 GMT-0500,51.032,50.998000000000005,0.011,0.011
06.04.2021 08:37:41.260 GMT-0500,51.023,50.997,0.011,0.011
06.04.2021 08:37:42.647 GMT-0500,51.013000000000005,50.997,0.0008,0.011
06.04.2021 08:37:43.344 GMT-0500,51.013000000000005,50.987,0.011,0.011
06.04.2021 08:37:43.898 GMT-0500,51.003,50.987,0.011,0.011
06.04.2021 08:37:43.948 GMT-0500,51.013000000000005,50.977,0.011,0.011
06.04.2021 08:37:44.330 GMT-0500,51.003,50.977,0.011,0.011
06.04.2021 08:37:44.634 GMT-0500,51.003,50.977,0.011,0.011
06.04.2021 08:37:45.214 GMT-0500,51.003,50.997,0.0008,0.0075
06.04.2021 08:37:45.264 GMT-0500,51.023,50.997,0.011,0.011
06.04.2021 08:37:45.504 GMT-0500,51.012,50.998000000000005,0.0008,0.0075
06.04.2021 08:37:45.555 GMT-0500,51.012,50.988,0.011,0.011
06.04.2021 08:37:45.998 GMT-0500,51.033,50.997,0.011,0.011
06.04.2021 08:37:46.288 GMT-0500,51.022,50.998000000000005,0.011,0.011
06.04.2021 08:37:46.939 GMT-0500,51.023,51.007,0.011,0.0075
06.04.2021 08:37:47.394 GMT-0500,51.022,50.988,0.011,0.011
06.04.2021 08:37:47.445 GMT-0500,51.012,50.988,0.011,0.011
06.04.2021 08:37:47.586 GMT-0500,51.022,50.988,0.011,0.011
06.04.2021 08:37:49.406 GMT-0500,51.013000000000005,50.987,0.011,0.011
06.04.2021 08:37:49.457 GMT-0500,51.023,50.987,0.011,0.011
06.04.2021 08:37:49.611 GMT-0500,51.022,50.988,0.011,0.011
06.04.2021 08:37:50.323 GMT-0500,51.013000000000005,50.997,0.0008,0.0075
06.04.2021 08:37:50.373 GMT-0500,51.032,50.998000000000005,0.011,0.011
06.04.2021 08:37:50.451 GMT-0500,51.033,51.007,0.011,0.011
06.04.2021 08:37:50.502 GMT-0500,51.033,50.997,0.011,0.011
