Local time,Ask,Bid,AskVolume,BidVolume
07.04.2021 08:30:00.009 GMT-0500,51.902,51.648,0.011,0.011
07.04.2021 08:30:00.110 GMT-0500,51.903000000000006,51.737,0.011,0.011
07.04.2021 08:30:00.521 GMT-0500,51.903000000000006,51.747,0.011,0.011
07.04.2021 08:30:00.574 GMT-0500,51.903000000000006,51.737,0.011,0.011
07.04.2021 08:30:01.226 GMT-0500,51.812,51.738,0.0008,0.011
07.04.2021 08:30:01.377 GMT-0500,51.792,51.758,0.011,0.011
07.04.2021 08:30:01.554 GMT-0500,51.793000000000006,51.707,0.011,0.011
07.04.2021 08:30:01.605 GMT-0500,51.773,51.707,0.011,0.011
07.04.2021 08:30:02.117 GMT-0500,51.773,51.707,0.011,0.011
07.04.2021 08:30:02.335 GMT-0500,51.762,51.728,0.011,0.0075
07.04.2021 08:30:02.977 GMT-0500,51.752,51.708000000000006,0.011,0.011
07.04.2021 08:30:03.027 GMT-0500,51.742,51.708000000000006,0.011,0.011
07.04.2021 08:30:04.102 GMT-0500,51.723000000000006,51.707,0.0008,0.0075
07.04.2021 08:30:04.152 GMT-0500,51.733000000000004,51.707,0.011,0.011
07.04.2021 08:30:04.269 GMT-0500,51.733000000000004,51.697,0.011,0.011
07.04.2021 08:30:04.341 GMT-0500,51.732,51.698,0.011,0.011
07.04.2021 08:30:07.834 GMT-0500,51.743,51.697,0.011,0.011
07.04.2021 08:30:08.300 GMT-0500,51.713,51.687,0.011,0.011
07.04.2021 08:30:08.350 GMT-0500,51.743,51.687,0.011,0.011
07.04.2021 08:30:09.883 GMT-0500,51.711999999999996,51.688,0.011,0.011
07.04.2021 08:30:10.074 GMT-0500,51.703,51.647,0.011,0.011
07.04.2021 08:30:10.252 GMT-0500,51.702,51.648,0.011,0.011
07.04.2021 08:30:10.302 GMT-0500,51.742,51.608000000000004,0.011,0.011
07.04.2021 08:30:10.353 GMT-0500,51.682,51.608000000000004,0.011,0.011
07.04.2021 08:30:11.897 GMT-0500,51.683,51.607,0.011,0.011
07.04.2021 08:30:12.241 GMT-0500,51.673,51.607,0.011,0.011
07.04.2021 08:30:12.291 GMT-0500,51.653000000000006,51.607,0.011,0.011
07.04.2021 08:30:12.342 GMT-0500,51.683,51.607,0.011,0.011
07.04.2021 08:30:12.918 GMT-0500,51.632,51.608000000000004,0.0008,0.0075
07.04.2021 08:30:12.969 GMT-0500,51.672,51.598000000000006,0.011,0.011
07.04.2021 08:30:13.069 GMT-0500,51.643,51.586999999999996,0.011,0.011
07.04.2021 08:30:13.945 GMT-0500,51.641999999999996,51.598000000000006,0.011,0.0075
07.04.2021 08:30:15.497 GMT-0500,51.683,51.607,0.011,0.011
07.04.2021 08:30:15.744 GMT-0500,51.692,51.648,0.011,0.0075
07.04.2021 08:30:15.845 GMT-0500,51.682,51.648,0.011,0.011
07.04.2021 08:30:15.992 GMT-0500,51.682,51.668000000000006,0.011,0.011
07.04.2021 08:30:16.043 GMT-0500,51.693000000000005,51.647,0.011,0.011
07.04.2021 08:30:16.492 GMT-0500,51.693000000000005,51.637,0.011,0.011
07.04.2021 08:30:17.059 GMT-0500,51.683,51.637,0.011,0.011
07.04.2021 08:30:17.573 GMT-0500,51.683,51.586999999999996,0.011,0.011
07.04.2021 08:30:19.720 GMT-0500,51.682,51.628,0.011,0.0075
07.04.2021 08:30:20.250 GMT-0500,51.683,51.627,0.011,0.011
07.04.2021 08:30:20.301 GMT-0500,51.702,51.658,0.011,0.011
07.04.2021 08:30:21.220 GMT-0500,51.693000000000005,51.627,0.011,0.011
07.04.2021 08:30:21.969 GMT-0500,51.702,51.618,0.011,0.011
07.04.2021 08:30:22.368 GMT-0500,51.703,51.617,0.011,0.011
07.04.2021 08:30:22.468 GMT-0500,51.702,51.638000000000005,0.011,0.011
07.04.2021 08:30:25.121 GMT-0500,51.682,51.638000000000005,0.0008,0.011
07.04.2021 08:30:25.249 GMT-0500,51.673,51.637,0.0008,0.0075
07.04.2021 08:30:25.299 GMT-0500,51.662,51.598000000000006,0.011,0.011
07.04.2021 08:30:25.400 GMT-0500,51.641999999999996,51.588,0.011,0.011
07.04.2021 08:30:25.759 GMT-0500,51.652,51.608000000000004,0.011,0.011
07.04.2021 08:30:25.859 GMT-0500,51.672,51.618,0.011,0.011
07.04.2021 08:30:25.912 GMT-0500,51.672,51.618,0.011,0.011
07.04.2021 08:30:25.963 GMT-0500,51.682,51.618,0.011,0.011
07.04.2021 08:30:26.013 GMT-0500,51.692,51.628,0.011,0.011
07.04.2021 08:30:26.063 GMT-0500,51.703,51.627,0.011,0.011
07.04.2021 08:30:26.114 GMT-0500,51.693000000000005,51.627,0.011,0.011
07.04.2021 08:30:26.494 GMT-0500,51.703,51.647,0.011,0.011
07.04.2021 08:30:26.616 GMT-0500,51.692,51.658,0.0008,0.011
07.04.2021 08:30:26.666 GMT-0500,51.702,51.658,0.011,0.011
07.04.2021 08:30:26.797 GMT-0500,51.693000000000005,51.657,0.0008,0.0075
07.04.2021 08:30:26.847 GMT-0500,51.692,51.638000000000005,0.011,0.011
07.04.2021 08:30:27.678 GMT-0500,51.683,51.637,0.0008,0.0075
07.04.2021 08:30:27.729 GMT-0500,51.692,51.628,0.011,0.011
07.04.2021 08:30:28.142 GMT-0500,51.703,51.627,0.011,0.011
07.04.2021 08:30:28.234 GMT-0500,51.702,51.618,0.011,0.011
07.04.2021 08:30:28.285 GMT-0500,51.692,51.618,0.011,0.011
07.04.2021 08:30:28.335 GMT-0500,51.703,51.667,0.011,0.011
07.04.2021 08:30:28.385 GMT-0500,51.673,51.627,0.011,0.011
07.04.2021 08:30:28.436 GMT-0500,51.682,51.658,0.011,0.011
07.04.2021 08:30:29.014 GMT-0500,51.703,51.657,0.011,0.011
07.04.2021 08:30:29.065 GMT-0500,51.703,51.677,0.011,0.011
07.04.2021 08:30:30.168 GMT-0500,51.703,51.657,0.011,0.011
07.04.2021 08:30:34.364 GMT-0500,51.703,51.647,0.011,0.011
07.04.2021 08:30:35.292 GMT-0500,51.692,51.648,0.011,0.011
07.04.2021 08:30:36.892 GMT-0500,51.641999999999996,51.598000000000006,0.011,0.011
07.04.2021 08:30:37.303 GMT-0500,51.643,51.586999999999996,0.011,0.011
07.04.2021 08:30:37.354 GMT-0500,51.612,51.588,0.011,0.011
07.04.2021 08:30:37.454 GMT-0500,51.652,51.598000000000006,0.011,0.011
07.04.2021 08:30:39.087 GMT-0500,51.652,51.628,0.0008,0.0075
07.04.2021 08:30:39.137 GMT-0500,51.662,51.618,0.011,0.011
07.04.2021 08:30:39.356 GMT-0500,51.662,51.608000000000004,0.011,0.011
07.04.2021 08:30:39.407 GMT-0500,51.663000000000004,51.597,0.011,0.011
07.04.2021 08:30:39.457 GMT-0500,51.641999999999996,51.588,0.011,0.011
07.04.2021 08:30:40.145 GMT-0500,51.643,51.607,0.011,0.011
07.04.2021 08:30:40.196 GMT-0500,51.641999999999996,51.598000000000006,0.011,0.011
07.04.2021 08:30:40.740 GMT-0500,51.633,51.597,0.0008,0.011
07.04.2021 08:30:41.801 GMT-0500,51.632,51.588,0.011,0.011
07.04.2021 08:30:45.115 GMT-0500,51.632,51.608000000000004,0.0008,0.0075
07.04.2021 08:30:45.166 GMT-0500,51.643,51.607,0.011,0.011
07.04.2021 08:30:45.533 GMT-0500,51.641999999999996,51.618,0.011,0.011
07.04.2021 08:30:45.583 GMT-0500,51.641999999999996,51.588,0.011,0.011
07.04.2021 08:30:46.771 GMT-0500,51.641999999999996,51.588,0.011,0.011
07.04.2021 08:30:47.334 GMT-0500,51.641999999999996,51.608000000000004,0.011,0.011
07.04.2021 08:30:47.384 GMT-0500,51.641999999999996,51.598000000000006,0.011,0.011
07.04.2021 08:30:47.624 GMT-0500,51.641999999999996,51.608000000000004,0.011,0.011
07.04.2021 08:30:47.674 GMT-0500,51.643,51.597,0.011,0.011
07.04.2021 08:30:47.936 GMT-0500,51.641999999999996,51.588,0.011,0.011
07.04.2021 08:30:47.986 GMT-0500,51.643,51.597,0.011,0.011
07.04.2021 08:30:48.246 GMT-0500,51.641999999999996,51.588,0.011,0.011
07.04.2021 08:30:49.443 GMT-0500,51.643,51.597,0.011,0.011
07.04.2021 08:30:49.544 GMT-0500,51.643,51.607,0.011,0.011
07.04.2021 08:30:50.118 GMT-0500,51.683,51.647,0.011,0.011
07.04.2021 08:30:50.414 GMT-0500,51.693000000000005,51.647,0.011,0.011
07.04.2021 08:30:50.464 GMT-0500,51.693000000000005,51.657,0.011,0.011
07.04.2021 08:30:50.781 GMT-0500,51.692,51.648,0.011,0.011
07.04.2021 08:30:51.511 GMT-0500,51.702,51.658,0.011,0.011
07.04.2021 08:30:51.612 GMT-0500,51.702,51.668000000000006,0.011,0.011
07.04.2021 08:30:51.813 GMT-0500,51.683,51.667,0.0008,0.0075
07.04.2021 08:30:51.863 GMT-0500,51.682,51.658,0.011,0.011
07.04.2021 08:30:52.298 GMT-0500,51.682,51.648,0.0008,0.011
07.04.2021 08:30:52.507 GMT-0500,51.703,51.647,0.011,0.011
07.04.2021 08:30:52.651 GMT-0500,51.682,51.648,0.011,0.011
07.04.2021 08:30:52.756 GMT-0500,51.683,51.637,0.011,0.011
07.04.2021 08:30:53.262 GMT-0500,51.693000000000005,51.637,0.011,0.011
07.04.2021 08:30:53.527 GMT-0500,51.692,51.638000000000005,0.011,0.011
07.04.2021 08:30:54.099 GMT-0500,51.693000000000005,51.637,0.011,0.011
07.04.2021 08:30:55.465 GMT-0500,51.693000000000005,51.637,0.011,0.011
07.04.2021 08:30:55.516 GMT-0500,51.703,51.657,0.011,0.011
07.04.2021 08:30:57.808 GMT-0500,51.682,51.658,0.0008,0.011
07.04.2021 08:30:57.858 GMT-0500,51.693000000000005,51.657,0.011,0.011
07.04.2021 08:30:58.186 GMT-0500,51.693000000000005,51.647,0.011,0.011
07.04.2021 08:31:00.189 GMT-0500,51.692,51.638000000000005,0.011,0.011
07.04.2021 08:31:01.076 GMT-0500,51.692,51.638000000000005,0.011,0.011
07.04.2021 08:31:01.126 GMT-0500,51.693000000000005,51.637,0.011,0.011
07.04.2021 08:31:01.316 GMT-0500,51.693000000000005,51.637,0.011,0.011
07.04.2021 08:31:01.466 GMT-0500,51.692,51.638000000000005,0.011,0.011
07.04.2021 08:31:02.549 GMT-0500,51.693000000000005,51.637,0.011,0.011
07.04.2021 08:31:02.650 GMT-0500,51.692,51.658,0.011,0.011
07.04.2021 08:31:02.700 GMT-0500,51.692,51.648,0.011,0.011
07.04.2021 08:31:03.505 GMT-0500,51.673,51.637,0.011,0.011
07.04.2021 08:31:03.555 GMT-0500,51.711999999999996,51.678000000000004,0.011,0.011
07.04.2021 08:31:03.908 GMT-0500,51.703,51.647,0.011,0.011
07.04.2021 08:31:04.132 GMT-0500,51.702,51.658,0.011,0.011
07.04.2021 08:31:04.182 GMT-0500,51.702,51.648,0.011,0.011
07.04.2021 08:31:04.389 GMT-0500,51.711999999999996,51.648,0.011,0.011
07.04.2021 08:31:04.463 GMT-0500,51.711999999999996,51.648,0.011,0.011
07.04.2021 08:31:04.513 GMT-0500,51.711999999999996,51.648,0.011,0.011
07.04.2021 08:31:04.667 GMT-0500,51.702,51.648,0.011,0.011
07.04.2021 08:31:04.718 GMT-0500,51.713,51.647,0.011,0.011
07.04.2021 08:31:04.975 GMT-0500,51.702,51.648,0.0008,0.011
07.04.2021 08:31:05.155 GMT-0500,51.713,51.647,0.011,0.011
07.04.2021 08:31:05.205 GMT-0500,51.692,51.638000000000005,0.011,0.011
07.04.2021 08:31:05.356 GMT-0500,51.682,51.628,0.011,0.011
07.04.2021 08:31:05.558 GMT-0500,51.663000000000004,51.617,0.011,0.011
07.04.2021 08:31:05.609 GMT-0500,51.683,51.607,0.011,0.011
07.04.2021 08:31:05.709 GMT-0500,51.673,51.607,0.011,0.011
07.04.2021 08:31:05.810 GMT-0500,51.682,51.608000000000004,0.011,0.011
07.04.2021 08:31:05.860 GMT-0500,51.672,51.618,0.011,0.011
07.04.2021 08:31:05.910 GMT-0500,51.672,51.608000000000004,0.011,0.011
07.04.2021 08:31:06.151 GMT-0500,51.682,51.608000000000004,0.011,0.011
07.04.2021 08:31:06.281 GMT-0500,51.683,51.617,0.011,0.0075
07.04.2021 08:31:06.331 GMT-0500,51.683,51.607,0.011,0.011
07.04.2021 08:31:06.494 GMT-0500,51.683,51.617,0.011,0.0075
07.04.2021 08:31:06.695 GMT-0500,51.673,51.607,0.011,0.011
07.04.2021 08:31:06.799 GMT-0500,51.673,51.617,0.011,0.011
07.04.2021 08:31:06.850 GMT-0500,51.682,51.618,0.011,0.011
07.04.2021 08:31:07.196 GMT-0500,51.683,51.607,0.011,0.011
07.04.2021 08:31:07.604 GMT-0500,51.683,51.617,0.011,0.0075
07.04.2021 08:31:07.855 GMT-0500,51.663000000000004,51.617,0.011,0.011
07.04.2021 08:31:07.906 GMT-0500,51.662,51.598000000000006,0.011,0.011
07.04.2021 08:31:08.006 GMT-0500,51.672,51.598000000000006,0.011,0.011
07.04.2021 08:31:08.230 GMT-0500,51.673,51.617,0.011,0.0075
07.04.2021 08:31:08.280 GMT-0500,51.673,51.607,0.011,0.011
07.04.2021 08:31:08.339 GMT-0500,51.672,51.608000000000004,0.011,0.011
07.04.2021 08:31:08.443 GMT-0500,51.662,51.608000000000004,0.011,0.011
07.04.2021 08:31:08.493 GMT-0500,51.672,51.608000000000004,0.011,0.011
07.04.2021 08:31:09.111 GMT-0500,51.673,51.607,0.011,0.011
07.04.2021 08:31:09.262 GMT-0500,51.672,51.608000000000004,0.011,0.011
07.04.2021 08:31:09.472 GMT-0500,51.662,51.608000000000004,0.0008,0.011
07.04.2021 08:31:09.644 GMT-0500,51.672,51.608000000000004,0.011,0.011
07.04.2021 08:31:09.835 GMT-0500,51.683,51.607,0.011,0.011
07.04.2021 08:31:09.886 GMT-0500,51.672,51.608000000000004,0.011,0.011
07.04.2021 08:31:09.997 GMT-0500,51.682,51.618,0.011,0.011
07.04.2021 08:31:10.195 GMT-0500,51.672,51.638000000000005,0.011,0.011
07.04.2021 08:31:10.245 GMT-0500,51.682,51.638000000000005,0.011,0.011
07.04.2021 08:31:10.698 GMT-0500,51.683,51.617,0.011,0.011
07.04.2021 08:31:10.748 GMT-0500,51.673,51.617,0.011,0.011
07.04.2021 08:31:11.204 GMT-0500,51.672,51.638000000000005,0.011,0.011
07.04.2021 08:31:11.254 GMT-0500,51.672,51.628,0.011,0.011
07.04.2021 08:31:11.697 GMT-0500,51.672,51.618,0.011,0.011
07.04.2021 08:31:11.965 GMT-0500,51.672,51.618,0.011,0.011
07.04.2021 08:31:12.508 GMT-0500,51.673,51.637,0.011,0.0075
07.04.2021 08:31:12.558 GMT-0500,51.672,51.618,0.011,0.011
07.04.2021 08:31:12.609 GMT-0500,51.672,51.628,0.011,0.011
07.04.2021 08:31:12.999 GMT-0500,51.672,51.618,0.011,0.011
07.04.2021 08:31:13.220 GMT-0500,51.673,51.607,0.011,0.011
07.04.2021 08:31:13.320 GMT-0500,51.673,51.617,0.011,0.011
07.04.2021 08:31:13.835 GMT-0500,51.672,51.628,0.011,0.011
07.04.2021 08:31:13.996 GMT-0500,51.683,51.627,0.011,0.011
07.04.2021 08:31:14.151 GMT-0500,51.683,51.647,0.011,0.0075
07.04.2021 08:31:14.499 GMT-0500,51.683,51.647,0.011,0.011
07.04.2021 08:31:14.549 GMT-0500,51.683,51.627,0.011,0.011
07.04.2021 08:31:15.141 GMT-0500,51.683,51.647,0.011,0.011
07.04.2021 08:31:15.191 GMT-0500,51.682,51.638000000000005,0.011,0.011
07.04.2021 08:31:16.237 GMT-0500,51.672,51.638000000000005,0.011,0.011
07.04.2021 08:31:16.288 GMT-0500,51.682,51.638000000000005,0.011,0.011
07.04.2021 08:31:16.477 GMT-0500,51.683,51.627,0.011,0.011
07.04.2021 08:31:16.578 GMT-0500,51.683,51.637,0.011,0.011
07.04.2021 08:31:17.243 GMT-0500,51.672,51.628,0.011,0.011
07.04.2021 08:31:17.343 GMT-0500,51.682,51.628,0.011,0.011
07.04.2021 08:31:17.394 GMT-0500,51.683,51.637,0.011,0.011
07.04.2021 08:31:17.507 GMT-0500,51.682,51.628,0.011,0.011
07.04.2021 08:31:17.648 GMT-0500,51.683,51.627,0.011,0.011
07.04.2021 08:31:19.316 GMT-0500,51.683,51.627,0.011,0.011
07.04.2021 08:31:19.367 GMT-0500,51.652,51.618,0.011,0.011
07.04.2021 08:31:19.574 GMT-0500,51.683,51.617,0.011,0.011
07.04.2021 08:31:20.701 GMT-0500,51.682,51.628,0.011,0.011
07.04.2021 08:31:20.809 GMT-0500,51.683,51.637,0.011,0.011
07.04.2021 08:31:21.441 GMT-0500,51.682,51.658,0.011,0.0075
07.04.2021 08:31:21.491 GMT-0500,51.683,51.647,0.011,0.011
07.04.2021 08:31:23.196 GMT-0500,51.683,51.647,0.011,0.011
07.04.2021 08:31:23.246 GMT-0500,51.711999999999996,51.658,0.011,0.011
07.04.2021 08:31:23.429 GMT-0500,51.723000000000006,51.657,0.011,0.011
07.04.2021 08:31:23.479 GMT-0500,51.713,51.657,0.011,0.011
07.04.2021 08:31:23.753 GMT-0500,51.702,51.658,0.0008,0.011
07.04.2021 08:31:23.803 GMT-0500,51.713,51.657,0.011,0.011
07.04.2021 08:31:24.280 GMT-0500,51.702,51.658,0.0008,0.011
07.04.2021 08:31:24.330 GMT-0500,51.711999999999996,51.658,0.011,0.011
07.04.2021 08:31:25.016 GMT-0500,51.702,51.658,0.0008,0.011
07.04.2021 08:31:25.216 GMT-0500,51.723000000000006,51.677,0.011,0.011
07.04.2021 08:31:25.403 GMT-0500,51.732,51.678000000000004,0.011,0.011
07.04.2021 08:31:25.453 GMT-0500,51.743,51.697,0.011,0.011
07.04.2021 08:31:25.603 GMT-0500,51.752,51.698,0.011,0.011
07.04.2021 08:31:25.785 GMT-0500,51.742,51.698,0.011,0.011
07.04.2021 08:31:25.886 GMT-0500,51.753,51.717,0.011,0.011
07.04.2021 08:31:26.010 GMT-0500,51.752,51.708000000000006,0.011,0.011
07.04.2021 08:31:26.723 GMT-0500,51.753,51.737,0.011,0.011
07.04.2021 08:31:26.773 GMT-0500,51.752,51.708000000000006,0.011,0.011
07.04.2021 08:31:26.824 GMT-0500,51.763000000000005,51.697,0.011,0.011
07.04.2021 08:31:26.970 GMT-0500,51.763000000000005,51.697,0.011,0.011
07.04.2021 08:31:27.439 GMT-0500,51.752,51.698,0.011,0.011
07.04.2021 08:31:27.489 GMT-0500,51.753,51.697,0.011,0.011
07.04.2021 08:31:27.540 GMT-0500,51.762,51.688,0.011,0.011
07.04.2021 08:31:27.590 GMT-0500,51.763000000000005,51.707,0.011,0.011
07.04.2021 08:31:28.171 GMT-0500,51.763000000000005,51.697,0.011,0.011
07.04.2021 08:31:28.906 GMT-0500,51.763000000000005,51.687,0.011,0.011
07.04.2021 08:31:28.957 GMT-0500,51.753,51.697,0.011,0.011
07.04.2021 08:31:29.131 GMT-0500,51.763000000000005,51.697,0.011,0.011
07.04.2021 08:31:29.181 GMT-0500,51.762,51.708000000000006,0.011,0.011
07.04.2021 08:31:29.462 GMT-0500,51.762,51.728,0.011,0.0075
07.04.2021 08:31:29.910 GMT-0500,51.762,51.708000000000006,0.011,0.011
07.04.2021 08:31:30.917 GMT-0500,51.762,51.718,0.011,0.011
07.04.2021 08:31:31.035 GMT-0500,51.762,51.748000000000005,0.0008,0.0075
07.04.2021 08:31:31.085 GMT-0500,51.772,51.748000000000005,0.011,0.011
07.04.2021 08:31:32.022 GMT-0500,51.763000000000005,51.737,0.011,0.011
07.04.2021 08:31:32.140 GMT-0500,51.762,51.728,0.011,0.011
07.04.2021 08:31:32.191 GMT-0500,51.752,51.728,0.011,0.011
07.04.2021 08:31:33.851 GMT-0500,51.753,51.717,0.011,0.011
07.04.2021 08:31:34.045 GMT-0500,51.752,51.708000000000006,0.011,0.011
07.04.2021 08:31:34.346 GMT-0500,51.752,51.728,0.011,0.0075
07.04.2021 08:31:34.817 GMT-0500,51.753,51.717,0.011,0.011
07.04.2021 08:31:36.509 GMT-0500,51.753,51.707,0.011,0.011
07.04.2021 08:31:37.597 GMT-0500,51.762,51.738,0.011,0.011
07.04.2021 08:31:38.088 GMT-0500,51.763000000000005,51.727,0.011,0.011
07.04.2021 08:31:40.607 GMT-0500,51.762,51.718,0.011,0.011
07.04.2021 08:31:42.371 GMT-0500,51.762,51.718,0.011,0.011
07.04.2021 08:31:42.788 GMT-0500,51.762,51.728,0.011,0.011
07.04.2021 08:31:42.838 GMT-0500,51.763000000000005,51.727,0.011,0.011
07.04.2021 08:31:42.965 GMT-0500,51.763000000000005,51.737,0.011,0.0075
07.04.2021 08:31:43.416 GMT-0500,51.772,51.738,0.011,0.011
07.04.2021 08:31:44.038 GMT-0500,51.773,51.757,0.011,0.011
07.04.2021 08:31:44.088 GMT-0500,51.782,51.758,0.011,0.011
07.04.2021 08:31:44.139 GMT-0500,51.782,51.768,0.011,0.011
07.04.2021 08:31:44.189 GMT-0500,51.783,51.757,0.011,0.011
07.04.2021 08:31:45.346 GMT-0500,51.792,51.758,0.011,0.011
07.04.2021 08:31:45.906 GMT-0500,51.792,51.748000000000005,0.011,0.011
07.04.2021 08:31:47.761 GMT-0500,51.792,51.758,0.011,0.011
07.04.2021 08:31:47.812 GMT-0500,51.792,51.748000000000005,0.011,0.011
07.04.2021 08:31:48.677 GMT-0500,51.793000000000006,51.737,0.011,0.011
07.04.2021 08:31:48.727 GMT-0500,51.763000000000005,51.737,0.011,0.011
07.04.2021 08:31:49.033 GMT-0500,51.773,51.737,0.011,0.011
07.04.2021 08:31:50.431 GMT-0500,51.772,51.748000000000005,0.011,0.011
07.04.2021 08:31:50.915 GMT-0500,51.772,51.738,0.011,0.011
07.04.2021 08:31:50.967 GMT-0500,51.762,51.738,0.011,0.011
07.04.2021 08:31:51.509 GMT-0500,51.753,51.737,0.0008,0.0075
07.04.2021 08:31:51.560 GMT-0500,51.732,51.708000000000006,0.011,0.011
07.04.2021 08:31:53.093 GMT-0500,51.723000000000006,51.677,0.011,0.011
07.04.2021 08:31:53.193 GMT-0500,51.732,51.688,0.011,0.011
07.04.2021 08:31:53.244 GMT-0500,51.732,51.678000000000004,0.011,0.011
07.04.2021 08:31:53.412 GMT-0500,51.732,51.678000000000004,0.011,0.011
07.04.2021 08:31:53.562 GMT-0500,51.732,51.688,0.011,0.011
07.04.2021 08:31:53.734 GMT-0500,51.733000000000004,51.697,0.011,0.011
07.04.2021 08:31:54.431 GMT-0500,51.733000000000004,51.707,0.011,0.011
07.04.2021 08:31:54.481 GMT-0500,51.733000000000004,51.697,0.011,0.011
07.04.2021 08:31:55.610 GMT-0500,51.732,51.708000000000006,0.011,0.0075
07.04.2021 08:31:55.986 GMT-0500,51.732,51.688,0.011,0.011
07.04.2021 08:31:56.037 GMT-0500,51.723000000000006,51.687,0.011,0.011
07.04.2021 08:31:56.087 GMT-0500,51.723000000000006,51.697,0.011,0.011
07.04.2021 08:31:56.233 GMT-0500,51.722,51.688,0.011,0.011
07.04.2021 08:31:57.761 GMT-0500,51.723000000000006,51.697,0.011,0.011
07.04.2021 08:31:58.437 GMT-0500,51.722,51.678000000000004,0.011,0.011
07.04.2021 08:31:59.122 GMT-0500,51.722,51.678000000000004,0.011,0.011
07.04.2021 08:31:59.388 GMT-0500,51.722,51.688,0.011,0.011
07.04.2021 08:31:59.489 GMT-0500,51.733000000000004,51.697,0.011,0.011
07.04.2021 08:31:59.539 GMT-0500,51.752,51.718,0.011,0.011
07.04.2021 08:31:59.590 GMT-0500,51.762,51.718,0.011,0.011
07.04.2021 08:31:59.970 GMT-0500,51.762,51.728,0.0008,0.0075
07.04.2021 08:32:00.020 GMT-0500,51.763000000000005,51.717,0.011,0.011
07.04.2021 08:32:00.121 GMT-0500,51.773,51.727,0.011,0.011
07.04.2021 08:32:00.717 GMT-0500,51.762,51.718,0.011,0.011
07.04.2021 08:32:01.251 GMT-0500,51.762,51.708000000000006,0.011,0.011
07.04.2021 08:32:01.390 GMT-0500,51.752,51.708000000000006,0.0008,0.011
07.04.2021 08:32:01.491 GMT-0500,51.742,51.698,0.011,0.011
07.04.2021 08:32:02.005 GMT-0500,51.742,51.708000000000006,0.0008,0.0075
07.04.2021 08:32:02.056 GMT-0500,51.753,51.707,0.011,0.011
07.04.2021 08:32:03.383 GMT-0500,51.752,51.698,0.011,0.011
07.04.2021 08:32:04.241 GMT-0500,51.763000000000005,51.697,0.011,0.011
07.04.2021 08:32:04.291 GMT-0500,51.742,51.698,0.011,0.011
07.04.2021 08:32:05.136 GMT-0500,51.742,51.718,0.011,0.0075
07.04.2021 08:32:05.187 GMT-0500,51.772,51.728,0.011,0.011
07.04.2021 08:32:05.494 GMT-0500,51.772,51.718,0.011,0.011
07.04.2021 08:32:05.801 GMT-0500,51.762,51.708000000000006,0.0008,0.011
07.04.2021 08:32:06.064 GMT-0500,51.762,51.708000000000006,0.011,0.011
07.04.2021 08:32:06.115 GMT-0500,51.763000000000005,51.717,0.011,0.011
07.04.2021 08:32:06.397 GMT-0500,51.763000000000005,51.717,0.011,0.011
07.04.2021 08:32:06.699 GMT-0500,51.762,51.708000000000006,0.011,0.011
07.04.2021 08:32:06.873 GMT-0500,51.763000000000005,51.717,0.011,0.0075
07.04.2021 08:32:06.974 GMT-0500,51.763000000000005,51.707,0.011,0.011
07.04.2021 08:32:07.082 GMT-0500,51.763000000000005,51.727,0.011,0.011
07.04.2021 08:32:07.206 GMT-0500,51.762,51.738,0.011,0.0075
07.04.2021 08:32:07.256 GMT-0500,51.762,51.728,0.011,0.011
07.04.2021 08:32:07.356 GMT-0500,51.762,51.718,0.011,0.011
07.04.2021 08:32:08.124 GMT-0500,51.772,51.738,0.011,0.011
07.04.2021 08:32:09.818 GMT-0500,51.762,51.738,0.0008,0.0075
07.04.2021 08:32:09.868 GMT-0500,51.772,51.728,0.011,0.011
07.04.2021 08:32:09.977 GMT-0500,51.762,51.728,0.011,0.011
07.04.2021 08:32:12.505 GMT-0500,51.752,51.698,0.011,0.011
07.04.2021 08:32:12.555 GMT-0500,51.752,51.708000000000006,0.011,0.011
07.04.2021 08:32:12.670 GMT-0500,51.743,51.707,0.011,0.0075
07.04.2021 08:32:12.721 GMT-0500,51.732,51.688,0.011,0.011
07.04.2021 08:32:12.896 GMT-0500,51.732,51.678000000000004,0.011,0.011
07.04.2021 08:32:13.005 GMT-0500,51.742,51.678000000000004,0.011,0.011
07.04.2021 08:32:13.055 GMT-0500,51.732,51.678000000000004,0.011,0.011
07.04.2021 08:32:13.178 GMT-0500,51.722,51.678000000000004,0.011,0.011
07.04.2021 08:32:13.447 GMT-0500,51.733000000000004,51.677,0.011,0.011
07.04.2021 08:32:13.878 GMT-0500,51.733000000000004,51.677,0.011,0.011
07.04.2021 08:32:14.380 GMT-0500,51.732,51.678000000000004,0.011,0.011
07.04.2021 08:32:15.425 GMT-0500,51.742,51.678000000000004,0.011,0.011
07.04.2021 08:32:15.475 GMT-0500,51.753,51.677,0.011,0.011
07.04.2021 08:32:15.526 GMT-0500,51.743,51.677,0.011,0.011
07.04.2021 08:32:15.632 GMT-0500,51.752,51.678000000000004,0.011,0.011
07.04.2021 08:32:15.694 GMT-0500,51.732,51.678000000000004,0.011,0.011
07.04.2021 08:32:15.919 GMT-0500,51.732,51.678000000000004,0.011,0.011
07.04.2021 08:32:16.022 GMT-0500,51.732,51.688,0.011,0.011
07.04.2021 08:32:16.072 GMT-0500,51.733000000000004,51.687,0.011,0.011
07.04.2021 08:32:16.214 GMT-0500,51.752,51.678000000000004,0.011,0.011
07.04.2021 08:32:16.327 GMT-0500,51.753,51.697,0.011,0.011
07.04.2021 08:32:16.428 GMT-0500,51.762,51.688,0.011,0.011
07.04.2021 08:32:16.478 GMT-0500,51.743,51.687,0.011,0.011
07.04.2021 08:32:16.741 GMT-0500,51.743,51.707,0.011,0.011
07.04.2021 08:32:17.366 GMT-0500,51.743,51.697,0.011,0.011
07.04.2021 08:32:17.625 GMT-0500,51.753,51.707,0.011,0.011
07.04.2021 08:32:18.042 GMT-0500,51.752,51.708000000000006,0.011,0.011
07.04.2021 08:32:18.092 GMT-0500,51.752,51.708000000000006,0.011,0.011
07.04.2021 08:32:18.143 GMT-0500,51.742,51.708000000000006,0.011,0.011
07.04.2021 08:32:19.104 GMT-0500,51.743,51.687,0.011,0.011
07.04.2021 08:32:19.160 GMT-0500,51.742,51.688,0.011,0.011
07.04.2021 08:32:19.211 GMT-0500,51.742,51.688,0.011,0.011
07.04.2021 08:32:20.888 GMT-0500,51.742,51.678000000000004,0.011,0.011
07.04.2021 08:32:21.089 GMT-0500,51.743,51.707,0.011,0.011
07.04.2021 08:32:21.199 GMT-0500,51.742,51.698,0.011,0.011
07.04.2021 08:32:21.458 GMT-0500,51.742,51.688,0.011,0.011
07.04.2021 08:32:21.509 GMT-0500,51.742,51.678000000000004,0.011,0.011
07.04.2021 08:32:21.559 GMT-0500,51.743,51.687,0.011,0.011
07.04.2021 08:32:21.715 GMT-0500,51.743,51.677,0.011,0.011
07.04.2021 08:32:22.122 GMT-0500,51.742,51.678000000000004,0.011,0.011
07.04.2021 08:32:22.223 GMT-0500,51.742,51.708000000000006,0.011,0.011
07.04.2021 08:32:22.273 GMT-0500,51.742,51.698,0.011,0.011
07.04.2021 08:32:22.816 GMT-0500,51.743,51.717,0.011,0.0075
07.04.2021 08:32:22.867 GMT-0500,51.762,51.728,0.011,0.011
07.04.2021 08:32:23.326 GMT-0500,51.763000000000005,51.697,0.011,0.011
07.04.2021 08:32:23.426 GMT-0500,51.753,51.697,0.011,0.011
07.04.2021 08:32:24.107 GMT-0500,51.753,51.687,0.011,0.011
07.04.2021 08:32:24.157 GMT-0500,51.752,51.698,0.011,0.011
07.04.2021 08:32:25.011 GMT-0500,51.733000000000004,51.687,0.011,0.011
07.04.2021 08:32:25.189 GMT-0500,51.733000000000004,51.687,0.011,0.011
07.04.2021 08:32:25.541 GMT-0500,51.733000000000004,51.697,0.011,0.011
07.04.2021 08:32:25.724 GMT-0500,51.722,51.698,0.0008,0.0075
07.04.2021 08:32:25.775 GMT-0500,51.723000000000006,51.677,0.011,0.011
07.04.2021 08:32:26.415 GMT-0500,51.702,51.678000000000004,0.0008,0.0075
07.04.2021 08:32:26.466 GMT-0500,51.692,51.658,0.011,0.011
07.04.2021 08:32:26.643 GMT-0500,51.683,51.657,0.011,0.011
07.04.2021 08:32:26.693 GMT-0500,51.693000000000005,51.657,0.011,0.011
07.04.2021 08:32:28.631 GMT-0500,51.702,51.658,0.011,0.011
07.04.2021 08:32:29.394 GMT-0500,51.702,51.678000000000004,0.011,0.011
07.04.2021 08:32:29.886 GMT-0500,51.702,51.658,0.011,0.011
07.04.2021 08:32:30.082 GMT-0500,51.702,51.668000000000006,0.011,0.011
07.04.2021 08:32:30.568 GMT-0500,51.711999999999996,51.678000000000004,0.011,0.011
07.04.2021 08:32:30.618 GMT-0500,51.723000000000006,51.687,0.011,0.011
07.04.2021 08:32:30.940 GMT-0500,51.723000000000006,51.697,0.0008,0.0075
07.04.2021 08:32:30.991 GMT-0500,51.733000000000004,51.687,0.011,0.011
07.04.2021 08:32:31.091 GMT-0500,51.743,51.697,0.011,0.011
07.04.2021 08:32:31.663 GMT-0500,51.752,51.698,0.011,0.011
07.04.2021 08:32:31.725 GMT-0500,51.753,51.707,0.011,0.011
07.04.2021 08:32:31.776 GMT-0500,51.743,51.707,0.011,0.011
07.04.2021 08:32:31.997 GMT-0500,51.752,51.708000000000006,0.011,0.011
07.04.2021 08:32:33.467 GMT-0500,51.753,51.717,0.011,0.0075
07.04.2021 08:32:34.652 GMT-0500,51.752,51.708000000000006,0.011,0.011
07.04.2021 08:32:34.702 GMT-0500,51.753,51.717,0.011,0.011
07.04.2021 08:32:34.804 GMT-0500,51.763000000000005,51.717,0.011,0.011
07.04.2021 08:32:34.854 GMT-0500,51.773,51.727,0.011,0.011
07.04.2021 08:32:35.018 GMT-0500,51.772,51.728,0.011,0.011
07.04.2021 08:32:35.068 GMT-0500,51.773,51.727,0.011,0.011
07.04.2021 08:32:35.235 GMT-0500,51.773,51.717,0.011,0.011
07.04.2021 08:32:35.285 GMT-0500,51.762,51.718,0.011,0.011
07.04.2021 08:32:35.818 GMT-0500,51.773,51.717,0.011,0.011
07.04.2021 08:32:36.538 GMT-0500,51.763000000000005,51.717,0.0008,0.0075
07.04.2021 08:32:36.589 GMT-0500,51.762,51.708000000000006,0.011,0.011
07.04.2021 08:32:36.859 GMT-0500,51.762,51.708000000000006,0.011,0.011
07.04.2021 08:32:37.768 GMT-0500,51.733000000000004,51.687,0.011,0.011
07.04.2021 08:32:38.496 GMT-0500,51.732,51.678000000000004,0.011,0.011
07.04.2021 08:32:38.546 GMT-0500,51.722,51.668000000000006,0.011,0.011
07.04.2021 08:32:38.686 GMT-0500,51.723000000000006,51.657,0.011,0.011
07.04.2021 08:32:38.795 GMT-0500,51.722,51.658,0.011,0.011
07.04.2021 08:32:38.960 GMT-0500,51.713,51.667,0.011,0.0075
07.04.2021 08:32:39.111 GMT-0500,51.722,51.658,0.011,0.011
07.04.2021 08:32:39.171 GMT-0500,51.722,51.668000000000006,0.011,0.0075
07.04.2021 08:32:39.272 GMT-0500,51.722,51.658,0.011,0.011
07.04.2021 08:32:39.322 GMT-0500,51.693000000000005,51.657,0.011,0.011
07.04.2021 08:32:39.562 GMT-0500,51.683,51.657,0.0008,0.011
07.04.2021 08:32:39.612 GMT-0500,51.693000000000005,51.657,0.011,0.011
07.04.2021 08:32:39.861 GMT-0500,51.693000000000005,51.657,0.011,0.011
07.04.2021 08:32:40.034 GMT-0500,51.693000000000005,51.657,0.011,0.011
07.04.2021 08:32:40.153 GMT-0500,51.693000000000005,51.657,0.011,0.011
07.04.2021 08:32:40.282 GMT-0500,51.692,51.668000000000006,0.011,0.011
07.04.2021 08:32:41.342 GMT-0500,51.682,51.658,0.011,0.0075
07.04.2021 08:32:41.615 GMT-0500,51.652,51.628,0.011,0.011
07.04.2021 08:32:41.665 GMT-0500,51.652,51.618,0.011,0.011
07.04.2021 08:32:41.927 GMT-0500,51.641999999999996,51.618,0.011,0.011
07.04.2021 08:32:43.305 GMT-0500,51.643,51.607,0.011,0.011
07.04.2021 08:32:43.478 GMT-0500,51.643,51.617,0.011,0.011
07.04.2021 08:32:43.816 GMT-0500,51.641999999999996,51.618,0.011,0.011
07.04.2021 08:32:44.253 GMT-0500,51.662,51.628,0.011,0.011
07.04.2021 08:32:44.303 GMT-0500,51.662,51.638000000000005,0.011,0.011
07.04.2021 08:32:44.742 GMT-0500,51.663000000000004,51.627,0.011,0.011
07.04.2021 08:32:46.601 GMT-0500,51.663000000000004,51.607,0.011,0.011
07.04.2021 08:32:46.651 GMT-0500,51.652,51.608000000000004,0.011,0.011
07.04.2021 08:32:46.963 GMT-0500,51.652,51.598000000000006,0.011,0.011
07.04.2021 08:32:47.340 GMT-0500,51.652,51.628,0.011,0.0075
07.04.2021 08:32:47.531 GMT-0500,51.662,51.628,0.011,0.011
07.04.2021 08:32:47.632 GMT-0500,51.683,51.657,0.011,0.011
07.04.2021 08:32:47.682 GMT-0500,51.682,51.668000000000006,0.011,0.011
07.04.2021 08:32:48.251 GMT-0500,51.692,51.668000000000006,0.011,0.011
07.04.2021 08:32:48.301 GMT-0500,51.692,51.678000000000004,0.011,0.011
07.04.2021 08:32:48.352 GMT-0500,51.683,51.627,0.011,0.011
07.04.2021 08:32:48.402 GMT-0500,51.673,51.627,0.011,0.011
07.04.2021 08:32:48.453 GMT-0500,51.672,51.618,0.011,0.011
07.04.2021 08:32:48.827 GMT-0500,51.672,51.638000000000005,0.011,0.0075
07.04.2021 08:32:49.334 GMT-0500,51.673,51.617,0.011,0.011
07.04.2021 08:32:51.632 GMT-0500,51.673,51.627,0.011,0.0075
07.04.2021 08:32:53.131 GMT-0500,51.673,51.627,0.011,0.011
07.04.2021 08:32:54.108 GMT-0500,51.673,51.627,0.011,0.011
07.04.2021 08:32:54.588 GMT-0500,51.672,51.638000000000005,0.011,0.0075
07.04.2021 08:32:54.691 GMT-0500,51.702,51.678000000000004,0.011,0.011
07.04.2021 08:32:54.952 GMT-0500,51.692,51.668000000000006,0.011,0.011
07.04.2021 08:32:55.096 GMT-0500,51.672,51.667,0.0008,0.0075
07.04.2021 08:32:55.147 GMT-0500,51.672,51.648,0.011,0.011
07.04.2021 08:32:55.674 GMT-0500,51.683,51.667,0.011,0.011
07.04.2021 08:32:56.050 GMT-0500,51.682,51.678000000000004,0.0008,0.0075
07.04.2021 08:32:56.100 GMT-0500,51.693000000000005,51.677,0.011,0.011
07.04.2021 08:32:56.414 GMT-0500,51.692,51.668000000000006,0.011,0.011
07.04.2021 08:32:57.195 GMT-0500,51.703,51.677,0.011,0.011
07.04.2021 08:32:57.471 GMT-0500,51.702,51.688,0.011,0.011
07.04.2021 08:32:57.689 GMT-0500,51.711999999999996,51.688,0.011,0.011
07.04.2021 08:32:58.318 GMT-0500,51.713,51.677,0.011,0.011
07.04.2021 08:32:58.669 GMT-0500,51.702,51.658,0.011,0.011
07.04.2021 08:32:58.719 GMT-0500,51.683,51.637,0.011,0.011
07.04.2021 08:32:58.820 GMT-0500,51.672,51.638000000000005,0.011,0.011
07.04.2021 08:32:59.444 GMT-0500,51.672,51.628,0.011,0.011
07.04.2021 08:32:59.936 GMT-0500,51.672,51.628,0.011,0.011
07.04.2021 08:32:59.986 GMT-0500,51.673,51.627,0.011,0.011
07.04.2021 08:33:00.129 GMT-0500,51.682,51.648,0.011,0.011
07.04.2021 08:33:00.957 GMT-0500,51.692,51.648,0.011,0.011
07.04.2021 08:33:01.007 GMT-0500,51.693000000000005,51.647,0.011,0.011
07.04.2021 08:33:01.246 GMT-0500,51.683,51.647,0.011,0.011
07.04.2021 08:33:01.826 GMT-0500,51.683,51.647,0.011,0.011
07.04.2021 08:33:01.927 GMT-0500,51.692,51.658,0.011,0.011
07.04.2021 08:33:02.536 GMT-0500,51.692,51.668000000000006,0.011,0.0075
07.04.2021 08:33:02.587 GMT-0500,51.693000000000005,51.667,0.011,0.011
07.04.2021 08:33:02.881 GMT-0500,51.692,51.648,0.011,0.011
07.04.2021 08:33:02.968 GMT-0500,51.682,51.648,0.0008,0.011
07.04.2021 08:33:03.018 GMT-0500,51.673,51.627,0.011,0.011
07.04.2021 08:33:03.068 GMT-0500,51.663000000000004,51.637,0.011,0.011
07.04.2021 08:33:03.970 GMT-0500,51.673,51.637,0.011,0.011
07.04.2021 08:33:04.313 GMT-0500,51.682,51.638000000000005,0.011,0.011
07.04.2021 08:33:04.363 GMT-0500,51.683,51.647,0.011,0.011
07.04.2021 08:33:04.464 GMT-0500,51.692,51.648,0.011,0.011
07.04.2021 08:33:04.574 GMT-0500,51.693000000000005,51.677,0.0008,0.0075
07.04.2021 08:33:04.624 GMT-0500,51.702,51.678000000000004,0.011,0.011
07.04.2021 08:33:04.855 GMT-0500,51.713,51.667,0.011,0.011
07.04.2021 08:33:05.292 GMT-0500,51.713,51.667,0.011,0.011
07.04.2021 08:33:05.342 GMT-0500,51.703,51.657,0.011,0.011
07.04.2021 08:33:05.392 GMT-0500,51.711999999999996,51.678000000000004,0.011,0.011
07.04.2021 08:33:05.443 GMT-0500,51.711999999999996,51.668000000000006,0.011,0.011
07.04.2021 08:33:05.660 GMT-0500,51.713,51.667,0.011,0.011
07.04.2021 08:33:05.761 GMT-0500,51.723000000000006,51.687,0.011,0.011
07.04.2021 08:33:05.865 GMT-0500,51.723000000000006,51.677,0.011,0.011
07.04.2021 08:33:07.374 GMT-0500,51.722,51.688,0.011,0.0075
07.04.2021 08:33:07.525 GMT-0500,51.702,51.688,0.0008,0.011
07.04.2021 08:33:07.575 GMT-0500,51.702,51.668000000000006,0.011,0.011
07.04.2021 08:33:07.739 GMT-0500,51.702,51.658,0.011,0.011
07.04.2021 08:33:07.886 GMT-0500,51.702,51.668000000000006,0.011,0.0075
07.04.2021 08:33:08.126 GMT-0500,51.713,51.667,0.011,0.011
07.04.2021 08:33:08.488 GMT-0500,51.713,51.677,0.011,0.011
07.04.2021 08:33:09.019 GMT-0500,51.713,51.667,0.011,0.011
07.04.2021 08:33:09.142 GMT-0500,51.711999999999996,51.678000000000004,0.011,0.0075
07.04.2021 08:33:09.192 GMT-0500,51.713,51.667,0.011,0.011
07.04.2021 08:33:09.317 GMT-0500,51.713,51.667,0.011,0.011
07.04.2021 08:33:09.507 GMT-0500,51.711999999999996,51.698,0.011,0.011
07.04.2021 08:33:09.558 GMT-0500,51.723000000000006,51.697,0.011,0.011
07.04.2021 08:33:10.802 GMT-0500,51.723000000000006,51.677,0.011,0.011
07.04.2021 08:33:11.041 GMT-0500,51.723000000000006,51.667,0.011,0.011
07.04.2021 08:33:11.130 GMT-0500,51.723000000000006,51.667,0.011,0.011
07.04.2021 08:33:11.496 GMT-0500,51.711999999999996,51.678000000000004,0.0008,0.011
07.04.2021 08:33:11.546 GMT-0500,51.722,51.678000000000004,0.011,0.011
07.04.2021 08:33:11.596 GMT-0500,51.713,51.677,0.011,0.011
07.04.2021 08:33:11.646 GMT-0500,51.723000000000006,51.677,0.011,0.011
07.04.2021 08:33:11.819 GMT-0500,51.722,51.678000000000004,0.011,0.011
07.04.2021 08:33:11.869 GMT-0500,51.722,51.688,0.011,0.011
07.04.2021 08:33:12.205 GMT-0500,51.723000000000006,51.677,0.011,0.011
07.04.2021 08:33:12.667 GMT-0500,51.723000000000006,51.687,0.011,0.011
07.04.2021 08:33:12.769 GMT-0500,51.743,51.727,0.011,0.011
07.04.2021 08:33:13.737 GMT-0500,51.753,51.737,0.011,0.011
07.04.2021 08:33:13.897 GMT-0500,51.752,51.728,0.011,0.011
07.04.2021 08:33:14.400 GMT-0500,51.752,51.738,0.0008,0.0075
07.04.2021 08:33:14.451 GMT-0500,51.763000000000005,51.737,0.011,0.011
07.04.2021 08:33:14.795 GMT-0500,51.772,51.738,0.011,0.011
07.04.2021 08:33:16.060 GMT-0500,51.773,51.737,0.011,0.011
07.04.2021 08:33:16.161 GMT-0500,51.772,51.738,0.011,0.011
07.04.2021 08:33:17.386 GMT-0500,51.772,51.748000000000005,0.011,0.011
07.04.2021 08:33:17.868 GMT-0500,51.773,51.737,0.011,0.011
07.04.2021 08:33:17.918 GMT-0500,51.763000000000005,51.737,0.011,0.011
07.04.2021 08:33:18.124 GMT-0500,51.763000000000005,51.727,0.011,0.011
07.04.2021 08:33:18.630 GMT-0500,51.773,51.727,0.011,0.011
07.04.2021 08:33:18.680 GMT-0500,51.763000000000005,51.737,0.011,0.011
07.04.2021 08:33:19.137 GMT-0500,51.753,51.727,0.011,0.011
07.04.2021 08:33:19.352 GMT-0500,51.733000000000004,51.687,0.011,0.011
07.04.2021 08:33:19.403 GMT-0500,51.733000000000004,51.677,0.011,0.011
07.04.2021 08:33:19.624 GMT-0500,51.723000000000006,51.677,0.011,0.011
07.04.2021 08:33:19.812 GMT-0500,51.702,51.668000000000006,0.011,0.011
07.04.2021 08:33:20.066 GMT-0500,51.711999999999996,51.668000000000006,0.011,0.011
07.04.2021 08:33:20.116 GMT-0500,51.711999999999996,51.678000000000004,0.011,0.011
07.04.2021 08:33:20.246 GMT-0500,51.711999999999996,51.698,0.0008,0.0075
07.04.2021 08:33:20.296 GMT-0500,51.722,51.698,0.011,0.011
07.04.2021 08:33:21.634 GMT-0500,51.723000000000006,51.687,0.011,0.011
07.04.2021 08:33:22.950 GMT-0500,51.722,51.678000000000004,0.011,0.011
07.04.2021 08:33:23.000 GMT-0500,51.723000000000006,51.687,0.011,0.011
07.04.2021 08:33:23.232 GMT-0500,51.722,51.678000000000004,0.011,0.011
07.04.2021 08:33:23.283 GMT-0500,51.711999999999996,51.668000000000006,0.011,0.011
07.04.2021 08:33:23.758 GMT-0500,51.703,51.657,0.011,0.011
07.04.2021 08:33:24.260 GMT-0500,51.702,51.658,0.011,0.011
07.04.2021 08:33:24.981 GMT-0500,51.682,51.638000000000005,0.011,0.011
07.04.2021 08:33:25.073 GMT-0500,51.683,51.647,0.011,0.011
07.04.2021 08:33:25.344 GMT-0500,51.683,51.657,0.011,0.0075
07.04.2021 08:33:27.275 GMT-0500,51.683,51.647,0.011,0.011
07.04.2021 08:33:27.325 GMT-0500,51.673,51.647,0.011,0.011
07.04.2021 08:33:27.599 GMT-0500,51.672,51.638000000000005,0.011,0.011
07.04.2021 08:33:27.699 GMT-0500,51.663000000000004,51.627,0.011,0.011
07.04.2021 08:33:28.196 GMT-0500,51.662,51.638000000000005,0.011,0.0075
07.04.2021 08:33:28.296 GMT-0500,51.662,51.628,0.011,0.011
07.04.2021 08:33:28.636 GMT-0500,51.682,51.628,0.011,0.011
07.04.2021 08:33:28.687 GMT-0500,51.662,51.638000000000005,0.011,0.011
07.04.2021 08:33:28.737 GMT-0500,51.662,51.628,0.011,0.011
07.04.2021 08:33:28.974 GMT-0500,51.662,51.628,0.011,0.011
07.04.2021 08:33:29.174 GMT-0500,51.662,51.628,0.011,0.011
07.04.2021 08:33:30.061 GMT-0500,51.663000000000004,51.627,0.011,0.011
07.04.2021 08:33:30.111 GMT-0500,51.662,51.628,0.011,0.011
07.04.2021 08:33:30.212 GMT-0500,51.663000000000004,51.637,0.011,0.011
07.04.2021 08:33:30.262 GMT-0500,51.672,51.638000000000005,0.011,0.011
07.04.2021 08:33:30.312 GMT-0500,51.663000000000004,51.647,0.011,0.011
07.04.2021 08:33:30.663 GMT-0500,51.673,51.647,0.011,0.011
07.04.2021 08:33:30.905 GMT-0500,51.673,51.637,0.011,0.011
07.04.2021 08:33:30.956 GMT-0500,51.662,51.638000000000005,0.011,0.011
07.04.2021 08:33:31.111 GMT-0500,51.662,51.648,0.011,0.011
07.04.2021 08:33:31.361 GMT-0500,51.672,51.648,0.011,0.011
07.04.2021 08:33:31.411 GMT-0500,51.663000000000004,51.647,0.011,0.011
07.04.2021 08:33:31.678 GMT-0500,51.682,51.658,0.011,0.011
07.04.2021 08:33:32.157 GMT-0500,51.683,51.667,0.011,0.011
07.04.2021 08:33:32.432 GMT-0500,51.693000000000005,51.667,0.011,0.011
07.04.2021 08:33:34.936 GMT-0500,51.693000000000005,51.657,0.011,0.011
07.04.2021 08:33:34.986 GMT-0500,51.683,51.657,0.011,0.011
07.04.2021 08:33:35.403 GMT-0500,51.692,51.668000000000006,0.011,0.011
07.04.2021 08:33:36.425 GMT-0500,51.693000000000005,51.677,0.011,0.011
07.04.2021 08:33:36.528 GMT-0500,51.702,51.678000000000004,0.011,0.011
07.04.2021 08:33:36.784 GMT-0500,51.683,51.667,0.011,0.011
07.04.2021 08:33:36.834 GMT-0500,51.682,51.658,0.011,0.011
07.04.2021 08:33:38.503 GMT-0500,51.682,51.648,0.011,0.011
07.04.2021 08:33:38.669 GMT-0500,51.682,51.638000000000005,0.011,0.011
07.04.2021 08:33:38.719 GMT-0500,51.672,51.648,0.011,0.011
07.04.2021 08:33:38.832 GMT-0500,51.672,51.638000000000005,0.011,0.011
07.04.2021 08:33:39.107 GMT-0500,51.673,51.647,0.011,0.0075
07.04.2021 08:33:39.263 GMT-0500,51.682,51.648,0.011,0.011
07.04.2021 08:33:39.386 GMT-0500,51.683,51.647,0.011,0.011
07.04.2021 08:33:40.613 GMT-0500,51.682,51.648,0.011,0.011
07.04.2021 08:33:40.663 GMT-0500,51.682,51.658,0.011,0.011
07.04.2021 08:33:42.669 GMT-0500,51.702,51.678000000000004,0.011,0.011
07.04.2021 08:33:43.122 GMT-0500,51.711999999999996,51.678000000000004,0.011,0.011
07.04.2021 08:33:43.558 GMT-0500,51.711999999999996,51.678000000000004,0.011,0.011
07.04.2021 08:33:43.609 GMT-0500,51.713,51.677,0.011,0.011
07.04.2021 08:33:43.882 GMT-0500,51.702,51.678000000000004,0.011,0.011
07.04.2021 08:33:44.146 GMT-0500,51.702,51.668000000000006,0.011,0.011
07.04.2021 08:33:44.196 GMT-0500,51.702,51.668000000000006,0.011,0.011
07.04.2021 08:33:44.247 GMT-0500,51.702,51.678000000000004,0.011,0.011
07.04.2021 08:33:44.393 GMT-0500,51.703,51.677,0.011,0.011
07.04.2021 08:33:44.565 GMT-0500,51.711999999999996,51.688,0.011,0.011
07.04.2021 08:33:44.708 GMT-0500,51.711999999999996,51.678000000000004,0.011,0.011
07.04.2021 08:33:45.102 GMT-0500,51.713,51.687,0.011,0.011
07.04.2021 08:33:45.267 GMT-0500,51.722,51.708000000000006,0.011,0.0075
07.04.2021 08:33:45.317 GMT-0500,51.723000000000006,51.697,0.011,0.011
07.04.2021 08:33:45.950 GMT-0500,51.722,51.698,0.011,0.011
07.04.2021 08:33:46.051 GMT-0500,51.723000000000006,51.697,0.011,0.011
07.04.2021 08:33:46.196 GMT-0500,51.732,51.698,0.011,0.011
07.04.2021 08:33:46.463 GMT-0500,51.711999999999996,51.698,0.0008,0.011
07.04.2021 08:33:46.856 GMT-0500,51.732,51.698,0.011,0.011
07.04.2021 08:33:47.365 GMT-0500,51.722,51.698,0.0008,0.011
07.04.2021 08:33:47.466 GMT-0500,51.733000000000004,51.697,0.011,0.011
07.04.2021 08:33:47.882 GMT-0500,51.713,51.697,0.011,0.011
07.04.2021 08:33:48.031 GMT-0500,51.713,51.687,0.011,0.011
07.04.2021 08:33:48.351 GMT-0500,51.702,51.688,0.011,0.011
07.04.2021 08:33:48.446 GMT-0500,51.713,51.687,0.011,0.011
07.04.2021 08:33:48.528 GMT-0500,51.693000000000005,51.687,0.0008,0.0075
07.04.2021 08:33:48.578 GMT-0500,51.692,51.678000000000004,0.011,0.011
07.04.2021 08:33:48.733 GMT-0500,51.703,51.677,0.011,0.011
07.04.2021 08:33:49.183 GMT-0500,51.703,51.667,0.011,0.011
07.04.2021 08:33:49.448 GMT-0500,51.693000000000005,51.667,0.011,0.011
07.04.2021 08:33:49.664 GMT-0500,51.713,51.687,0.011,0.011
07.04.2021 08:33:50.241 GMT-0500,51.711999999999996,51.698,0.011,0.0075
07.04.2021 08:33:50.291 GMT-0500,51.711999999999996,51.688,0.011,0.011
07.04.2021 08:33:50.524 GMT-0500,51.711999999999996,51.698,0.011,0.011
07.04.2021 08:33:50.684 GMT-0500,51.711999999999996,51.688,0.011,0.011
07.04.2021 08:33:51.001 GMT-0500,51.702,51.688,0.0008,0.011
07.04.2021 08:33:51.205 GMT-0500,51.711999999999996,51.688,0.011,0.011
07.04.2021 08:33:51.308 GMT-0500,51.713,51.677,0.011,0.011
07.04.2021 08:33:51.358 GMT-0500,51.692,51.678000000000004,0.011,0.011
07.04.2021 08:33:51.516 GMT-0500,51.682,51.678000000000004,0.0008,0.0075
07.04.2021 08:33:51.567 GMT-0500,51.682,51.658,0.011,0.011
07.04.2021 08:33:51.667 GMT-0500,51.663000000000004,51.647,0.011,0.011
07.04.2021 08:33:51.718 GMT-0500,51.682,51.648,0.011,0.011
07.04.2021 08:33:51.802 GMT-0500,51.682,51.648,0.011,0.011
07.04.2021 08:33:51.852 GMT-0500,51.682,51.648,0.011,0.011
07.04.2021 08:33:52.036 GMT-0500,51.683,51.657,0.011,0.011
07.04.2021 08:33:52.805 GMT-0500,51.692,51.668000000000006,0.011,0.011
07.04.2021 08:33:53.073 GMT-0500,51.693000000000005,51.687,0.0008,0.0075
07.04.2021 08:33:53.124 GMT-0500,51.693000000000005,51.677,0.011,0.011
07.04.2021 08:33:53.631 GMT-0500,51.693000000000005,51.667,0.011,0.011
07.04.2021 08:33:53.848 GMT-0500,51.682,51.668000000000006,0.0008,0.0075
07.04.2021 08:33:53.899 GMT-0500,51.683,51.657,0.011,0.011
07.04.2021 08:33:54.314 GMT-0500,51.692,51.658,0.011,0.011
07.04.2021 08:33:54.364 GMT-0500,51.693000000000005,51.667,0.011,0.011
07.04.2021 08:33:54.623 GMT-0500,51.702,51.688,0.011,0.011
07.04.2021 08:33:55.475 GMT-0500,51.703,51.667,0.011,0.011
07.04.2021 08:33:55.526 GMT-0500,51.693000000000005,51.667,0.011,0.011
07.04.2021 08:33:55.635 GMT-0500,51.692,51.658,0.011,0.011
07.04.2021 08:33:56.091 GMT-0500,51.693000000000005,51.657,0.011,0.011
07.04.2021 08:33:57.140 GMT-0500,51.711999999999996,51.688,0.011,0.011
07.04.2021 08:33:57.241 GMT-0500,51.723000000000006,51.697,0.011,0.011
07.04.2021 08:33:57.365 GMT-0500,51.713,51.687,0.011,0.011
07.04.2021 08:33:57.468 GMT-0500,51.693000000000005,51.677,0.011,0.011
07.04.2021 08:33:57.599 GMT-0500,51.693000000000005,51.687,0.0008,0.0075
07.04.2021 08:33:57.649 GMT-0500,51.703,51.687,0.011,0.011
07.04.2021 08:33:57.722 GMT-0500,51.703,51.677,0.011,0.011
07.04.2021 08:33:59.016 GMT-0500,51.702,51.668000000000006,0.011,0.011
07.04.2021 08:33:59.066 GMT-0500,51.693000000000005,51.667,0.011,0.011
07.04.2021 08:33:59.668 GMT-0500,51.703,51.677,0.011,0.011
07.04.2021 08:34:00.253 GMT-0500,51.703,51.667,0.011,0.011
07.04.2021 08:34:00.303 GMT-0500,51.682,51.668000000000006,0.011,0.011
07.04.2021 08:34:00.353 GMT-0500,51.682,51.648,0.011,0.011
07.04.2021 08:34:00.404 GMT-0500,51.673,51.647,0.011,0.011
07.04.2021 08:34:00.454 GMT-0500,51.673,51.637,0.011,0.011
07.04.2021 08:34:00.564 GMT-0500,51.653000000000006,51.617,0.011,0.011
07.04.2021 08:34:01.635 GMT-0500,51.652,51.628,0.011,0.0075
07.04.2021 08:34:01.736 GMT-0500,51.663000000000004,51.637,0.011,0.011
07.04.2021 08:34:01.786 GMT-0500,51.653000000000006,51.617,0.011,0.011
07.04.2021 08:34:01.937 GMT-0500,51.652,51.608000000000004,0.011,0.011
07.04.2021 08:34:01.988 GMT-0500,51.643,51.607,0.011,0.011
07.04.2021 08:34:02.900 GMT-0500,51.633,51.607,0.011,0.011
07.04.2021 08:34:03.159 GMT-0500,51.652,51.618,0.011,0.011
07.04.2021 08:34:03.514 GMT-0500,51.653000000000006,51.617,0.011,0.011
07.04.2021 08:34:03.564 GMT-0500,51.632,51.608000000000004,0.011,0.011
07.04.2021 08:34:03.867 GMT-0500,51.633,51.607,0.011,0.011
07.04.2021 08:34:03.968 GMT-0500,51.633,51.597,0.011,0.011
07.04.2021 08:34:04.018 GMT-0500,51.632,51.608000000000004,0.011,0.011
07.04.2021 08:34:04.069 GMT-0500,51.652,51.618,0.011,0.011
07.04.2021 08:34:04.119 GMT-0500,51.653000000000006,51.627,0.011,0.011
07.04.2021 08:34:04.381 GMT-0500,51.641999999999996,51.628,0.0008,0.011
07.04.2021 08:34:04.431 GMT-0500,51.663000000000004,51.637,0.011,0.011
07.04.2021 08:34:04.954 GMT-0500,51.652,51.638000000000005,0.011,0.011
07.04.2021 08:34:05.076 GMT-0500,51.653000000000006,51.648,0.0008,0.0075
07.04.2021 08:34:05.126 GMT-0500,51.682,51.658,0.011,0.011
07.04.2021 08:34:05.374 GMT-0500,51.693000000000005,51.667,0.011,0.011
07.04.2021 08:34:05.626 GMT-0500,51.683,51.647,0.011,0.011
07.04.2021 08:34:05.676 GMT-0500,51.683,51.647,0.011,0.011
07.04.2021 08:34:05.818 GMT-0500,51.693000000000005,51.647,0.011,0.011
07.04.2021 08:34:05.868 GMT-0500,51.693000000000005,51.657,0.011,0.011
07.04.2021 08:34:05.969 GMT-0500,51.682,51.658,0.011,0.011
07.04.2021 08:34:06.242 GMT-0500,51.693000000000005,51.657,0.011,0.011
07.04.2021 08:34:06.720 GMT-0500,51.693000000000005,51.667,0.011,0.011
07.04.2021 08:34:07.966 GMT-0500,51.702,51.668000000000006,0.011,0.011
07.04.2021 08:34:08.293 GMT-0500,51.711999999999996,51.688,0.011,0.011
07.04.2021 08:34:08.589 GMT-0500,51.703,51.687,0.011,0.011
07.04.2021 08:34:08.945 GMT-0500,51.713,51.687,0.011,0.011
07.04.2021 08:34:10.269 GMT-0500,51.703,51.677,0.011,0.011
07.04.2021 08:34:10.370 GMT-0500,51.683,51.667,0.011,0.011
07.04.2021 08:34:10.551 GMT-0500,51.693000000000005,51.667,0.011,0.011
07.04.2021 08:34:10.722 GMT-0500,51.693000000000005,51.677,0.011,0.0075
07.04.2021 08:34:11.040 GMT-0500,51.693000000000005,51.667,0.011,0.011
07.04.2021 08:34:11.446 GMT-0500,51.703,51.667,0.011,0.011
07.04.2021 08:34:11.548 GMT-0500,51.711999999999996,51.698,0.011,0.0075
07.04.2021 08:34:11.599 GMT-0500,51.713,51.687,0.011,0.011
07.04.2021 08:34:11.798 GMT-0500,51.723000000000006,51.687,0.011,0.011
07.04.2021 08:34:12.149 GMT-0500,51.722,51.698,0.0008,0.0075
07.04.2021 08:34:12.199 GMT-0500,51.732,51.698,0.011,0.011
07.04.2021 08:34:12.724 GMT-0500,51.723000000000006,51.697,0.0008,0.011
07.04.2021 08:34:12.830 GMT-0500,51.722,51.708000000000006,0.0008,0.011
07.04.2021 08:34:12.931 GMT-0500,51.711999999999996,51.698,0.011,0.011
07.04.2021 08:34:13.312 GMT-0500,51.723000000000006,51.697,0.011,0.011
07.04.2021 08:34:13.362 GMT-0500,51.713,51.697,0.011,0.011
07.04.2021 08:34:13.592 GMT-0500,51.711999999999996,51.708000000000006,0.0008,0.0075
07.04.2021 08:34:13.642 GMT-0500,51.711999999999996,51.698,0.011,0.011
07.04.2021 08:34:13.695 GMT-0500,51.713,51.707,0.0008,0.0075
07.04.2021 08:34:13.745 GMT-0500,51.723000000000006,51.707,0.011,0.011
07.04.2021 08:34:14.243 GMT-0500,51.723000000000006,51.697,0.011,0.011
07.04.2021 08:34:14.367 GMT-0500,51.732,51.698,0.011,0.011
07.04.2021 08:34:15.170 GMT-0500,51.742,51.698,0.011,0.011
07.04.2021 08:34:15.270 GMT-0500,51.742,51.708000000000006,0.011,0.011
07.04.2021 08:34:15.321 GMT-0500,51.742,51.698,0.011,0.011
07.04.2021 08:34:15.439 GMT-0500,51.722,51.708000000000006,0.011,0.011
07.04.2021 08:34:15.490 GMT-0500,51.732,51.708000000000006,0.011,0.011
07.04.2021 08:34:16.109 GMT-0500,51.732,51.698,0.011,0.011
07.04.2021 08:34:16.160 GMT-0500,51.733000000000004,51.697,0.011,0.011
07.04.2021 08:34:16.260 GMT-0500,51.702,51.688,0.011,0.011
07.04.2021 08:34:16.615 GMT-0500,51.692,51.678000000000004,0.011,0.011
07.04.2021 08:34:16.858 GMT-0500,51.702,51.678000000000004,0.011,0.011
07.04.2021 08:34:18.035 GMT-0500,51.692,51.668000000000006,0.011,0.011
07.04.2021 08:34:18.867 GMT-0500,51.693000000000005,51.687,0.0008,0.0075
07.04.2021 08:34:18.917 GMT-0500,51.703,51.687,0.011,0.011
07.04.2021 08:34:18.968 GMT-0500,51.713,51.687,0.011,0.011
07.04.2021 08:34:19.068 GMT-0500,51.711999999999996,51.698,0.011,0.011
07.04.2021 08:34:19.169 GMT-0500,51.702,51.688,0.011,0.011
07.04.2021 08:34:19.276 GMT-0500,51.702,51.678000000000004,0.011,0.011
07.04.2021 08:34:19.415 GMT-0500,51.713,51.697,0.011,0.011
07.04.2021 08:34:19.529 GMT-0500,51.713,51.687,0.011,0.011
07.04.2021 08:34:19.579 GMT-0500,51.722,51.698,0.011,0.011
07.04.2021 08:34:19.924 GMT-0500,51.713,51.687,0.011,0.011
07.04.2021 08:34:20.042 GMT-0500,51.711999999999996,51.698,0.0008,0.0075
07.04.2021 08:34:20.092 GMT-0500,51.722,51.698,0.011,0.011
07.04.2021 08:34:21.221 GMT-0500,51.723000000000006,51.697,0.011,0.011
07.04.2021 08:34:21.526 GMT-0500,51.713,51.687,0.011,0.011
07.04.2021 08:34:21.681 GMT-0500,51.723000000000006,51.687,0.011,0.011
07.04.2021 08:34:23.040 GMT-0500,51.711999999999996,51.688,0.011,0.011
07.04.2021 08:34:23.091 GMT-0500,51.722,51.688,0.011,0.011
07.04.2021 08:34:24.006 GMT-0500,51.722,51.688,0.011,0.011
07.04.2021 08:34:24.157 GMT-0500,51.723000000000006,51.687,0.011,0.011
07.04.2021 08:34:24.207 GMT-0500,51.722,51.698,0.011,0.011
07.04.2021 08:34:24.651 GMT-0500,51.711999999999996,51.688,0.011,0.011
07.04.2021 08:34:25.244 GMT-0500,51.711999999999996,51.688,0.011,0.011
07.04.2021 08:34:25.344 GMT-0500,51.722,51.698,0.011,0.011
07.04.2021 08:34:26.026 GMT-0500,51.703,51.698,0.0008,0.0075
07.04.2021 08:34:26.077 GMT-0500,51.702,51.688,0.011,0.011
07.04.2021 08:34:26.232 GMT-0500,51.693000000000005,51.687,0.0008,0.0075
07.04.2021 08:34:26.282 GMT-0500,51.702,51.668000000000006,0.011,0.011
07.04.2021 08:34:26.359 GMT-0500,51.702,51.668000000000006,0.011,0.011
07.04.2021 08:34:26.409 GMT-0500,51.703,51.677,0.011,0.011
07.04.2021 08:34:27.404 GMT-0500,51.711999999999996,51.698,0.011,0.011
07.04.2021 08:34:28.038 GMT-0500,51.711999999999996,51.688,0.011,0.011
07.04.2021 08:34:28.088 GMT-0500,51.702,51.678000000000004,0.011,0.011
07.04.2021 08:34:28.421 GMT-0500,51.703,51.667,0.011,0.011
07.04.2021 08:34:29.062 GMT-0500,51.702,51.678000000000004,0.011,0.0075
07.04.2021 08:34:30.654 GMT-0500,51.713,51.677,0.011,0.011
07.04.2021 08:34:30.704 GMT-0500,51.711999999999996,51.698,0.011,0.011
07.04.2021 08:34:30.757 GMT-0500,51.703,51.697,0.0008,0.0075
07.04.2021 08:34:30.808 GMT-0500,51.713,51.697,0.011,0.011
07.04.2021 08:34:30.963 GMT-0500,51.743,51.707,0.011,0.011
07.04.2021 08:34:31.331 GMT-0500,51.742,51.708000000000006,0.011,0.011
07.04.2021 08:34:31.503 GMT-0500,51.733000000000004,51.707,0.011,0.011
07.04.2021 08:34:31.707 GMT-0500,51.732,51.718,0.011,0.011
07.04.2021 08:34:31.836 GMT-0500,51.743,51.717,0.011,0.011
07.04.2021 08:34:31.886 GMT-0500,51.753,51.727,0.011,0.011
07.04.2021 08:34:31.986 GMT-0500,51.763000000000005,51.727,0.011,0.011
07.04.2021 08:34:32.103 GMT-0500,51.752,51.728,0.0008,0.011
07.04.2021 08:34:32.428 GMT-0500,51.742,51.718,0.011,0.011
07.04.2021 08:34:32.690 GMT-0500,51.752,51.728,0.011,0.011
07.04.2021 08:34:32.791 GMT-0500,51.762,51.728,0.011,0.011
07.04.2021 08:34:32.888 GMT-0500,51.753,51.727,0.0008,0.011
07.04.2021 08:34:33.600 GMT-0500,51.773,51.747,0.011,0.011
07.04.2021 08:34:34.183 GMT-0500,51.753,51.737,0.011,0.011
07.04.2021 08:34:34.429 GMT-0500,51.753,51.717,0.011,0.011
07.04.2021 08:34:35.010 GMT-0500,51.763000000000005,51.737,0.011,0.011
07.04.2021 08:34:35.060 GMT-0500,51.763000000000005,51.727,0.011,0.011
07.04.2021 08:34:35.316 GMT-0500,51.763000000000005,51.717,0.011,0.011
07.04.2021 08:34:35.368 GMT-0500,51.752,51.718,0.011,0.011
07.04.2021 08:34:35.739 GMT-0500,51.743,51.717,0.0008,0.011
07.04.2021 08:34:36.217 GMT-0500,51.732,51.698,0.011,0.011
07.04.2021 08:34:36.514 GMT-0500,51.733000000000004,51.697,0.011,0.011
07.04.2021 08:34:37.262 GMT-0500,51.732,51.698,0.011,0.011
07.04.2021 08:34:37.405 GMT-0500,51.723000000000006,51.697,0.0008,0.011
07.04.2021 08:34:37.456 GMT-0500,51.723000000000006,51.687,0.011,0.011
07.04.2021 08:34:37.510 GMT-0500,51.722,51.698,0.0008,0.0075
07.04.2021 08:34:37.560 GMT-0500,51.732,51.698,0.011,0.011
07.04.2021 08:34:38.036 GMT-0500,51.722,51.698,0.011,0.011
07.04.2021 08:34:38.087 GMT-0500,51.723000000000006,51.687,0.011,0.011
07.04.2021 08:34:38.432 GMT-0500,51.732,51.688,0.011,0.011
07.04.2021 08:34:38.742 GMT-0500,51.723000000000006,51.687,0.0008,0.011
07.04.2021 08:34:38.989 GMT-0500,51.733000000000004,51.687,0.011,0.011
07.04.2021 08:34:39.119 GMT-0500,51.722,51.688,0.0008,0.011
07.04.2021 08:34:39.482 GMT-0500,51.711999999999996,51.688,0.0008,0.0075
07.04.2021 08:34:39.533 GMT-0500,51.722,51.688,0.011,0.011
07.04.2021 08:34:40.165 GMT-0500,51.722,51.668000000000006,0.011,0.011
07.04.2021 08:34:40.216 GMT-0500,51.693000000000005,51.667,0.011,0.011
07.04.2021 08:34:41.073 GMT-0500,51.672,51.658,0.011,0.011
07.04.2021 08:34:41.176 GMT-0500,51.663000000000004,51.647,0.011,0.011
07.04.2021 08:34:41.253 GMT-0500,51.673,51.647,0.011,0.011
07.04.2021 08:34:44.427 GMT-0500,51.683,51.647,0.011,0.011
07.04.2021 08:34:44.549 GMT-0500,51.692,51.678000000000004,0.011,0.011
07.04.2021 08:34:44.599 GMT-0500,51.693000000000005,51.667,0.011,0.011
07.04.2021 08:34:44.708 GMT-0500,51.692,51.658,0.011,0.011
07.04.2021 08:34:45.524 GMT-0500,51.692,51.678000000000004,0.011,0.011
07.04.2021 08:34:45.686 GMT-0500,51.693000000000005,51.667,0.011,0.011
07.04.2021 08:34:46.033 GMT-0500,51.702,51.668000000000006,0.011,0.011
07.04.2021 08:34:46.139 GMT-0500,51.683,51.657,0.011,0.011
07.04.2021 08:34:46.190 GMT-0500,51.683,51.647,0.011,0.011
07.04.2021 08:34:46.879 GMT-0500,51.672,51.648,0.011,0.011
07.04.2021 08:34:46.930 GMT-0500,51.682,51.648,0.011,0.011
07.04.2021 08:34:47.404 GMT-0500,51.673,51.647,0.011,0.011
07.04.2021 08:34:47.515 GMT-0500,51.673,51.657,0.011,0.0075
07.04.2021 08:34:47.565 GMT-0500,51.672,51.648,0.011,0.011
07.04.2021 08:34:49.117 GMT-0500,51.693000000000005,51.667,0.011,0.011
07.04.2021 08:34:49.407 GMT-0500,51.683,51.647,0.011,0.011
07.04.2021 08:34:49.859 GMT-0500,51.673,51.647,0.011,0.011
07.04.2021 08:34:49.969 GMT-0500,51.663000000000004,51.647,0.011,0.011
07.04.2021 08:34:50.222 GMT-0500,51.673,51.647,0.011,0.011
07.04.2021 08:34:50.273 GMT-0500,51.672,51.658,0.011,0.011
07.04.2021 08:34:50.439 GMT-0500,51.672,51.648,0.011,0.011
07.04.2021 08:34:52.005 GMT-0500,51.663000000000004,51.647,0.011,0.011
07.04.2021 08:34:52.056 GMT-0500,51.662,51.638000000000005,0.011,0.011
07.04.2021 08:34:52.214 GMT-0500,51.663000000000004,51.647,0.011,0.011
07.04.2021 08:34:52.315 GMT-0500,51.672,51.658,0.011,0.011
07.04.2021 08:34:52.471 GMT-0500,51.653000000000006,51.627,0.011,0.011
07.04.2021 08:34:52.522 GMT-0500,51.643,51.627,0.011,0.011
07.04.2021 08:34:52.622 GMT-0500,51.652,51.628,0.011,0.011
07.04.2021 08:34:52.685 GMT-0500,51.653000000000006,51.627,0.011,0.011
07.04.2021 08:34:52.785 GMT-0500,51.633,51.607,0.011,0.011
07.04.2021 08:34:52.836 GMT-0500,51.633,51.597,0.011,0.011
07.04.2021 08:34:52.899 GMT-0500,51.632,51.608000000000004,0.011,0.0075
07.04.2021 08:34:52.999 GMT-0500,51.632,51.598000000000006,0.011,0.011
07.04.2021 08:34:53.100 GMT-0500,51.633,51.607,0.011,0.011
07.04.2021 08:34:54.793 GMT-0500,51.652,51.608000000000004,0.011,0.011
07.04.2021 08:34:54.843 GMT-0500,51.652,51.628,0.011,0.011
07.04.2021 08:34:55.848 GMT-0500,51.663000000000004,51.627,0.011,0.011
07.04.2021 08:34:55.898 GMT-0500,51.663000000000004,51.627,0.011,0.011
07.04.2021 08:34:55.948 GMT-0500,51.641999999999996,51.628,0.011,0.011
07.04.2021 08:34:57.023 GMT-0500,51.632,51.618,0.011,0.011
07.04.2021 08:34:57.073 GMT-0500,51.622,51.598000000000006,0.011,0.011
07.04.2021 08:34:58.188 GMT-0500,51.613,51.597,0.0008,0.011
07.04.2021 08:34:58.389 GMT-0500,51.622,51.598000000000006,0.011,0.011
07.04.2021 08:34:58.792 GMT-0500,51.623000000000005,51.597,0.011,0.011
07.04.2021 08:34:59.243 GMT-0500,51.622,51.598000000000006,0.011,0.011
07.04.2021 08:34:59.474 GMT-0500,51.602,51.588,0.011,0.011
07.04.2021 08:34:59.524 GMT-0500,51.622,51.588,0.011,0.011
07.04.2021 08:35:00.016 GMT-0500,51.633,51.607,0.011,0.011
07.04.2021 08:35:00.067 GMT-0500,51.632,51.608000000000004,0.011,0.011
07.04.2021 08:35:00.217 GMT-0500,51.633,51.627,0.0008,0.0075
07.04.2021 08:35:00.270 GMT-0500,51.662,51.628,0.011,0.011
07.04.2021 08:35:00.518 GMT-0500,51.653000000000006,51.627,0.011,0.011
07.04.2021 08:35:00.719 GMT-0500,51.673,51.647,0.011,0.011
07.04.2021 08:35:01.021 GMT-0500,51.683,51.657,0.011,0.011
07.04.2021 08:35:01.668 GMT-0500,51.672,51.658,0.011,0.011
07.04.2021 08:35:02.254 GMT-0500,51.693000000000005,51.667,0.011,0.011
07.04.2021 08:35:02.304 GMT-0500,51.693000000000005,51.667,0.011,0.011
07.04.2021 08:35:03.097 GMT-0500,51.692,51.678000000000004,0.011,0.011
07.04.2021 08:35:03.147 GMT-0500,51.702,51.678000000000004,0.011,0.011
07.04.2021 08:35:03.358 GMT-0500,51.702,51.668000000000006,0.011,0.011
07.04.2021 08:35:03.696 GMT-0500,51.692,51.668000000000006,0.0008,0.011
07.04.2021 08:35:04.226 GMT-0500,51.702,51.668000000000006,0.011,0.011
07.04.2021 08:35:04.276 GMT-0500,51.703,51.667,0.011,0.011
07.04.2021 08:35:04.377 GMT-0500,51.702,51.678000000000004,0.011,0.011
07.04.2021 08:35:04.491 GMT-0500,51.703,51.687,0.0008,0.0075
07.04.2021 08:35:04.542 GMT-0500,51.711999999999996,51.688,0.011,0.011
07.04.2021 08:35:04.991 GMT-0500,51.682,51.668000000000006,0.011,0.011
07.04.2021 08:35:05.042 GMT-0500,51.692,51.668000000000006,0.011,0.011
07.04.2021 08:35:05.233 GMT-0500,51.693000000000005,51.667,0.011,0.011
07.04.2021 08:35:05.334 GMT-0500,51.703,51.687,0.011,0.011
07.04.2021 08:35:05.594 GMT-0500,51.713,51.687,0.011,0.011
07.04.2021 08:35:05.645 GMT-0500,51.702,51.688,0.011,0.011
07.04.2021 08:35:05.774 GMT-0500,51.702,51.678000000000004,0.011,0.011
07.04.2021 08:35:05.824 GMT-0500,51.703,51.677,0.011,0.011
07.04.2021 08:35:05.925 GMT-0500,51.702,51.688,0.011,0.011
07.04.2021 08:35:06.670 GMT-0500,51.702,51.678000000000004,0.011,0.011
07.04.2021 08:35:06.924 GMT-0500,51.692,51.678000000000004,0.011,0.011
07.04.2021 08:35:07.298 GMT-0500,51.703,51.687,0.011,0.011
07.04.2021 08:35:08.796 GMT-0500,51.703,51.677,0.011,0.011
07.04.2021 08:35:08.847 GMT-0500,51.692,51.678000000000004,0.011,0.011
07.04.2021 08:35:09.206 GMT-0500,51.682,51.668000000000006,0.011,0.011
07.04.2021 08:35:09.486 GMT-0500,51.672,51.658,0.011,0.011
07.04.2021 08:35:09.586 GMT-0500,51.682,51.658,0.011,0.011
07.04.2021 08:35:09.737 GMT-0500,51.672,51.658,0.011,0.011
07.04.2021 08:35:10.693 GMT-0500,51.672,51.648,0.011,0.011
07.04.2021 08:35:10.743 GMT-0500,51.662,51.648,0.011,0.011
07.04.2021 08:35:10.942 GMT-0500,51.683,51.657,0.011,0.011
07.04.2021 08:35:11.225 GMT-0500,51.683,51.657,0.011,0.011
07.04.2021 08:35:11.458 GMT-0500,51.652,51.638000000000005,0.011,0.011
07.04.2021 08:35:11.508 GMT-0500,51.662,51.638000000000005,0.011,0.011
07.04.2021 08:35:11.767 GMT-0500,51.652,51.638000000000005,0.011,0.011
07.04.2021 08:35:12.053 GMT-0500,51.672,51.648,0.011,0.011
07.04.2021 08:35:12.206 GMT-0500,51.673,51.647,0.011,0.011
07.04.2021 08:35:12.408 GMT-0500,51.682,51.658,0.011,0.011
07.04.2021 08:35:12.485 GMT-0500,51.682,51.658,0.011,0.011
07.04.2021 08:35:12.859 GMT-0500,51.682,51.658,0.011,0.011
07.04.2021 08:35:13.073 GMT-0500,51.673,51.657,0.011,0.011
07.04.2021 08:35:13.174 GMT-0500,51.682,51.658,0.011,0.011
07.04.2021 08:35:13.248 GMT-0500,51.683,51.667,0.011,0.011
07.04.2021 08:35:13.869 GMT-0500,51.693000000000005,51.677,0.011,0.011
07.04.2021 08:35:14.609 GMT-0500,51.693000000000005,51.667,0.011,0.011
07.04.2021 08:35:15.271 GMT-0500,51.682,51.668000000000006,0.0008,0.011
07.04.2021 08:35:15.761 GMT-0500,51.692,51.668000000000006,0.011,0.011
07.04.2021 08:35:15.882 GMT-0500,51.673,51.657,0.011,0.011
07.04.2021 08:35:15.932 GMT-0500,51.682,51.658,0.011,0.011
07.04.2021 08:35:16.051 GMT-0500,51.673,51.657,0.011,0.011
07.04.2021 08:35:16.414 GMT-0500,51.672,51.648,0.011,0.011
07.04.2021 08:35:16.464 GMT-0500,51.662,51.648,0.011,0.011
07.04.2021 08:35:16.515 GMT-0500,51.663000000000004,51.637,0.011,0.011
07.04.2021 08:35:16.565 GMT-0500,51.663000000000004,51.647,0.011,0.011
07.04.2021 08:35:16.783 GMT-0500,51.663000000000004,51.637,0.011,0.011
07.04.2021 08:35:16.833 GMT-0500,51.652,51.638000000000005,0.011,0.011
07.04.2021 08:35:17.310 GMT-0500,51.663000000000004,51.637,0.011,0.011
07.04.2021 08:35:17.360 GMT-0500,51.652,51.638000000000005,0.011,0.011
07.04.2021 08:35:18.002 GMT-0500,51.662,51.638000000000005,0.011,0.011
07.04.2021 08:35:18.333 GMT-0500,51.663000000000004,51.647,0.011,0.0075
07.04.2021 08:35:19.515 GMT-0500,51.662,51.638000000000005,0.011,0.011
07.04.2021 08:35:19.565 GMT-0500,51.662,51.648,0.011,0.011
07.04.2021 08:35:20.062 GMT-0500,51.663000000000004,51.658,0.0008,0.0075
07.04.2021 08:35:20.113 GMT-0500,51.673,51.657,0.011,0.011
07.04.2021 08:35:20.338 GMT-0500,51.682,51.658,0.011,0.011
07.04.2021 08:35:20.389 GMT-0500,51.673,51.657,0.011,0.011
07.04.2021 08:35:20.816 GMT-0500,51.662,51.648,0.011,0.011
07.04.2021 08:35:21.093 GMT-0500,51.673,51.647,0.011,0.011
07.04.2021 08:35:21.305 GMT-0500,51.682,51.648,0.011,0.011
07.04.2021 08:35:21.356 GMT-0500,51.683,51.657,0.011,0.011
07.04.2021 08:35:21.635 GMT-0500,51.682,51.658,0.011,0.011
07.04.2021 08:35:21.976 GMT-0500,51.663000000000004,51.657,0.0008,0.0075
07.04.2021 08:35:22.026 GMT-0500,51.663000000000004,51.647,0.011,0.011
07.04.2021 08:35:22.126 GMT-0500,51.653000000000006,51.637,0.011,0.011
07.04.2021 08:35:22.233 GMT-0500,51.663000000000004,51.647,0.011,0.011
07.04.2021 08:35:22.651 GMT-0500,51.672,51.658,0.011,0.011
07.04.2021 08:35:23.239 GMT-0500,51.672,51.648,0.011,0.011
07.04.2021 08:35:23.292 GMT-0500,51.663000000000004,51.647,0.011,0.011
07.04.2021 08:35:23.977 GMT-0500,51.673,51.647,0.011,0.011
07.04.2021 08:35:24.624 GMT-0500,51.672,51.648,0.011,0.011
07.04.2021 08:35:24.812 GMT-0500,51.682,51.668000000000006,0.011,0.011
07.04.2021 08:35:24.975 GMT-0500,51.692,51.668000000000006,0.011,0.011
07.04.2021 08:35:25.549 GMT-0500,51.693000000000005,51.667,0.011,0.011
07.04.2021 08:35:25.662 GMT-0500,51.673,51.657,0.011,0.011
07.04.2021 08:35:25.999 GMT-0500,51.682,51.658,0.011,0.011
07.04.2021 08:35:26.204 GMT-0500,51.682,51.668000000000006,0.011,0.0075
07.04.2021 08:35:26.599 GMT-0500,51.673,51.657,0.011,0.011
07.04.2021 08:35:27.098 GMT-0500,51.683,51.657,0.011,0.011
07.04.2021 08:35:27.148 GMT-0500,51.683,51.667,0.011,0.011
07.04.2021 08:35:28.589 GMT-0500,51.673,51.657,0.011,0.011
07.04.2021 08:35:29.057 GMT-0500,51.663000000000004,51.657,0.0008,0.0075
07.04.2021 08:35:29.107 GMT-0500,51.663000000000004,51.637,0.011,0.011
07.04.2021 08:35:29.240 GMT-0500,51.662,51.638000000000005,0.011,0.011
07.04.2021 08:35:29.988 GMT-0500,51.672,51.648,0.011,0.011
07.04.2021 08:35:30.041 GMT-0500,51.662,51.648,0.011,0.011
07.04.2021 08:35:31.022 GMT-0500,51.672,51.648,0.011,0.011
07.04.2021 08:35:31.319 GMT-0500,51.673,51.657,0.011,0.0075
07.04.2021 08:35:31.860 GMT-0500,51.673,51.647,0.011,0.011
07.04.2021 08:35:31.911 GMT-0500,51.672,51.658,0.011,0.011
07.04.2021 08:35:31.961 GMT-0500,51.682,51.658,0.011,0.011
07.04.2021 08:35:32.017 GMT-0500,51.673,51.657,0.011,0.011
07.04.2021 08:35:32.599 GMT-0500,51.662,51.658,0.0008,0.0075
07.04.2021 08:35:32.649 GMT-0500,51.672,51.648,0.011,0.011
07.04.2021 08:35:32.714 GMT-0500,51.673,51.647,0.011,0.011
07.04.2021 08:35:32.892 GMT-0500,51.682,51.658,0.011,0.011
07.04.2021 08:35:33.153 GMT-0500,51.683,51.667,0.011,0.011
07.04.2021 08:35:33.471 GMT-0500,51.663000000000004,51.657,0.0008,0.0075
07.04.2021 08:35:33.522 GMT-0500,51.662,51.648,0.011,0.011
07.04.2021 08:35:33.971 GMT-0500,51.673,51.647,0.011,0.011
07.04.2021 08:35:34.305 GMT-0500,51.662,51.648,0.011,0.011
07.04.2021 08:35:34.870 GMT-0500,51.652,51.638000000000005,0.011,0.011
07.04.2021 08:35:34.920 GMT-0500,51.662,51.638000000000005,0.011,0.011
07.04.2021 08:35:34.970 GMT-0500,51.653000000000006,51.637,0.011,0.011
07.04.2021 08:35:36.112 GMT-0500,51.652,51.648,0.0008,0.0075
07.04.2021 08:35:36.163 GMT-0500,51.663000000000004,51.647,0.011,0.011
07.04.2021 08:35:36.553 GMT-0500,51.653000000000006,51.647,0.0008,0.0075
07.04.2021 08:35:36.603 GMT-0500,51.652,51.638000000000005,0.011,0.011
07.04.2021 08:35:37.471 GMT-0500,51.663000000000004,51.647,0.011,0.011
07.04.2021 08:35:40.509 GMT-0500,51.683,51.647,0.011,0.011
07.04.2021 08:35:40.559 GMT-0500,51.673,51.657,0.011,0.011
07.04.2021 08:35:41.060 GMT-0500,51.683,51.667,0.011,0.011
07.04.2021 08:35:41.110 GMT-0500,51.692,51.668000000000006,0.011,0.011
07.04.2021 08:35:41.161 GMT-0500,51.692,51.678000000000004,0.011,0.011
07.04.2021 08:35:41.211 GMT-0500,51.702,51.678000000000004,0.011,0.011
07.04.2021 08:35:41.286 GMT-0500,51.703,51.677,0.011,0.011
07.04.2021 08:35:41.471 GMT-0500,51.711999999999996,51.698,0.011,0.011
07.04.2021 08:35:43.138 GMT-0500,51.702,51.688,0.011,0.011
07.04.2021 08:35:43.387 GMT-0500,51.702,51.678000000000004,0.011,0.011
07.04.2021 08:35:43.531 GMT-0500,51.702,51.688,0.0008,0.0075
07.04.2021 08:35:44.077 GMT-0500,51.702,51.678000000000004,0.011,0.011
07.04.2021 08:35:44.128 GMT-0500,51.692,51.678000000000004,0.011,0.011
07.04.2021 08:35:44.228 GMT-0500,51.693000000000005,51.667,0.011,0.011
07.04.2021 08:35:44.279 GMT-0500,51.702,51.678000000000004,0.011,0.011
07.04.2021 08:35:44.382 GMT-0500,51.702,51.688,0.011,0.011
07.04.2021 08:35:45.160 GMT-0500,51.711999999999996,51.678000000000004,0.011,0.011
07.04.2021 08:35:45.211 GMT-0500,51.711999999999996,51.688,0.011,0.011
07.04.2021 08:35:45.261 GMT-0500,51.703,51.687,0.011,0.011
07.04.2021 08:35:45.695 GMT-0500,51.713,51.687,0.011,0.011
07.04.2021 08:35:45.794 GMT-0500,51.711999999999996,51.688,0.011,0.011
07.04.2021 08:35:45.894 GMT-0500,51.713,51.687,0.011,0.011
07.04.2021 08:35:45.951 GMT-0500,51.713,51.687,0.011,0.011
07.04.2021 08:35:46.074 GMT-0500,51.711999999999996,51.688,0.011,0.011
07.04.2021 08:35:46.124 GMT-0500,51.702,51.688,0.011,0.011
07.04.2021 08:35:46.175 GMT-0500,51.711999999999996,51.688,0.011,0.011
07.04.2021 08:35:46.421 GMT-0500,51.713,51.687,0.011,0.011
07.04.2021 08:35:46.971 GMT-0500,51.713,51.697,0.011,0.011
07.04.2021 08:35:47.605 GMT-0500,51.723000000000006,51.697,0.011,0.011
07.04.2021 08:35:47.656 GMT-0500,51.711999999999996,51.698,0.011,0.011
07.04.2021 08:35:47.706 GMT-0500,51.713,51.687,0.011,0.011
07.04.2021 08:35:47.938 GMT-0500,51.711999999999996,51.688,0.011,0.011
07.04.2021 08:35:48.833 GMT-0500,51.711999999999996,51.698,0.011,0.011
07.04.2021 08:35:49.677 GMT-0500,51.703,51.687,0.011,0.011
07.04.2021 08:35:50.044 GMT-0500,51.711999999999996,51.688,0.011,0.011
07.04.2021 08:35:50.608 GMT-0500,51.703,51.687,0.011,0.011
07.04.2021 08:35:51.395 GMT-0500,51.713,51.697,0.011,0.011
07.04.2021 08:35:51.757 GMT-0500,51.713,51.687,0.011,0.011
07.04.2021 08:35:51.807 GMT-0500,51.702,51.688,0.011,0.011
07.04.2021 08:35:51.857 GMT-0500,51.713,51.687,0.011,0.011
07.04.2021 08:35:51.934 GMT-0500,51.711999999999996,51.688,0.011,0.011
07.04.2021 08:35:52.286 GMT-0500,51.711999999999996,51.688,0.011,0.011
07.04.2021 08:35:53.062 GMT-0500,51.702,51.688,0.0008,0.011
07.04.2021 08:35:53.113 GMT-0500,51.693000000000005,51.667,0.011,0.011
07.04.2021 08:35:53.348 GMT-0500,51.693000000000005,51.667,0.011,0.011
07.04.2021 08:35:53.602 GMT-0500,51.682,51.658,0.011,0.011
07.04.2021 08:35:53.805 GMT-0500,51.672,51.658,0.011,0.011
07.04.2021 08:35:54.157 GMT-0500,51.662,51.657,0.0008,0.0075
07.04.2021 08:35:54.234 GMT-0500,51.663000000000004,51.637,0.011,0.011
07.04.2021 08:35:54.286 GMT-0500,51.662,51.648,0.011,0.011
07.04.2021 08:35:55.049 GMT-0500,51.662,51.638000000000005,0.011,0.011
07.04.2021 08:35:55.149 GMT-0500,51.643,51.627,0.011,0.011
07.04.2021 08:35:55.199 GMT-0500,51.653000000000006,51.627,0.011,0.011
07.04.2021 08:35:55.250 GMT-0500,51.643,51.627,0.011,0.011
07.04.2021 08:35:55.422 GMT-0500,51.641999999999996,51.618,0.011,0.011
07.04.2021 08:35:55.937 GMT-0500,51.633,51.617,0.0008,0.011
07.04.2021 08:35:55.987 GMT-0500,51.643,51.617,0.011,0.011
07.04.2021 08:35:56.229 GMT-0500,51.653000000000006,51.617,0.011,0.011
07.04.2021 08:35:56.279 GMT-0500,51.653000000000006,51.627,0.011,0.011
07.04.2021 08:35:56.808 GMT-0500,51.652,51.628,0.011,0.011
07.04.2021 08:35:56.909 GMT-0500,51.662,51.638000000000005,0.011,0.011
07.04.2021 08:35:57.247 GMT-0500,51.643,51.627,0.011,0.011
07.04.2021 08:35:57.297 GMT-0500,51.652,51.628,0.011,0.011
07.04.2021 08:35:57.423 GMT-0500,51.643,51.627,0.011,0.011
07.04.2021 08:35:57.474 GMT-0500,51.643,51.617,0.011,0.011
07.04.2021 08:35:57.778 GMT-0500,51.632,51.618,0.0008,0.011
07.04.2021 08:35:57.878 GMT-0500,51.633,51.607,0.011,0.011
07.04.2021 08:36:00.097 GMT-0500,51.602,51.588,0.011,0.011
07.04.2021 08:36:00.248 GMT-0500,51.602,51.578,0.011,0.011
07.04.2021 08:36:00.653 GMT-0500,51.602,51.568000000000005,0.011,0.011
07.04.2021 08:36:00.704 GMT-0500,51.593,51.567,0.011,0.011
07.04.2021 08:36:01.116 GMT-0500,51.583000000000006,51.567,0.0008,0.011
07.04.2021 08:36:01.166 GMT-0500,51.563,51.547,0.011,0.011
07.04.2021 08:36:01.473 GMT-0500,51.563,51.557,0.0008,0.0075
07.04.2021 08:36:01.524 GMT-0500,51.572,51.548,0.011,0.011
07.04.2021 08:36:02.016 GMT-0500,51.573,51.547,0.011,0.011
07.04.2021 08:36:02.189 GMT-0500,51.572,51.548,0.011,0.011
07.04.2021 08:36:02.239 GMT-0500,51.553000000000004,51.537,0.011,0.011
07.04.2021 08:36:02.289 GMT-0500,51.573,51.557,0.011,0.011
07.04.2021 08:36:02.456 GMT-0500,51.563,51.547,0.011,0.011
07.04.2021 08:36:02.622 GMT-0500,51.562,51.538000000000004,0.011,0.011
07.04.2021 08:36:02.842 GMT-0500,51.573,51.547,0.011,0.011
07.04.2021 08:36:02.964 GMT-0500,51.562,51.548,0.011,0.011
07.04.2021 08:36:03.116 GMT-0500,51.562,51.528000000000006,0.011,0.011
07.04.2021 08:36:03.166 GMT-0500,51.553000000000004,51.537,0.011,0.011
07.04.2021 08:36:03.267 GMT-0500,51.563,51.537,0.011,0.011
07.04.2021 08:36:03.339 GMT-0500,51.563,51.547,0.0008,0.0075
07.04.2021 08:36:03.416 GMT-0500,51.573,51.547,0.011,0.011
07.04.2021 08:36:03.602 GMT-0500,51.563,51.547,0.011,0.011
07.04.2021 08:36:03.653 GMT-0500,51.562,51.538000000000004,0.011,0.011
07.04.2021 08:36:03.952 GMT-0500,51.563,51.537,0.011,0.011
07.04.2021 08:36:04.062 GMT-0500,51.563,51.537,0.011,0.011
07.04.2021 08:36:04.114 GMT-0500,51.552,51.528000000000006,0.011,0.011
07.04.2021 08:36:04.359 GMT-0500,51.533,51.516999999999996,0.011,0.011
07.04.2021 08:36:04.469 GMT-0500,51.543000000000006,51.516999999999996,0.011,0.011
07.04.2021 08:36:04.519 GMT-0500,51.543000000000006,51.516999999999996,0.011,0.011
07.04.2021 08:36:04.883 GMT-0500,51.533,51.516999999999996,0.011,0.011
07.04.2021 08:36:04.933 GMT-0500,51.532,51.508,0.011,0.011
07.04.2021 08:36:05.182 GMT-0500,51.533,51.516999999999996,0.011,0.011
07.04.2021 08:36:05.465 GMT-0500,51.543000000000006,51.527,0.011,0.011
07.04.2021 08:36:05.655 GMT-0500,51.543000000000006,51.516999999999996,0.011,0.011
07.04.2021 08:36:06.051 GMT-0500,51.542,51.518,0.011,0.011
07.04.2021 08:36:06.151 GMT-0500,51.553000000000004,51.527,0.011,0.011
07.04.2021 08:36:06.207 GMT-0500,51.552,51.538000000000004,0.011,0.011
07.04.2021 08:36:06.357 GMT-0500,51.562,51.538000000000004,0.011,0.011
07.04.2021 08:36:06.408 GMT-0500,51.552,51.538000000000004,0.011,0.011
07.04.2021 08:36:06.617 GMT-0500,51.543000000000006,51.527,0.011,0.011
07.04.2021 08:36:06.667 GMT-0500,51.552,51.528000000000006,0.011,0.011
07.04.2021 08:36:06.940 GMT-0500,51.552,51.528000000000006,0.011,0.011
07.04.2021 08:36:07.041 GMT-0500,51.543000000000006,51.527,0.011,0.011
07.04.2021 08:36:07.740 GMT-0500,51.553000000000004,51.527,0.011,0.011
07.04.2021 08:36:07.981 GMT-0500,51.553000000000004,51.537,0.011,0.011
07.04.2021 08:36:08.196 GMT-0500,51.543000000000006,51.537,0.0008,0.0075
07.04.2021 08:36:08.246 GMT-0500,51.543000000000006,51.527,0.011,0.011
07.04.2021 08:36:08.980 GMT-0500,51.532,51.508,0.011,0.011
07.04.2021 08:36:09.081 GMT-0500,51.532,51.518,0.011,0.011
07.04.2021 08:36:09.232 GMT-0500,51.523,51.497,0.011,0.011
07.04.2021 08:36:09.282 GMT-0500,51.522,51.508,0.011,0.011
07.04.2021 08:36:09.411 GMT-0500,51.542,51.518,0.011,0.011
07.04.2021 08:36:09.486 GMT-0500,51.542,51.528000000000006,0.011,0.0075
07.04.2021 08:36:09.902 GMT-0500,51.553000000000004,51.537,0.011,0.011
07.04.2021 08:36:10.239 GMT-0500,51.542,51.528000000000006,0.011,0.011
07.04.2021 08:36:10.677 GMT-0500,51.552,51.538000000000004,0.011,0.0075
07.04.2021 08:36:10.728 GMT-0500,51.552,51.528000000000006,0.011,0.011
07.04.2021 08:36:10.778 GMT-0500,51.543000000000006,51.527,0.011,0.011
07.04.2021 08:36:12.097 GMT-0500,51.552,51.528000000000006,0.011,0.011
07.04.2021 08:36:12.147 GMT-0500,51.553000000000004,51.537,0.011,0.011
07.04.2021 08:36:12.363 GMT-0500,51.563,51.527,0.011,0.011
07.04.2021 08:36:12.414 GMT-0500,51.553000000000004,51.527,0.011,0.011
07.04.2021 08:36:12.836 GMT-0500,51.563,51.527,0.011,0.011
07.04.2021 08:36:12.887 GMT-0500,51.563,51.537,0.011,0.011
07.04.2021 08:36:12.937 GMT-0500,51.553000000000004,51.537,0.011,0.011
07.04.2021 08:36:14.614 GMT-0500,51.552,51.528000000000006,0.011,0.011
07.04.2021 08:36:14.664 GMT-0500,51.542,51.528000000000006,0.011,0.011
07.04.2021 08:36:14.995 GMT-0500,51.543000000000006,51.516999999999996,0.011,0.011
07.04.2021 08:36:15.045 GMT-0500,51.533,51.516999999999996,0.011,0.011
07.04.2021 08:36:15.338 GMT-0500,51.543000000000006,51.516999999999996,0.011,0.011
07.04.2021 08:36:15.526 GMT-0500,51.553000000000004,51.516999999999996,0.011,0.011
07.04.2021 08:36:15.626 GMT-0500,51.542,51.518,0.011,0.011
07.04.2021 08:36:15.743 GMT-0500,51.553000000000004,51.516999999999996,0.011,0.011
07.04.2021 08:36:15.803 GMT-0500,51.552,51.518,0.011,0.011
07.04.2021 08:36:17.118 GMT-0500,51.533,51.516999999999996,0.011,0.011
07.04.2021 08:36:17.273 GMT-0500,51.522,51.508,0.011,0.011
07.04.2021 08:36:17.466 GMT-0500,51.523,51.497,0.011,0.011
07.04.2021 08:36:18.102 GMT-0500,51.522,51.498000000000005,0.011,0.011
07.04.2021 08:36:18.414 GMT-0500,51.533,51.507,0.011,0.011
07.04.2021 08:36:18.734 GMT-0500,51.523,51.507,0.0008,0.0075
07.04.2021 08:36:18.785 GMT-0500,51.522,51.498000000000005,0.011,0.011
07.04.2021 08:36:19.005 GMT-0500,51.523,51.497,0.011,0.011
07.04.2021 08:36:19.105 GMT-0500,51.522,51.498000000000005,0.011,0.011
07.04.2021 08:36:19.473 GMT-0500,51.533,51.497,0.011,0.011
07.04.2021 08:36:19.523 GMT-0500,51.532,51.508,0.011,0.011
07.04.2021 08:36:19.829 GMT-0500,51.523,51.507,0.011,0.011
07.04.2021 08:36:20.336 GMT-0500,51.522,51.498000000000005,0.011,0.011
07.04.2021 08:36:20.405 GMT-0500,51.522,51.498000000000005,0.011,0.011
07.04.2021 08:36:20.754 GMT-0500,51.522,51.498000000000005,0.011,0.011
07.04.2021 08:36:20.804 GMT-0500,51.512,51.498000000000005,0.011,0.011
07.04.2021 08:36:21.139 GMT-0500,51.522,51.508,0.011,0.011
07.04.2021 08:36:21.245 GMT-0500,51.512,51.498000000000005,0.011,0.011
07.04.2021 08:36:21.428 GMT-0500,51.503,51.487,0.011,0.011
07.04.2021 08:36:21.478 GMT-0500,51.503,51.477,0.011,0.011
07.04.2021 08:36:21.529 GMT-0500,51.503,51.487,0.011,0.011
07.04.2021 08:36:21.616 GMT-0500,51.522,51.498000000000005,0.011,0.011
07.04.2021 08:36:21.717 GMT-0500,51.522,51.488,0.011,0.011
07.04.2021 08:36:21.767 GMT-0500,51.523,51.497,0.011,0.011
07.04.2021 08:36:21.962 GMT-0500,51.523,51.497,0.011,0.011
07.04.2021 08:36:22.140 GMT-0500,51.513000000000005,51.487,0.011,0.011
07.04.2021 08:36:22.254 GMT-0500,51.512,51.498000000000005,0.011,0.011
07.04.2021 08:36:22.810 GMT-0500,51.523,51.497,0.011,0.011
07.04.2021 08:36:22.862 GMT-0500,51.523,51.507,0.011,0.0075
07.04.2021 08:36:22.979 GMT-0500,51.512,51.498000000000005,0.011,0.011
07.04.2021 08:36:23.030 GMT-0500,51.513000000000005,51.487,0.011,0.011
07.04.2021 08:36:23.080 GMT-0500,51.512,51.498000000000005,0.011,0.011
07.04.2021 08:36:23.260 GMT-0500,51.502,51.488,0.011,0.011
07.04.2021 08:36:23.444 GMT-0500,51.503,51.477,0.011,0.011
07.04.2021 08:36:23.495 GMT-0500,51.502,51.488,0.011,0.011
07.04.2021 08:36:23.735 GMT-0500,51.502,51.478,0.011,0.011
07.04.2021 08:36:24.518 GMT-0500,51.503,51.477,0.011,0.011
07.04.2021 08:36:24.820 GMT-0500,51.503,51.477,0.011,0.011
07.04.2021 08:36:25.809 GMT-0500,51.503,51.487,0.011,0.011
07.04.2021 08:36:25.961 GMT-0500,51.513000000000005,51.487,0.011,0.011
07.04.2021 08:36:26.281 GMT-0500,51.513000000000005,51.477,0.011,0.011
07.04.2021 08:36:26.551 GMT-0500,51.512,51.488,0.011,0.0075
07.04.2021 08:36:26.997 GMT-0500,51.513000000000005,51.497,0.011,0.011
07.04.2021 08:36:27.429 GMT-0500,51.522,51.498000000000005,0.011,0.011
07.04.2021 08:36:27.479 GMT-0500,51.513000000000005,51.497,0.011,0.011
07.04.2021 08:36:28.564 GMT-0500,51.503,51.487,0.011,0.011
07.04.2021 08:36:28.665 GMT-0500,51.523,51.497,0.011,0.011
07.04.2021 08:36:28.715 GMT-0500,51.522,51.508,0.011,0.011
07.04.2021 08:36:28.949 GMT-0500,51.513000000000005,51.497,0.011,0.011
07.04.2021 08:36:29.098 GMT-0500,51.522,51.508,0.011,0.011
07.04.2021 08:36:29.198 GMT-0500,51.533,51.507,0.011,0.011
07.04.2021 08:36:29.550 GMT-0500,51.523,51.487,0.0008,0.011
07.04.2021 08:36:29.651 GMT-0500,51.532,51.498000000000005,0.011,0.011
07.04.2021 08:36:29.764 GMT-0500,51.532,51.508,0.011,0.011
07.04.2021 08:36:29.895 GMT-0500,51.522,51.488,0.011,0.011
07.04.2021 08:36:29.945 GMT-0500,51.532,51.498000000000005,0.011,0.011
07.04.2021 08:36:30.258 GMT-0500,51.512,51.488,0.0008,0.011
07.04.2021 08:36:30.829 GMT-0500,51.523,51.497,0.011,0.0075
07.04.2021 08:36:31.105 GMT-0500,51.512,51.478,0.011,0.011
07.04.2021 08:36:31.155 GMT-0500,51.502,51.488,0.011,0.011
07.04.2021 08:36:31.694 GMT-0500,51.513000000000005,51.477,0.011,0.011
07.04.2021 08:36:32.785 GMT-0500,51.513000000000005,51.487,0.011,0.0075
07.04.2021 08:36:33.155 GMT-0500,51.513000000000005,51.477,0.011,0.011
07.04.2021 08:36:33.406 GMT-0500,51.512,51.488,0.011,0.011
07.04.2021 08:36:33.645 GMT-0500,51.513000000000005,51.477,0.011,0.011
07.04.2021 08:36:33.756 GMT-0500,51.512,51.488,0.011,0.0075
07.04.2021 08:36:34.064 GMT-0500,51.513000000000005,51.477,0.011,0.011
07.04.2021 08:36:34.403 GMT-0500,51.492,51.478,0.0008,0.0075
07.04.2021 08:36:34.950 GMT-0500,51.492,51.468,0.011,0.011
07.04.2021 08:36:35.001 GMT-0500,51.483000000000004,51.467,0.011,0.011
07.04.2021 08:36:35.051 GMT-0500,51.492,51.468,0.011,0.011
07.04.2021 08:36:35.778 GMT-0500,51.482,51.468,0.011,0.011
07.04.2021 08:36:35.886 GMT-0500,51.473000000000006,51.467,0.0008,0.0075
07.04.2021 08:36:35.936 GMT-0500,51.473000000000006,51.447,0.011,0.011
07.04.2021 08:36:36.036 GMT-0500,51.473000000000006,51.457,0.011,0.011
07.04.2021 08:36:36.449 GMT-0500,51.483000000000004,51.467,0.011,0.011
07.04.2021 08:36:37.369 GMT-0500,51.482,51.458000000000006,0.011,0.011
07.04.2021 08:36:37.470 GMT-0500,51.483000000000004,51.467,0.011,0.011
07.04.2021 08:36:37.943 GMT-0500,51.482,51.458000000000006,0.011,0.011
07.04.2021 08:36:37.993 GMT-0500,51.472,51.458000000000006,0.011,0.011
07.04.2021 08:36:38.256 GMT-0500,51.482,51.458000000000006,0.011,0.011
07.04.2021 08:36:38.307 GMT-0500,51.483000000000004,51.467,0.011,0.011
07.04.2021 08:36:38.527 GMT-0500,51.493,51.467,0.011,0.011
07.04.2021 08:36:38.586 GMT-0500,51.492,51.478,0.011,0.011
07.04.2021 08:36:39.137 GMT-0500,51.503,51.477,0.011,0.011
07.04.2021 08:36:39.214 GMT-0500,51.503,51.477,0.011,0.011
07.04.2021 08:36:39.315 GMT-0500,51.512,51.488,0.011,0.011
07.04.2021 08:36:39.507 GMT-0500,51.523,51.507,0.011,0.011
07.04.2021 08:36:39.657 GMT-0500,51.522,51.498000000000005,0.011,0.011
07.04.2021 08:36:40.685 GMT-0500,51.522,51.508,0.011,0.011
07.04.2021 08:36:40.836 GMT-0500,51.543000000000006,51.516999999999996,0.011,0.011
07.04.2021 08:36:40.936 GMT-0500,51.542,51.528000000000006,0.011,0.011
07.04.2021 08:36:40.986 GMT-0500,51.552,51.528000000000006,0.011,0.011
07.04.2021 08:36:41.240 GMT-0500,51.543000000000006,51.527,0.0008,0.0075
07.04.2021 08:36:41.290 GMT-0500,51.542,51.518,0.011,0.011
07.04.2021 08:36:41.689 GMT-0500,51.553000000000004,51.516999999999996,0.011,0.011
07.04.2021 08:36:41.739 GMT-0500,51.553000000000004,51.527,0.011,0.011
07.04.2021 08:36:42.102 GMT-0500,51.562,51.548,0.011,0.011
07.04.2021 08:36:42.493 GMT-0500,51.572,51.548,0.011,0.011
07.04.2021 08:36:42.866 GMT-0500,51.573,51.547,0.011,0.011
07.04.2021 08:36:43.092 GMT-0500,51.572,51.548,0.011,0.011
07.04.2021 08:36:43.142 GMT-0500,51.573,51.557,0.011,0.011
07.04.2021 08:36:43.324 GMT-0500,51.583000000000006,51.557,0.011,0.011
07.04.2021 08:36:43.384 GMT-0500,51.583000000000006,51.557,0.011,0.011
07.04.2021 08:36:43.434 GMT-0500,51.583000000000006,51.557,0.011,0.011
07.04.2021 08:36:43.534 GMT-0500,51.582,51.558,0.011,0.011
07.04.2021 08:36:43.584 GMT-0500,51.593,51.567,0.011,0.011
07.04.2021 08:36:44.296 GMT-0500,51.583000000000006,51.567,0.011,0.011
07.04.2021 08:36:44.346 GMT-0500,51.572,51.548,0.011,0.011
07.04.2021 08:36:45.113 GMT-0500,51.562,51.548,0.0008,0.011
07.04.2021 08:36:45.163 GMT-0500,51.563,51.537,0.011,0.011
07.04.2021 08:36:45.563 GMT-0500,51.573,51.547,0.011,0.011
07.04.2021 08:36:45.682 GMT-0500,51.572,51.558,0.011,0.011
07.04.2021 08:36:45.789 GMT-0500,51.572,51.548,0.011,0.011
07.04.2021 08:36:46.266 GMT-0500,51.583000000000006,51.557,0.011,0.011
07.04.2021 08:36:46.669 GMT-0500,51.593,51.567,0.011,0.011
07.04.2021 08:36:46.806 GMT-0500,51.582,51.568000000000005,0.011,0.011
07.04.2021 08:36:47.172 GMT-0500,51.582,51.558,0.011,0.011
07.04.2021 08:36:47.646 GMT-0500,51.583000000000006,51.547,0.011,0.011
07.04.2021 08:36:47.696 GMT-0500,51.572,51.548,0.011,0.011
07.04.2021 08:36:49.229 GMT-0500,51.573,51.557,0.011,0.0075
07.04.2021 08:36:49.846 GMT-0500,51.592,51.568000000000005,0.011,0.011
07.04.2021 08:36:50.206 GMT-0500,51.603,51.577,0.011,0.011
07.04.2021 08:36:51.574 GMT-0500,51.603,51.586999999999996,0.011,0.011
07.04.2021 08:36:51.678 GMT-0500,51.602,51.578,0.011,0.011
07.04.2021 08:36:51.859 GMT-0500,51.592,51.578,0.0008,0.0075
07.04.2021 08:36:51.909 GMT-0500,51.592,51.568000000000005,0.011,0.011
07.04.2021 08:36:52.015 GMT-0500,51.592,51.578,0.0008,0.0075
07.04.2021 08:36:52.066 GMT-0500,51.602,51.578,0.011,0.011
07.04.2021 08:36:53.040 GMT-0500,51.602,51.588,0.011,0.0075
07.04.2021 08:36:53.090 GMT-0500,51.633,51.617,0.011,0.011
07.04.2021 08:36:53.140 GMT-0500,51.632,51.598000000000006,0.011,0.011
07.04.2021 08:36:53.241 GMT-0500,51.622,51.598000000000006,0.011,0.011
07.04.2021 08:36:53.694 GMT-0500,51.632,51.608000000000004,0.011,0.011
07.04.2021 08:36:54.048 GMT-0500,51.633,51.607,0.011,0.011
07.04.2021 08:36:54.098 GMT-0500,51.632,51.608000000000004,0.011,0.011
07.04.2021 08:36:54.149 GMT-0500,51.623000000000005,51.607,0.011,0.011
07.04.2021 08:36:54.199 GMT-0500,51.633,51.607,0.011,0.011
07.04.2021 08:36:54.475 GMT-0500,51.622,51.608000000000004,0.0008,0.011
07.04.2021 08:36:54.733 GMT-0500,51.632,51.608000000000004,0.011,0.011
07.04.2021 08:36:54.801 GMT-0500,51.623000000000005,51.607,0.011,0.011
07.04.2021 08:36:54.973 GMT-0500,51.632,51.608000000000004,0.011,0.011
07.04.2021 08:36:55.079 GMT-0500,51.632,51.608000000000004,0.011,0.011
07.04.2021 08:36:55.183 GMT-0500,51.643,51.627,0.0008,0.011
07.04.2021 08:36:55.235 GMT-0500,51.643,51.617,0.011,0.011
07.04.2021 08:36:55.299 GMT-0500,51.643,51.637,0.0008,0.0075
07.04.2021 08:36:55.349 GMT-0500,51.653000000000006,51.637,0.011,0.011
07.04.2021 08:36:55.580 GMT-0500,51.653000000000006,51.627,0.011,0.011
07.04.2021 08:36:55.961 GMT-0500,51.653000000000006,51.627,0.011,0.011
07.04.2021 08:36:56.062 GMT-0500,51.632,51.618,0.011,0.011
07.04.2021 08:36:56.233 GMT-0500,51.643,51.627,0.011,0.011
07.04.2021 08:36:56.385 GMT-0500,51.632,51.618,0.011,0.011
07.04.2021 08:36:57.117 GMT-0500,51.633,51.607,0.011,0.011
07.04.2021 08:36:57.167 GMT-0500,51.623000000000005,51.607,0.011,0.011
07.04.2021 08:36:57.511 GMT-0500,51.622,51.598000000000006,0.011,0.011
07.04.2021 08:36:57.561 GMT-0500,51.612,51.598000000000006,0.011,0.011
07.04.2021 08:36:57.662 GMT-0500,51.623000000000005,51.607,0.011,0.011
07.04.2021 08:36:57.933 GMT-0500,51.622,51.598000000000006,0.011,0.011
07.04.2021 08:36:59.267 GMT-0500,51.623000000000005,51.607,0.011,0.011
07.04.2021 08:36:59.317 GMT-0500,51.632,51.608000000000004,0.011,0.011
07.04.2021 08:37:00.128 GMT-0500,51.603,51.586999999999996,0.011,0.011
07.04.2021 08:37:00.308 GMT-0500,51.613,51.586999999999996,0.011,0.011
07.04.2021 08:37:00.358 GMT-0500,51.613,51.597,0.011,0.011
07.04.2021 08:37:00.952 GMT-0500,51.592,51.578,0.011,0.011
07.04.2021 08:37:01.053 GMT-0500,51.583000000000006,51.567,0.011,0.011
07.04.2021 08:37:01.207 GMT-0500,51.593,51.577,0.011,0.011
07.04.2021 08:37:02.745 GMT-0500,51.582,51.568000000000005,0.011,0.011
07.04.2021 08:37:02.856 GMT-0500,51.573,51.557,0.011,0.011
07.04.2021 08:37:03.125 GMT-0500,51.572,51.548,0.011,0.011
07.04.2021 08:37:03.175 GMT-0500,51.562,51.548,0.011,0.011
07.04.2021 08:37:04.021 GMT-0500,51.573,51.557,0.011,0.011
07.04.2021 08:37:04.418 GMT-0500,51.563,51.547,0.0008,0.011
07.04.2021 08:37:04.519 GMT-0500,51.573,51.547,0.011,0.011
07.04.2021 08:37:04.660 GMT-0500,51.572,51.548,0.011,0.011
07.04.2021 08:37:04.711 GMT-0500,51.583000000000006,51.557,0.011,0.011
07.04.2021 08:37:05.048 GMT-0500,51.572,51.558,0.011,0.011
07.04.2021 08:37:05.169 GMT-0500,51.582,51.558,0.011,0.011
07.04.2021 08:37:05.220 GMT-0500,51.583000000000006,51.567,0.011,0.011
07.04.2021 08:37:05.320 GMT-0500,51.592,51.568000000000005,0.011,0.011
07.04.2021 08:37:05.371 GMT-0500,51.572,51.558,0.011,0.011
07.04.2021 08:37:05.817 GMT-0500,51.572,51.548,0.011,0.011
07.04.2021 08:37:05.983 GMT-0500,51.573,51.557,0.011,0.011
07.04.2021 08:37:06.139 GMT-0500,51.582,51.568000000000005,0.011,0.011
07.04.2021 08:37:06.247 GMT-0500,51.592,51.568000000000005,0.011,0.011
07.04.2021 08:37:06.297 GMT-0500,51.593,51.577,0.011,0.011
07.04.2021 08:37:06.790 GMT-0500,51.582,51.558,0.011,0.011
07.04.2021 08:37:06.903 GMT-0500,51.582,51.568000000000005,0.011,0.0075
07.04.2021 08:37:07.004 GMT-0500,51.592,51.568000000000005,0.011,0.011
07.04.2021 08:37:07.054 GMT-0500,51.592,51.578,0.011,0.011
07.04.2021 08:37:07.366 GMT-0500,51.593,51.567,0.011,0.011
07.04.2021 08:37:07.486 GMT-0500,51.583000000000006,51.567,0.011,0.011
07.04.2021 08:37:08.394 GMT-0500,51.592,51.568000000000005,0.011,0.011
07.04.2021 08:37:08.444 GMT-0500,51.593,51.577,0.011,0.011
07.04.2021 08:37:09.174 GMT-0500,51.582,51.568000000000005,0.011,0.011
07.04.2021 08:37:10.147 GMT-0500,51.573,51.557,0.011,0.011
07.04.2021 08:37:10.278 GMT-0500,51.562,51.548,0.011,0.011
07.04.2021 08:37:10.522 GMT-0500,51.582,51.568000000000005,0.011,0.011
07.04.2021 08:37:10.851 GMT-0500,51.592,51.578,0.011,0.011
07.04.2021 08:37:11.367 GMT-0500,51.573,51.557,0.011,0.011
07.04.2021 08:37:11.417 GMT-0500,51.572,51.548,0.011,0.011
07.04.2021 08:37:12.630 GMT-0500,51.573,51.557,0.011,0.0075
07.04.2021 08:37:13.043 GMT-0500,51.583000000000006,51.567,0.011,0.011
07.04.2021 08:37:13.446 GMT-0500,51.572,51.558,0.011,0.011
07.04.2021 08:37:13.766 GMT-0500,51.582,51.558,0.011,0.011
07.04.2021 08:37:13.816 GMT-0500,51.582,51.558,0.011,0.011
07.04.2021 08:37:14.132 GMT-0500,51.583000000000006,51.567,0.011,0.011
07.04.2021 08:37:14.182 GMT-0500,51.582,51.558,0.011,0.011
07.04.2021 08:37:14.371 GMT-0500,51.582,51.558,0.011,0.011
07.04.2021 08:37:14.902 GMT-0500,51.572,51.558,0.011,0.011
07.04.2021 08:37:15.003 GMT-0500,51.583000000000006,51.557,0.011,0.011
07.04.2021 08:37:15.889 GMT-0500,51.582,51.558,0.011,0.011
07.04.2021 08:37:16.069 GMT-0500,51.583000000000006,51.557,0.011,0.011
07.04.2021 08:37:16.119 GMT-0500,51.572,51.558,0.011,0.011
07.04.2021 08:37:16.348 GMT-0500,51.583000000000006,51.557,0.011,0.011
07.04.2021 08:37:16.398 GMT-0500,51.582,51.568000000000005,0.011,0.011
07.04.2021 08:37:16.526 GMT-0500,51.593,51.577,0.011,0.011
07.04.2021 08:37:17.287 GMT-0500,51.603,51.586999999999996,0.011,0.011
07.04.2021 08:37:18.112 GMT-0500,51.612,51.588,0.011,0.011
07.04.2021 08:37:18.262 GMT-0500,51.622,51.598000000000006,0.011,0.011
07.04.2021 08:37:18.596 GMT-0500,51.623000000000005,51.607,0.011,0.011
07.04.2021 08:37:18.756 GMT-0500,51.623000000000005,51.597,0.011,0.011
07.04.2021 08:37:19.075 GMT-0500,51.632,51.618,0.011,0.011
07.04.2021 08:37:19.317 GMT-0500,51.643,51.627,0.011,0.011
07.04.2021 08:37:19.672 GMT-0500,51.643,51.617,0.011,0.011
07.04.2021 08:37:19.947 GMT-0500,51.623000000000005,51.607,0.011,0.011
07.04.2021 08:37:20.054 GMT-0500,51.632,51.618,0.011,0.011
07.04.2021 08:37:20.104 GMT-0500,51.643,51.617,0.011,0.011
07.04.2021 08:37:20.997 GMT-0500,51.641999999999996,51.628,0.011,0.011
07.04.2021 08:37:21.130 GMT-0500,51.641999999999996,51.638000000000005,0.0008,0.0075
07.04.2021 08:37:21.181 GMT-0500,51.652,51.638000000000005,0.011,0.011
07.04.2021 08:37:22.078 GMT-0500,51.662,51.648,0.011,0.011
07.04.2021 08:37:22.279 GMT-0500,51.672,51.658,0.011,0.011
07.04.2021 08:37:22.756 GMT-0500,51.683,51.667,0.011,0.011
07.04.2021 08:37:23.829 GMT-0500,51.673,51.667,0.0008,0.0075
07.04.2021 08:37:23.879 GMT-0500,51.673,51.657,0.011,0.011
07.04.2021 08:37:24.530 GMT-0500,51.662,51.638000000000005,0.011,0.011
07.04.2021 08:37:24.580 GMT-0500,51.662,51.648,0.011,0.011
07.04.2021 08:37:25.094 GMT-0500,51.672,51.648,0.011,0.011
07.04.2021 08:37:25.144 GMT-0500,51.663000000000004,51.647,0.011,0.011
07.04.2021 08:37:25.338 GMT-0500,51.673,51.647,0.011,0.011
07.04.2021 08:37:25.490 GMT-0500,51.663000000000004,51.647,0.011,0.011
07.04.2021 08:37:25.582 GMT-0500,51.673,51.647,0.011,0.011
07.04.2021 08:37:25.775 GMT-0500,51.663000000000004,51.647,0.0008,0.011
07.04.2021 08:37:25.986 GMT-0500,51.673,51.647,0.011,0.011
07.04.2021 08:37:26.142 GMT-0500,51.673,51.657,0.0008,0.0075
07.04.2021 08:37:26.192 GMT-0500,51.682,51.658,0.011,0.011
07.04.2021 08:37:26.242 GMT-0500,51.672,51.658,0.011,0.011
07.04.2021 08:37:26.293 GMT-0500,51.683,51.657,0.011,0.011
07.04.2021 08:37:26.448 GMT-0500,51.682,51.658,0.011,0.011
07.04.2021 08:37:26.669 GMT-0500,51.683,51.657,0.011,0.011
07.04.2021 08:37:26.744 GMT-0500,51.672,51.658,0.0008,0.011
07.04.2021 08:37:26.947 GMT-0500,51.683,51.657,0.011,0.011
07.04.2021 08:37:27.115 GMT-0500,51.673,51.647,0.011,0.011
07.04.2021 08:37:27.813 GMT-0500,51.682,51.648,0.011,0.011
07.04.2021 08:37:27.863 GMT-0500,51.683,51.657,0.011,0.011
07.04.2021 08:37:28.174 GMT-0500,51.682,51.648,0.011,0.011
07.04.2021 08:37:28.236 GMT-0500,51.682,51.658,0.011,0.011
07.04.2021 08:37:28.839 GMT-0500,51.673,51.657,0.011,0.011
07.04.2021 08:37:29.142 GMT-0500,51.682,51.658,0.011,0.011
07.04.2021 08:37:29.192 GMT-0500,51.673,51.657,0.011,0.011
07.04.2021 08:37:29.242 GMT-0500,51.672,51.648,0.011,0.011
07.04.2021 08:37:29.343 GMT-0500,51.662,51.648,0.011,0.011
07.04.2021 08:37:30.324 GMT-0500,51.683,51.657,0.011,0.011
07.04.2021 08:37:30.609 GMT-0500,51.672,51.658,0.011,0.011
07.04.2021 08:37:31.977 GMT-0500,51.662,51.648,0.011,0.011
07.04.2021 08:37:32.329 GMT-0500,51.672,51.648,0.011,0.011
07.04.2021 08:37:32.379 GMT-0500,51.663000000000004,51.647,0.011,0.011
07.04.2021 08:37:32.480 GMT-0500,51.672,51.658,0.011,0.011
07.04.2021 08:37:32.964 GMT-0500,51.673,51.647,0.011,0.011
07.04.2021 08:37:33.014 GMT-0500,51.672,51.658,0.011,0.011
07.04.2021 08:37:33.631 GMT-0500,51.682,51.658,0.011,0.011
07.04.2021 08:37:33.681 GMT-0500,51.682,51.668000000000006,0.011,0.011
07.04.2021 08:37:33.890 GMT-0500,51.682,51.658,0.011,0.011
07.04.2021 08:37:33.941 GMT-0500,51.673,51.657,0.011,0.011
07.04.2021 08:37:34.191 GMT-0500,51.663000000000004,51.647,0.011,0.011
07.04.2021 08:37:34.469 GMT-0500,51.672,51.648,0.011,0.011
07.04.2021 08:37:35.095 GMT-0500,51.672,51.648,0.011,0.011
07.04.2021 08:37:35.145 GMT-0500,51.683,51.657,0.011,0.011
07.04.2021 08:37:35.665 GMT-0500,51.662,51.648,0.011,0.011
07.04.2021 08:37:36.051 GMT-0500,51.672,51.658,0.011,0.011
07.04.2021 08:37:36.174 GMT-0500,51.662,51.648,0.011,0.011
07.04.2021 08:37:36.305 GMT-0500,51.662,51.658,0.0008,0.0075
07.04.2021 08:37:36.355 GMT-0500,51.663000000000004,51.647,0.011,0.011
07.04.2021 08:37:36.457 GMT-0500,51.673,51.657,0.011,0.011
07.04.2021 08:37:36.585 GMT-0500,51.673,51.667,0.0008,0.0075
07.04.2021 08:37:36.635 GMT-0500,51.682,51.668000000000006,0.011,0.011
07.04.2021 08:37:36.991 GMT-0500,51.672,51.658,0.011,0.011
07.04.2021 08:37:37.180 GMT-0500,51.682,51.668000000000006,0.011,0.011
07.04.2021 08:37:37.696 GMT-0500,51.692,51.668000000000006,0.011,0.011
07.04.2021 08:37:38.078 GMT-0500,51.683,51.667,0.0008,0.011
07.04.2021 08:37:38.349 GMT-0500,51.672,51.658,0.011,0.011
07.04.2021 08:37:38.701 GMT-0500,51.662,51.648,0.011,0.011
07.04.2021 08:37:38.996 GMT-0500,51.673,51.647,0.011,0.011
07.04.2021 08:37:39.113 GMT-0500,51.663000000000004,51.647,0.011,0.011
07.04.2021 08:37:39.653 GMT-0500,51.673,51.647,0.011,0.011
07.04.2021 08:37:39.704 GMT-0500,51.662,51.648,0.011,0.011
07.04.2021 08:37:39.883 GMT-0500,51.672,51.648,0.011,0.011
07.04.2021 08:37:39.933 GMT-0500,51.663000000000004,51.647,0.011,0.011
07.04.2021 08:37:39.983 GMT-0500,51.672,51.648,0.011,0.011
07.04.2021 08:37:40.095 GMT-0500,51.663000000000004,51.647,0.0008,0.011
07.04.2021 08:37:40.293 GMT-0500,51.653000000000006,51.637,0.011,0.011
07.04.2021 08:37:40.405 GMT-0500,51.641999999999996,51.638000000000005,0.0008,0.0075
07.04.2021 08:37:40.455 GMT-0500,51.641999999999996,51.628,0.011,0.011
07.04.2021 08:37:41.206 GMT-0500,51.633,51.627,0.0008,0.0075
07.04.2021 08:37:41.256 GMT-0500,51.632,51.618,0.011,0.011
07.04.2021 08:37:41.794 GMT-0500,51.623000000000005,51.607,0.011,0.011
07.04.2021 08:37:41.844 GMT-0500,51.633,51.607,0.011,0.011
07.04.2021 08:37:41.894 GMT-0500,51.633,51.617,0.011,0.011
07.04.2021 08:37:43.102 GMT-0500,51.632,51.608000000000004,0.011,0.011
07.04.2021 08:37:43.393 GMT-0500,51.623000000000005,51.607,0.0008,0.011
07.04.2021 08:37:43.493 GMT-0500,51.632,51.608000000000004,0.011,0.011
07.04.2021 08:37:43.685 GMT-0500,51.632,51.588,0.011,0.011
07.04.2021 08:37:43.735 GMT-0500,51.612,51.588,0.011,0.011
07.04.2021 08:37:43.970 GMT-0500,51.602,51.588,0.0008,0.0075
07.04.2021 08:37:44.021 GMT-0500,51.603,51.577,0.011,0.011
07.04.2021 08:37:44.071 GMT-0500,51.593,51.577,0.011,0.011
07.04.2021 08:37:44.504 GMT-0500,51.603,51.577,0.011,0.011
07.04.2021 08:37:44.840 GMT-0500,51.613,51.577,0.011,0.011
07.04.2021 08:37:44.891 GMT-0500,51.612,51.598000000000006,0.011,0.011
07.04.2021 08:37:44.970 GMT-0500,51.623000000000005,51.597,0.011,0.011
07.04.2021 08:37:45.844 GMT-0500,51.612,51.598000000000006,0.011,0.011
07.04.2021 08:37:45.956 GMT-0500,51.623000000000005,51.597,0.011,0.011
07.04.2021 08:37:46.178 GMT-0500,51.613,51.597,0.011,0.011
07.04.2021 08:37:46.480 GMT-0500,51.623000000000005,51.607,0.011,0.011
07.04.2021 08:37:46.631 GMT-0500,51.623000000000005,51.597,0.011,0.011
07.04.2021 08:37:46.687 GMT-0500,51.623000000000005,51.607,0.011,0.0075
07.04.2021 08:37:46.912 GMT-0500,51.632,51.608000000000004,0.011,0.011
07.04.2021 08:37:47.114 GMT-0500,51.623000000000005,51.607,0.0008,0.011
07.04.2021 08:37:47.296 GMT-0500,51.623000000000005,51.597,0.011,0.011
07.04.2021 08:37:47.397 GMT-0500,51.612,51.598000000000006,0.011,0.011
07.04.2021 08:37:47.474 GMT-0500,51.622,51.598000000000006,0.011,0.011
07.04.2021 08:37:47.582 GMT-0500,51.622,51.598000000000006,0.011,0.011
07.04.2021 08:37:47.683 GMT-0500,51.623000000000005,51.597,0.011,0.011
07.04.2021 08:37:48.240 GMT-0500,51.623000000000005,51.607,0.011,0.0075
07.04.2021 08:37:49.080 GMT-0500,51.612,51.598000000000006,0.011,0.011
07.04.2021 08:37:49.131 GMT-0500,51.622,51.598000000000006,0.011,0.011
07.04.2021 08:37:49.181 GMT-0500,51.623000000000005,51.607,0.011,0.011
07.04.2021 08:37:50.979 GMT-0500,51.613,51.597,0.011,0.011
07.04.2021 08:37:51.187 GMT-0500,51.612,51.588,0.011,0.011
07.04.2021 08:37:51.237 GMT-0500,51.602,51.588,0.011,0.011
07.04.2021 08:37:51.338 GMT-0500,51.613,51.586999999999996,0.011,0.011
07.04.2021 08:37:51.506 GMT-0500,51.612,51.598000000000006,0.011,0.0075
07.04.2021 08:37:51.839 GMT-0500,51.613,51.586999999999996,0.011,0.011
07.04.2021 08:37:52.323 GMT-0500,51.612,51.598000000000006,0.011,0.011
07.04.2021 08:37:52.572 GMT-0500,51.613,51.586999999999996,0.011,0.011
07.04.2021 08:37:52.878 GMT-0500,51.602,51.588,0.011,0.011
07.04.2021 08:37:54.047 GMT-0500,51.603,51.577,0.011,0.011
07.04.2021 08:37:54.107 GMT-0500,51.603,51.577,0.011,0.011
07.04.2021 08:37:54.597 GMT-0500,51.593,51.567,0.011,0.011
07.04.2021 08:37:54.647 GMT-0500,51.582,51.568000000000005,0.011,0.011
07.04.2021 08:37:56.084 GMT-0500,51.583000000000006,51.557,0.011,0.011
07.04.2021 08:37:56.195 GMT-0500,51.572,51.558,0.011,0.011
07.04.2021 08:37:56.319 GMT-0500,51.583000000000006,51.567,0.011,0.011
07.04.2021 08:37:56.438 GMT-0500,51.582,51.558,0.011,0.011
07.04.2021 08:37:56.596 GMT-0500,51.573,51.557,0.0008,0.011
07.04.2021 08:37:56.889 GMT-0500,51.583000000000006,51.557,0.011,0.011
07.04.2021 08:37:56.939 GMT-0500,51.583000000000006,51.567,0.011,0.011
07.04.2021 08:37:57.959 GMT-0500,51.583000000000006,51.557,0.011,0.011
07.04.2021 08:37:58.019 GMT-0500,51.583000000000006,51.557,0.011,0.011
07.04.2021 08:37:58.668 GMT-0500,51.582,51.558,0.011,0.011
07.04.2021 08:37:58.719 GMT-0500,51.573,51.557,0.011,0.011
07.04.2021 08:37:58.835 GMT-0500,51.572,51.548,0.011,0.011
07.04.2021 08:37:58.935 GMT-0500,51.573,51.557,0.011,0.011
07.04.2021 08:37:59.067 GMT-0500,51.582,51.558,0.011,0.011
07.04.2021 08:37:59.117 GMT-0500,51.573,51.557,0.011,0.011
07.04.2021 08:37:59.167 GMT-0500,51.583000000000006,51.557,0.011,0.011
07.04.2021 08:37:59.218 GMT-0500,51.582,51.568000000000005,0.011,0.011
07.04.2021 08:37:59.577 GMT-0500,51.572,51.558,0.011,0.011
07.04.2021 08:37:59.797 GMT-0500,51.572,51.548,0.011,0.011
07.04.2021 08:37:59.848 GMT-0500,51.572,51.558,0.011,0.011
07.04.2021 08:38:00.572 GMT-0500,51.562,51.548,0.011,0.011
07.04.2021 08:38:01.316 GMT-0500,51.573,51.557,0.0008,0.011
07.04.2021 08:38:01.439 GMT-0500,51.582,51.568000000000005,0.011,0.011
07.04.2021 08:38:01.917 GMT-0500,51.582,51.558,0.011,0.011
07.04.2021 08:38:01.967 GMT-0500,51.572,51.558,0.011,0.011
07.04.2021 08:38:02.071 GMT-0500,51.562,51.548,0.011,0.011
07.04.2021 08:38:02.304 GMT-0500,51.562,51.538000000000004,0.011,0.011
07.04.2021 08:38:02.355 GMT-0500,51.563,51.547,0.011,0.011
07.04.2021 08:38:02.520 GMT-0500,51.572,51.548,0.011,0.011
07.04.2021 08:38:02.570 GMT-0500,51.573,51.557,0.011,0.011
07.04.2021 08:38:03.188 GMT-0500,51.582,51.568000000000005,0.011,0.011
07.04.2021 08:38:03.238 GMT-0500,51.582,51.558,0.011,0.011
07.04.2021 08:38:03.412 GMT-0500,51.583000000000006,51.567,0.011,0.011
07.04.2021 08:38:03.628 GMT-0500,51.593,51.567,0.011,0.011
07.04.2021 08:38:03.678 GMT-0500,51.593,51.577,0.011,0.011
07.04.2021 08:38:04.161 GMT-0500,51.593,51.567,0.011,0.011
07.04.2021 08:38:04.491 GMT-0500,51.583000000000006,51.567,0.011,0.011
07.04.2021 08:38:05.021 GMT-0500,51.572,51.558,0.011,0.011
07.04.2021 08:38:05.121 GMT-0500,51.592,51.568000000000005,0.011,0.011
07.04.2021 08:38:05.223 GMT-0500,51.593,51.567,0.011,0.011
07.04.2021 08:38:05.350 GMT-0500,51.593,51.567,0.011,0.011
07.04.2021 08:38:05.400 GMT-0500,51.593,51.577,0.011,0.011
07.04.2021 08:38:06.325 GMT-0500,51.583000000000006,51.577,0.0008,0.0075
07.04.2021 08:38:06.375 GMT-0500,51.583000000000006,51.567,0.011,0.011
07.04.2021 08:38:07.200 GMT-0500,51.572,51.558,0.011,0.011
07.04.2021 08:38:07.739 GMT-0500,51.583000000000006,51.557,0.011,0.011
07.04.2021 08:38:07.840 GMT-0500,51.573,51.557,0.011,0.011
07.04.2021 08:38:07.971 GMT-0500,51.582,51.568000000000005,0.011,0.011
07.04.2021 08:38:08.324 GMT-0500,51.582,51.558,0.011,0.011
07.04.2021 08:38:08.620 GMT-0500,51.573,51.557,0.011,0.011
07.04.2021 08:38:08.670 GMT-0500,51.573,51.547,0.011,0.011
07.04.2021 08:38:08.920 GMT-0500,51.573,51.557,0.011,0.011
07.04.2021 08:38:09.671 GMT-0500,51.563,51.547,0.011,0.011
07.04.2021 08:38:10.074 GMT-0500,51.563,51.537,0.011,0.011
07.04.2021 08:38:10.317 GMT-0500,51.563,51.547,0.011,0.011
07.04.2021 08:38:10.525 GMT-0500,51.562,51.538000000000004,0.011,0.011
07.04.2021 08:38:10.676 GMT-0500,51.552,51.538000000000004,0.011,0.011
07.04.2021 08:38:10.784 GMT-0500,51.562,51.548,0.011,0.011
07.04.2021 08:38:11.410 GMT-0500,51.573,51.547,0.011,0.011
07.04.2021 08:38:11.603 GMT-0500,51.573,51.547,0.011,0.011
07.04.2021 08:38:11.872 GMT-0500,51.573,51.547,0.011,0.011
