Local time,Ask,Bid,AskVolume,BidVolume
08.04.2021 08:30:00.842 GMT-0500,50.203,49.635,0.0008,0.0075
08.04.2021 08:30:01.201 GMT-0500,49.773,49.497,0.011,0.011
08.04.2021 08:30:01.317 GMT-0500,50.003,49.727,0.011,0.011
08.04.2021 08:30:01.367 GMT-0500,49.752,49.558,0.011,0.011
08.04.2021 08:30:01.432 GMT-0500,49.753,49.557,0.011,0.011
08.04.2021 08:30:01.679 GMT-0500,49.663000000000004,49.597,0.011,0.011
08.04.2021 08:30:01.786 GMT-0500,49.632,49.558,0.011,0.011
08.04.2021 08:30:01.836 GMT-0500,49.612,49.558,0.011,0.011
08.04.2021 08:30:01.886 GMT-0500,49.753,49.586999999999996,0.011,0.011
08.04.2021 08:30:02.467 GMT-0500,49.662,49.588,0.0008,0.0075
08.04.2021 08:30:02.517 GMT-0500,49.641999999999996,49.558,0.011,0.011
08.04.2021 08:30:03.797 GMT-0500,49.641999999999996,49.568000000000005,0.011,0.011
08.04.2021 08:30:03.847 GMT-0500,49.753,49.567,0.011,0.011
08.04.2021 08:30:03.898 GMT-0500,49.753,49.557,0.011,0.011
08.04.2021 08:30:03.948 GMT-0500,49.713,49.557,0.011,0.011
08.04.2021 08:30:04.106 GMT-0500,49.713,49.557,0.011,0.011
08.04.2021 08:30:04.296 GMT-0500,49.653000000000006,49.527,0.011,0.011
08.04.2021 08:30:04.557 GMT-0500,49.652,49.518,0.011,0.0075
08.04.2021 08:30:04.608 GMT-0500,49.653000000000006,49.507,0.011,0.011
08.04.2021 08:30:04.716 GMT-0500,49.652,49.508,0.011,0.011
08.04.2021 08:30:04.965 GMT-0500,49.652,49.528000000000006,0.011,0.0075
08.04.2021 08:30:06.010 GMT-0500,49.652,49.558,0.011,0.0075
08.04.2021 08:30:06.581 GMT-0500,49.652,49.558,0.011,0.011
08.04.2021 08:30:08.248 GMT-0500,49.713,49.567,0.011,0.011
08.04.2021 08:30:08.298 GMT-0500,49.713,49.507,0.011,0.011
08.04.2021 08:30:08.409 GMT-0500,49.713,49.497,0.011,0.011
08.04.2021 08:30:08.460 GMT-0500,49.713,49.586999999999996,0.011,0.011
08.04.2021 08:30:09.775 GMT-0500,49.711999999999996,49.498000000000005,0.011,0.011
08.04.2021 08:30:10.051 GMT-0500,49.711999999999996,49.568000000000005,0.011,0.0075
08.04.2021 08:30:11.590 GMT-0500,49.702,49.568000000000005,0.011,0.011
08.04.2021 08:30:11.876 GMT-0500,49.702,49.568000000000005,0.011,0.011
08.04.2021 08:30:12.804 GMT-0500,49.743,49.567,0.011,0.011
08.04.2021 08:30:12.931 GMT-0500,49.702,49.578,0.011,0.011
08.04.2021 08:30:13.130 GMT-0500,49.682,49.578,0.0008,0.011
08.04.2021 08:30:13.230 GMT-0500,49.682,49.568000000000005,0.011,0.011
08.04.2021 08:30:13.280 GMT-0500,49.682,49.578,0.011,0.011
08.04.2021 08:30:13.331 GMT-0500,49.742,49.578,0.011,0.011
08.04.2021 08:30:13.436 GMT-0500,49.742,49.588,0.011,0.011
08.04.2021 08:30:13.767 GMT-0500,49.742,49.598000000000006,0.011,0.011
08.04.2021 08:30:14.048 GMT-0500,49.742,49.608000000000004,0.011,0.011
08.04.2021 08:30:14.217 GMT-0500,49.713,49.607,0.0008,0.0075
08.04.2021 08:30:14.268 GMT-0500,49.713,49.597,0.011,0.011
08.04.2021 08:30:15.123 GMT-0500,49.711999999999996,49.608000000000004,0.011,0.0075
08.04.2021 08:30:15.174 GMT-0500,49.711999999999996,49.598000000000006,0.011,0.011
08.04.2021 08:30:16.217 GMT-0500,49.742,49.598000000000006,0.011,0.011
08.04.2021 08:30:16.317 GMT-0500,49.743,49.497,0.011,0.011
08.04.2021 08:30:16.517 GMT-0500,49.803000000000004,49.497,0.011,0.011
08.04.2021 08:30:16.567 GMT-0500,49.802,49.668000000000006,0.011,0.011
08.04.2021 08:30:16.617 GMT-0500,49.802,49.688,0.011,0.011
08.04.2021 08:30:17.165 GMT-0500,49.802,49.668000000000006,0.011,0.011
08.04.2021 08:30:17.266 GMT-0500,49.882,49.708000000000006,0.011,0.011
08.04.2021 08:30:17.454 GMT-0500,49.882,49.708000000000006,0.011,0.011
08.04.2021 08:30:18.605 GMT-0500,49.882,49.768,0.011,0.0075
08.04.2021 08:30:19.039 GMT-0500,49.883,49.766999999999996,0.011,0.011
08.04.2021 08:30:19.758 GMT-0500,49.882,49.758,0.011,0.011
08.04.2021 08:30:21.320 GMT-0500,49.882,49.768,0.011,0.0075
08.04.2021 08:30:21.767 GMT-0500,50.003,49.757,0.011,0.011
08.04.2021 08:30:22.018 GMT-0500,50.002,49.778000000000006,0.011,0.0075
08.04.2021 08:30:22.644 GMT-0500,49.873000000000005,49.757,0.011,0.011
08.04.2021 08:30:23.204 GMT-0500,49.873000000000005,49.757,0.011,0.011
08.04.2021 08:30:23.378 GMT-0500,49.872,49.758,0.011,0.011
08.04.2021 08:30:25.034 GMT-0500,49.872,49.758,0.011,0.011
08.04.2021 08:30:25.258 GMT-0500,49.872,49.758,0.011,0.011
08.04.2021 08:30:25.308 GMT-0500,49.873000000000005,49.817,0.011,0.011
08.04.2021 08:30:25.359 GMT-0500,49.883,49.757,0.011,0.011
08.04.2021 08:30:25.409 GMT-0500,49.872,49.828,0.011,0.011
08.04.2021 08:30:25.459 GMT-0500,50.002,49.848000000000006,0.011,0.011
08.04.2021 08:30:25.510 GMT-0500,49.932,49.838,0.011,0.011
08.04.2021 08:30:28.769 GMT-0500,49.923,49.836999999999996,0.011,0.011
08.04.2021 08:30:29.516 GMT-0500,49.882,49.828,0.011,0.011
08.04.2021 08:30:29.567 GMT-0500,49.882,49.828,0.011,0.011
08.04.2021 08:30:30.186 GMT-0500,49.853,49.777,0.011,0.011
08.04.2021 08:30:30.236 GMT-0500,49.822,49.758,0.011,0.011
08.04.2021 08:30:30.513 GMT-0500,49.813,49.757,0.011,0.011
08.04.2021 08:30:31.090 GMT-0500,49.802,49.758,0.011,0.011
08.04.2021 08:30:31.376 GMT-0500,49.803000000000004,49.697,0.011,0.011
08.04.2021 08:30:31.427 GMT-0500,49.802,49.698,0.011,0.011
08.04.2021 08:30:31.570 GMT-0500,49.802,49.718,0.011,0.011
08.04.2021 08:30:33.101 GMT-0500,49.802,49.698,0.011,0.011
08.04.2021 08:30:33.278 GMT-0500,49.803000000000004,49.677,0.011,0.011
08.04.2021 08:30:33.329 GMT-0500,49.763000000000005,49.677,0.011,0.011
08.04.2021 08:30:36.802 GMT-0500,49.763000000000005,49.677,0.011,0.011
08.04.2021 08:30:38.816 GMT-0500,49.762,49.698,0.011,0.011
08.04.2021 08:30:39.287 GMT-0500,49.793000000000006,49.697,0.011,0.011
08.04.2021 08:30:39.337 GMT-0500,49.792,49.708000000000006,0.011,0.011
08.04.2021 08:30:39.432 GMT-0500,49.793000000000006,49.717,0.011,0.0075
08.04.2021 08:30:39.533 GMT-0500,49.793000000000006,49.697,0.011,0.011
08.04.2021 08:30:39.767 GMT-0500,49.792,49.708000000000006,0.011,0.0075
08.04.2021 08:30:40.619 GMT-0500,49.793000000000006,49.717,0.011,0.0075
08.04.2021 08:30:40.669 GMT-0500,49.793000000000006,49.697,0.011,0.011
08.04.2021 08:30:41.036 GMT-0500,49.793000000000006,49.707,0.011,0.0075
08.04.2021 08:30:41.086 GMT-0500,49.792,49.698,0.011,0.011
08.04.2021 08:30:41.325 GMT-0500,49.792,49.708000000000006,0.011,0.011
08.04.2021 08:30:41.476 GMT-0500,49.783,49.717,0.011,0.011
08.04.2021 08:30:42.995 GMT-0500,49.833000000000006,49.717,0.011,0.011
08.04.2021 08:30:43.046 GMT-0500,49.813,49.727,0.011,0.011
08.04.2021 08:30:43.406 GMT-0500,49.812,49.738,0.011,0.0075
08.04.2021 08:30:44.516 GMT-0500,49.803000000000004,49.737,0.011,0.011
08.04.2021 08:30:44.648 GMT-0500,49.812,49.738,0.011,0.011
08.04.2021 08:30:44.898 GMT-0500,49.803000000000004,49.737,0.011,0.011
08.04.2021 08:30:50.469 GMT-0500,49.842,49.738,0.011,0.011
08.04.2021 08:30:50.519 GMT-0500,49.862,49.808,0.011,0.011
08.04.2021 08:30:50.774 GMT-0500,49.832,49.808,0.011,0.011
08.04.2021 08:30:51.473 GMT-0500,49.862,49.818000000000005,0.011,0.011
08.04.2021 08:30:51.927 GMT-0500,49.883,49.817,0.011,0.011
08.04.2021 08:30:51.977 GMT-0500,49.862,49.818000000000005,0.011,0.011
08.04.2021 08:30:52.063 GMT-0500,49.882,49.818000000000005,0.011,0.011
08.04.2021 08:30:52.715 GMT-0500,49.883,49.787,0.011,0.011
08.04.2021 08:30:52.765 GMT-0500,49.783,49.707,0.011,0.011
08.04.2021 08:30:53.760 GMT-0500,49.792,49.708000000000006,0.011,0.011
08.04.2021 08:30:53.810 GMT-0500,49.792,49.718,0.011,0.011
08.04.2021 08:30:53.861 GMT-0500,49.792,49.708000000000006,0.011,0.011
08.04.2021 08:30:54.641 GMT-0500,49.792,49.708000000000006,0.011,0.011
08.04.2021 08:30:54.742 GMT-0500,49.792,49.758,0.011,0.011
08.04.2021 08:30:55.132 GMT-0500,49.802,49.758,0.011,0.011
08.04.2021 08:30:57.813 GMT-0500,49.783,49.707,0.011,0.011
08.04.2021 08:30:57.864 GMT-0500,49.773,49.707,0.011,0.011
08.04.2021 08:31:01.048 GMT-0500,49.753,49.707,0.011,0.011
08.04.2021 08:31:01.098 GMT-0500,49.802,49.708000000000006,0.011,0.011
08.04.2021 08:31:01.149 GMT-0500,49.772,49.708000000000006,0.011,0.011
08.04.2021 08:31:01.352 GMT-0500,49.772,49.728,0.0008,0.0075
08.04.2021 08:31:01.402 GMT-0500,49.873000000000005,49.807,0.011,0.011
08.04.2021 08:31:01.503 GMT-0500,49.842,49.778000000000006,0.011,0.011
08.04.2021 08:31:01.603 GMT-0500,49.823,49.737,0.011,0.011
08.04.2021 08:31:02.259 GMT-0500,49.823,49.747,0.011,0.0075
08.04.2021 08:31:02.802 GMT-0500,49.822,49.728,0.011,0.011
08.04.2021 08:31:02.886 GMT-0500,49.813,49.727,0.0008,0.011
08.04.2021 08:31:03.450 GMT-0500,49.803000000000004,49.717,0.011,0.011
08.04.2021 08:31:03.501 GMT-0500,49.802,49.718,0.011,0.011
08.04.2021 08:31:05.091 GMT-0500,49.803000000000004,49.707,0.011,0.011
08.04.2021 08:31:08.604 GMT-0500,49.772,49.708000000000006,0.011,0.011
08.04.2021 08:31:08.655 GMT-0500,49.772,49.708000000000006,0.011,0.011
08.04.2021 08:31:09.664 GMT-0500,49.782,49.728,0.011,0.011
08.04.2021 08:31:09.714 GMT-0500,49.783,49.707,0.011,0.011
08.04.2021 08:31:10.550 GMT-0500,49.823,49.707,0.011,0.011
08.04.2021 08:31:10.600 GMT-0500,49.823,49.757,0.011,0.011
08.04.2021 08:31:10.700 GMT-0500,49.812,49.718,0.011,0.011
08.04.2021 08:31:10.751 GMT-0500,49.822,49.748000000000005,0.011,0.011
08.04.2021 08:31:10.875 GMT-0500,49.822,49.748000000000005,0.011,0.011
08.04.2021 08:31:11.026 GMT-0500,49.802,49.758,0.011,0.011
08.04.2021 08:31:11.448 GMT-0500,49.802,49.718,0.011,0.011
08.04.2021 08:31:11.766 GMT-0500,49.803000000000004,49.707,0.011,0.011
08.04.2021 08:31:11.816 GMT-0500,49.783,49.717,0.011,0.011
08.04.2021 08:31:12.926 GMT-0500,49.783,49.707,0.011,0.011
08.04.2021 08:31:13.517 GMT-0500,49.782,49.718,0.011,0.011
08.04.2021 08:31:13.927 GMT-0500,49.803000000000004,49.717,0.011,0.011
08.04.2021 08:31:14.363 GMT-0500,49.793000000000006,49.717,0.0008,0.011
08.04.2021 08:31:15.778 GMT-0500,49.782,49.718,0.011,0.011
08.04.2021 08:31:15.857 GMT-0500,49.793000000000006,49.717,0.011,0.011
08.04.2021 08:31:16.202 GMT-0500,49.793000000000006,49.747,0.011,0.0075
08.04.2021 08:31:16.253 GMT-0500,49.792,49.738,0.011,0.011
08.04.2021 08:31:16.687 GMT-0500,49.792,49.718,0.011,0.011
08.04.2021 08:31:16.770 GMT-0500,49.793000000000006,49.717,0.011,0.011
08.04.2021 08:31:16.821 GMT-0500,49.793000000000006,49.717,0.011,0.011
08.04.2021 08:31:17.558 GMT-0500,49.792,49.738,0.011,0.011
08.04.2021 08:31:17.608 GMT-0500,49.793000000000006,49.717,0.011,0.011
08.04.2021 08:31:18.483 GMT-0500,49.792,49.738,0.011,0.0075
08.04.2021 08:31:19.109 GMT-0500,49.793000000000006,49.788000000000004,0.0008,0.0075
08.04.2021 08:31:19.159 GMT-0500,49.843,49.777,0.011,0.011
08.04.2021 08:31:19.260 GMT-0500,49.833000000000006,49.777,0.011,0.011
08.04.2021 08:31:19.690 GMT-0500,49.842,49.778000000000006,0.011,0.011
08.04.2021 08:31:19.806 GMT-0500,49.843,49.777,0.011,0.011
08.04.2021 08:31:20.252 GMT-0500,49.853,49.777,0.011,0.011
08.04.2021 08:31:22.633 GMT-0500,49.852,49.808,0.011,0.011
08.04.2021 08:31:22.683 GMT-0500,49.852,49.778000000000006,0.011,0.011
08.04.2021 08:31:23.205 GMT-0500,49.891999999999996,49.778000000000006,0.011,0.011
08.04.2021 08:31:23.255 GMT-0500,49.883,49.807,0.011,0.011
08.04.2021 08:31:23.356 GMT-0500,49.883,49.787,0.011,0.011
08.04.2021 08:31:23.757 GMT-0500,49.893,49.787,0.011,0.011
08.04.2021 08:31:23.858 GMT-0500,49.882,49.778000000000006,0.011,0.011
08.04.2021 08:31:23.967 GMT-0500,49.912,49.798,0.011,0.011
08.04.2021 08:31:24.035 GMT-0500,49.903000000000006,49.797,0.0008,0.011
08.04.2021 08:31:24.136 GMT-0500,49.891999999999996,49.788000000000004,0.011,0.011
08.04.2021 08:31:24.311 GMT-0500,49.893,49.817,0.011,0.011
08.04.2021 08:31:24.361 GMT-0500,49.883,49.797,0.011,0.011
08.04.2021 08:31:24.671 GMT-0500,49.873000000000005,49.797,0.0008,0.011
08.04.2021 08:31:24.822 GMT-0500,49.872,49.788000000000004,0.011,0.011
08.04.2021 08:31:24.937 GMT-0500,49.893,49.787,0.011,0.011
08.04.2021 08:31:25.060 GMT-0500,49.902,49.788000000000004,0.011,0.011
08.04.2021 08:31:25.110 GMT-0500,49.912,49.788000000000004,0.011,0.011
08.04.2021 08:31:25.160 GMT-0500,49.913000000000004,49.797,0.011,0.011
08.04.2021 08:31:25.211 GMT-0500,49.912,49.788000000000004,0.011,0.011
08.04.2021 08:31:25.555 GMT-0500,49.912,49.798,0.011,0.011
08.04.2021 08:31:25.887 GMT-0500,49.903000000000006,49.797,0.0008,0.011
08.04.2021 08:31:26.341 GMT-0500,49.882,49.798,0.0008,0.011
08.04.2021 08:31:26.391 GMT-0500,49.903000000000006,49.797,0.011,0.011
08.04.2021 08:31:26.794 GMT-0500,49.912,49.798,0.011,0.011
08.04.2021 08:31:26.869 GMT-0500,49.912,49.798,0.011,0.011
08.04.2021 08:31:27.281 GMT-0500,49.903000000000006,49.807,0.011,0.011
08.04.2021 08:31:27.331 GMT-0500,49.922,49.808,0.011,0.011
08.04.2021 08:31:27.381 GMT-0500,49.893,49.807,0.011,0.011
08.04.2021 08:31:27.537 GMT-0500,49.891999999999996,49.828,0.0008,0.0075
08.04.2021 08:31:27.638 GMT-0500,49.891999999999996,49.838,0.011,0.011
08.04.2021 08:31:27.787 GMT-0500,49.903000000000006,49.836999999999996,0.011,0.011
08.04.2021 08:31:27.887 GMT-0500,49.923,49.836999999999996,0.011,0.011
08.04.2021 08:31:27.938 GMT-0500,49.913000000000004,49.836999999999996,0.011,0.011
08.04.2021 08:31:28.055 GMT-0500,49.923,49.836999999999996,0.011,0.011
08.04.2021 08:31:28.155 GMT-0500,49.891999999999996,49.838,0.011,0.011
08.04.2021 08:31:28.569 GMT-0500,49.891999999999996,49.838,0.011,0.011
08.04.2021 08:31:28.747 GMT-0500,49.922,49.838,0.011,0.011
08.04.2021 08:31:28.835 GMT-0500,49.923,49.836999999999996,0.011,0.011
08.04.2021 08:31:30.826 GMT-0500,49.912,49.838,0.011,0.011
08.04.2021 08:31:30.944 GMT-0500,49.913000000000004,49.836999999999996,0.011,0.011
08.04.2021 08:31:31.550 GMT-0500,49.883,49.836999999999996,0.011,0.011
08.04.2021 08:31:31.651 GMT-0500,49.913000000000004,49.836999999999996,0.011,0.011
08.04.2021 08:31:31.902 GMT-0500,49.902,49.838,0.0008,0.011
08.04.2021 08:31:31.953 GMT-0500,49.912,49.838,0.011,0.011
08.04.2021 08:31:32.134 GMT-0500,49.923,49.836999999999996,0.011,0.011
08.04.2021 08:31:32.184 GMT-0500,49.912,49.838,0.011,0.011
08.04.2021 08:31:32.330 GMT-0500,49.903000000000006,49.836999999999996,0.011,0.011
08.04.2021 08:31:32.465 GMT-0500,49.912,49.838,0.011,0.011
08.04.2021 08:31:32.515 GMT-0500,49.891999999999996,49.838,0.011,0.011
08.04.2021 08:31:33.146 GMT-0500,49.902,49.838,0.011,0.011
08.04.2021 08:31:34.598 GMT-0500,49.891999999999996,49.838,0.011,0.011
08.04.2021 08:31:34.965 GMT-0500,49.903000000000006,49.836999999999996,0.011,0.011
08.04.2021 08:31:35.410 GMT-0500,49.913000000000004,49.836999999999996,0.011,0.011
08.04.2021 08:31:35.619 GMT-0500,49.903000000000006,49.836999999999996,0.011,0.011
08.04.2021 08:31:35.669 GMT-0500,49.912,49.838,0.011,0.011
08.04.2021 08:31:35.931 GMT-0500,49.912,49.838,0.011,0.011
08.04.2021 08:31:36.031 GMT-0500,49.912,49.838,0.011,0.011
08.04.2021 08:31:36.082 GMT-0500,49.852,49.808,0.011,0.011
08.04.2021 08:31:36.132 GMT-0500,49.862,49.788000000000004,0.011,0.011
08.04.2021 08:31:36.505 GMT-0500,49.863,49.787,0.011,0.011
08.04.2021 08:31:38.522 GMT-0500,49.822,49.778000000000006,0.0008,0.011
08.04.2021 08:31:38.652 GMT-0500,49.822,49.728,0.011,0.011
08.04.2021 08:31:38.703 GMT-0500,49.803000000000004,49.737,0.011,0.011
08.04.2021 08:31:38.857 GMT-0500,49.803000000000004,49.747,0.011,0.011
08.04.2021 08:31:39.369 GMT-0500,49.802,49.738,0.011,0.011
08.04.2021 08:31:39.419 GMT-0500,49.822,49.758,0.011,0.011
08.04.2021 08:31:39.874 GMT-0500,49.822,49.748000000000005,0.011,0.011
08.04.2021 08:31:40.531 GMT-0500,49.803000000000004,49.747,0.011,0.011
08.04.2021 08:31:40.740 GMT-0500,49.802,49.728,0.011,0.011
08.04.2021 08:31:40.840 GMT-0500,49.803000000000004,49.747,0.011,0.011
08.04.2021 08:31:41.290 GMT-0500,49.803000000000004,49.717,0.011,0.011
08.04.2021 08:31:41.340 GMT-0500,49.802,49.758,0.011,0.011
08.04.2021 08:31:43.316 GMT-0500,49.803000000000004,49.747,0.011,0.011
08.04.2021 08:31:43.366 GMT-0500,49.803000000000004,49.747,0.011,0.011
08.04.2021 08:31:43.623 GMT-0500,49.803000000000004,49.707,0.011,0.011
08.04.2021 08:31:43.673 GMT-0500,49.772,49.708000000000006,0.011,0.011
08.04.2021 08:31:44.252 GMT-0500,49.772,49.698,0.011,0.011
08.04.2021 08:31:44.499 GMT-0500,49.762,49.698,0.0008,0.011
08.04.2021 08:31:44.549 GMT-0500,49.762,49.698,0.011,0.011
08.04.2021 08:31:44.906 GMT-0500,49.753,49.697,0.011,0.011
08.04.2021 08:31:45.071 GMT-0500,49.763000000000005,49.707,0.011,0.011
08.04.2021 08:31:45.172 GMT-0500,49.763000000000005,49.697,0.011,0.011
08.04.2021 08:31:45.399 GMT-0500,49.742,49.698,0.011,0.011
08.04.2021 08:31:45.449 GMT-0500,49.763000000000005,49.697,0.011,0.011
08.04.2021 08:31:45.712 GMT-0500,49.733000000000004,49.657,0.011,0.011
08.04.2021 08:31:46.246 GMT-0500,49.743,49.647,0.011,0.011
08.04.2021 08:31:46.492 GMT-0500,49.743,49.687,0.0008,0.0075
08.04.2021 08:31:46.543 GMT-0500,49.753,49.677,0.011,0.011
08.04.2021 08:31:46.770 GMT-0500,49.753,49.667,0.011,0.011
08.04.2021 08:31:47.228 GMT-0500,49.762,49.698,0.011,0.011
08.04.2021 08:31:47.278 GMT-0500,49.762,49.688,0.011,0.011
08.04.2021 08:31:47.756 GMT-0500,49.762,49.688,0.011,0.011
08.04.2021 08:31:47.807 GMT-0500,49.763000000000005,49.667,0.011,0.011
08.04.2021 08:31:47.857 GMT-0500,49.762,49.698,0.011,0.011
08.04.2021 08:31:49.947 GMT-0500,49.793000000000006,49.727,0.011,0.011
08.04.2021 08:31:49.997 GMT-0500,49.782,49.708000000000006,0.011,0.011
08.04.2021 08:31:50.200 GMT-0500,49.793000000000006,49.727,0.011,0.011
08.04.2021 08:31:50.301 GMT-0500,49.782,49.698,0.011,0.011
08.04.2021 08:31:50.351 GMT-0500,49.793000000000006,49.717,0.011,0.011
08.04.2021 08:31:50.753 GMT-0500,49.783,49.727,0.0008,0.011
08.04.2021 08:31:50.804 GMT-0500,49.782,49.708000000000006,0.011,0.011
08.04.2021 08:31:50.854 GMT-0500,49.792,49.738,0.011,0.011
08.04.2021 08:31:50.904 GMT-0500,49.783,49.707,0.011,0.011
08.04.2021 08:31:51.118 GMT-0500,49.793000000000006,49.707,0.011,0.011
08.04.2021 08:31:51.581 GMT-0500,49.792,49.738,0.011,0.0075
08.04.2021 08:31:51.631 GMT-0500,49.793000000000006,49.707,0.011,0.011
08.04.2021 08:31:51.741 GMT-0500,49.763000000000005,49.707,0.011,0.011
08.04.2021 08:31:51.792 GMT-0500,49.783,49.707,0.011,0.011
08.04.2021 08:31:52.754 GMT-0500,49.763000000000005,49.707,0.0008,0.011
08.04.2021 08:31:52.804 GMT-0500,49.773,49.707,0.011,0.011
08.04.2021 08:31:52.855 GMT-0500,49.783,49.707,0.011,0.011
08.04.2021 08:31:52.916 GMT-0500,49.773,49.707,0.011,0.011
08.04.2021 08:31:53.148 GMT-0500,49.783,49.707,0.011,0.011
08.04.2021 08:31:53.533 GMT-0500,49.782,49.708000000000006,0.011,0.011
08.04.2021 08:31:53.793 GMT-0500,49.782,49.708000000000006,0.011,0.011
08.04.2021 08:31:53.873 GMT-0500,49.773,49.707,0.0008,0.011
08.04.2021 08:31:53.974 GMT-0500,49.783,49.707,0.011,0.011
08.04.2021 08:31:54.094 GMT-0500,49.753,49.707,0.0008,0.011
08.04.2021 08:31:54.145 GMT-0500,49.772,49.698,0.011,0.011
08.04.2021 08:31:54.277 GMT-0500,49.772,49.688,0.011,0.0075
08.04.2021 08:31:54.378 GMT-0500,49.762,49.698,0.011,0.011
08.04.2021 08:31:54.602 GMT-0500,49.773,49.697,0.011,0.011
08.04.2021 08:31:54.908 GMT-0500,49.772,49.678000000000004,0.011,0.011
08.04.2021 08:31:55.037 GMT-0500,49.762,49.678000000000004,0.011,0.011
08.04.2021 08:31:55.167 GMT-0500,49.772,49.678000000000004,0.011,0.011
08.04.2021 08:31:55.336 GMT-0500,49.742,49.708000000000006,0.011,0.011
08.04.2021 08:31:55.387 GMT-0500,49.753,49.707,0.011,0.011
08.04.2021 08:31:55.599 GMT-0500,49.753,49.677,0.011,0.011
08.04.2021 08:31:55.734 GMT-0500,49.752,49.718,0.011,0.011
08.04.2021 08:31:55.784 GMT-0500,49.753,49.677,0.011,0.011
08.04.2021 08:31:56.254 GMT-0500,49.792,49.718,0.011,0.011
08.04.2021 08:31:56.305 GMT-0500,49.792,49.708000000000006,0.011,0.011
08.04.2021 08:31:56.749 GMT-0500,49.792,49.718,0.011,0.0075
08.04.2021 08:31:57.090 GMT-0500,49.792,49.708000000000006,0.011,0.011
08.04.2021 08:31:57.600 GMT-0500,49.802,49.708000000000006,0.011,0.011
08.04.2021 08:31:58.472 GMT-0500,49.802,49.718,0.011,0.0075
08.04.2021 08:31:58.622 GMT-0500,49.792,49.718,0.011,0.011
08.04.2021 08:31:59.037 GMT-0500,49.792,49.708000000000006,0.011,0.011
08.04.2021 08:31:59.092 GMT-0500,49.792,49.678000000000004,0.011,0.011
08.04.2021 08:31:59.143 GMT-0500,49.773,49.677,0.011,0.011
08.04.2021 08:31:59.485 GMT-0500,49.762,49.708000000000006,0.011,0.011
08.04.2021 08:31:59.749 GMT-0500,49.783,49.707,0.011,0.011
08.04.2021 08:31:59.908 GMT-0500,49.783,49.677,0.011,0.011
08.04.2021 08:31:59.958 GMT-0500,49.772,49.678000000000004,0.011,0.011
08.04.2021 08:32:00.646 GMT-0500,49.762,49.678000000000004,0.0008,0.011
08.04.2021 08:32:00.696 GMT-0500,49.773,49.677,0.011,0.011
08.04.2021 08:32:01.223 GMT-0500,49.773,49.677,0.011,0.011
08.04.2021 08:32:01.867 GMT-0500,49.773,49.677,0.011,0.011
08.04.2021 08:32:01.917 GMT-0500,49.783,49.687,0.011,0.011
08.04.2021 08:32:01.967 GMT-0500,49.793000000000006,49.687,0.011,0.011
08.04.2021 08:32:02.045 GMT-0500,49.793000000000006,49.717,0.011,0.0075
08.04.2021 08:32:02.095 GMT-0500,49.792,49.718,0.011,0.011
08.04.2021 08:32:02.482 GMT-0500,49.772,49.718,0.011,0.011
08.04.2021 08:32:02.587 GMT-0500,49.763000000000005,49.677,0.011,0.011
08.04.2021 08:32:02.638 GMT-0500,49.773,49.687,0.011,0.011
08.04.2021 08:32:02.887 GMT-0500,49.772,49.708000000000006,0.011,0.011
08.04.2021 08:32:03.012 GMT-0500,49.792,49.708000000000006,0.011,0.011
08.04.2021 08:32:03.062 GMT-0500,49.782,49.708000000000006,0.011,0.011
08.04.2021 08:32:03.112 GMT-0500,49.793000000000006,49.707,0.011,0.011
08.04.2021 08:32:03.397 GMT-0500,49.782,49.708000000000006,0.011,0.011
08.04.2021 08:32:03.912 GMT-0500,49.793000000000006,49.707,0.011,0.011
08.04.2021 08:32:04.638 GMT-0500,49.793000000000006,49.727,0.011,0.011
08.04.2021 08:32:04.689 GMT-0500,49.802,49.728,0.011,0.011
08.04.2021 08:32:04.739 GMT-0500,49.792,49.738,0.011,0.011
08.04.2021 08:32:04.789 GMT-0500,49.802,49.738,0.011,0.011
08.04.2021 08:32:04.843 GMT-0500,49.803000000000004,49.727,0.011,0.011
08.04.2021 08:32:05.088 GMT-0500,49.793000000000006,49.727,0.011,0.011
08.04.2021 08:32:05.139 GMT-0500,49.802,49.728,0.011,0.011
08.04.2021 08:32:05.302 GMT-0500,49.793000000000006,49.727,0.0008,0.011
08.04.2021 08:32:05.352 GMT-0500,49.802,49.728,0.011,0.011
08.04.2021 08:32:05.466 GMT-0500,49.793000000000006,49.727,0.0008,0.011
08.04.2021 08:32:05.516 GMT-0500,49.792,49.718,0.011,0.011
08.04.2021 08:32:05.748 GMT-0500,49.792,49.748000000000005,0.011,0.011
08.04.2021 08:32:10.216 GMT-0500,49.803000000000004,49.766999999999996,0.011,0.011
08.04.2021 08:32:10.317 GMT-0500,49.813,49.766999999999996,0.011,0.011
08.04.2021 08:32:12.106 GMT-0500,49.832,49.768,0.011,0.011
08.04.2021 08:32:12.156 GMT-0500,49.832,49.768,0.011,0.011
08.04.2021 08:32:12.206 GMT-0500,49.862,49.818000000000005,0.011,0.011
08.04.2021 08:32:12.546 GMT-0500,49.862,49.838,0.0008,0.0075
08.04.2021 08:32:12.596 GMT-0500,49.852,49.798,0.011,0.011
08.04.2021 08:32:12.759 GMT-0500,49.853,49.797,0.011,0.011
08.04.2021 08:32:13.369 GMT-0500,49.842,49.827,0.0008,0.0075
08.04.2021 08:32:13.419 GMT-0500,49.832,49.768,0.011,0.011
08.04.2021 08:32:13.470 GMT-0500,49.833000000000006,49.777,0.011,0.011
08.04.2021 08:32:13.957 GMT-0500,49.832,49.768,0.011,0.011
08.04.2021 08:32:14.275 GMT-0500,49.812,49.768,0.011,0.011
08.04.2021 08:32:16.234 GMT-0500,49.813,49.737,0.011,0.011
08.04.2021 08:32:16.285 GMT-0500,49.812,49.768,0.011,0.011
08.04.2021 08:32:16.814 GMT-0500,49.813,49.737,0.011,0.011
08.04.2021 08:32:17.400 GMT-0500,49.812,49.738,0.011,0.011
08.04.2021 08:32:18.840 GMT-0500,49.812,49.758,0.011,0.011
08.04.2021 08:32:18.890 GMT-0500,49.802,49.758,0.011,0.011
08.04.2021 08:32:19.956 GMT-0500,49.802,49.778000000000006,0.0008,0.0075
08.04.2021 08:32:20.006 GMT-0500,49.863,49.797,0.011,0.011
08.04.2021 08:32:20.132 GMT-0500,49.872,49.798,0.011,0.011
08.04.2021 08:32:20.549 GMT-0500,49.872,49.798,0.011,0.011
08.04.2021 08:32:20.708 GMT-0500,49.872,49.828,0.011,0.0075
08.04.2021 08:32:21.755 GMT-0500,49.872,49.808,0.011,0.011
08.04.2021 08:32:23.343 GMT-0500,49.842,49.798,0.011,0.011
08.04.2021 08:32:23.740 GMT-0500,49.843,49.817,0.0008,0.0075
08.04.2021 08:32:23.791 GMT-0500,49.843,49.797,0.011,0.011
08.04.2021 08:32:24.029 GMT-0500,49.843,49.797,0.011,0.011
08.04.2021 08:32:24.601 GMT-0500,49.843,49.797,0.011,0.011
08.04.2021 08:32:25.359 GMT-0500,49.843,49.797,0.011,0.011
08.04.2021 08:32:25.410 GMT-0500,49.812,49.738,0.011,0.011
08.04.2021 08:32:25.523 GMT-0500,49.813,49.737,0.011,0.011
08.04.2021 08:32:26.060 GMT-0500,49.802,49.728,0.011,0.011
08.04.2021 08:32:26.397 GMT-0500,49.813,49.727,0.011,0.011
08.04.2021 08:32:26.498 GMT-0500,49.812,49.738,0.011,0.011
08.04.2021 08:32:26.803 GMT-0500,49.803000000000004,49.737,0.011,0.011
08.04.2021 08:32:26.966 GMT-0500,49.813,49.727,0.011,0.011
08.04.2021 08:32:27.055 GMT-0500,49.813,49.737,0.011,0.011
08.04.2021 08:32:27.608 GMT-0500,49.822,49.728,0.011,0.011
08.04.2021 08:32:27.658 GMT-0500,49.772,49.718,0.011,0.011
08.04.2021 08:32:27.708 GMT-0500,49.793000000000006,49.687,0.011,0.011
08.04.2021 08:32:27.759 GMT-0500,49.793000000000006,49.707,0.011,0.011
08.04.2021 08:32:27.936 GMT-0500,49.772,49.708000000000006,0.0008,0.011
08.04.2021 08:32:27.987 GMT-0500,49.792,49.718,0.011,0.011
08.04.2021 08:32:28.037 GMT-0500,49.773,49.717,0.011,0.011
08.04.2021 08:32:28.160 GMT-0500,49.783,49.717,0.011,0.011
08.04.2021 08:32:28.497 GMT-0500,49.782,49.698,0.011,0.011
08.04.2021 08:32:28.868 GMT-0500,49.772,49.698,0.0008,0.0075
08.04.2021 08:32:28.919 GMT-0500,49.772,49.688,0.011,0.011
08.04.2021 08:32:29.093 GMT-0500,49.782,49.688,0.011,0.011
08.04.2021 08:32:29.309 GMT-0500,49.772,49.688,0.0008,0.011
08.04.2021 08:32:29.645 GMT-0500,49.772,49.698,0.011,0.011
08.04.2021 08:32:30.112 GMT-0500,49.772,49.718,0.011,0.011
08.04.2021 08:32:30.205 GMT-0500,49.783,49.717,0.011,0.011
08.04.2021 08:32:30.684 GMT-0500,49.793000000000006,49.717,0.011,0.011
08.04.2021 08:32:31.974 GMT-0500,49.792,49.748000000000005,0.011,0.0075
08.04.2021 08:32:32.039 GMT-0500,49.773,49.717,0.011,0.011
08.04.2021 08:32:32.671 GMT-0500,49.793000000000006,49.717,0.0008,0.011
08.04.2021 08:32:32.997 GMT-0500,49.762,49.718,0.0008,0.011
08.04.2021 08:32:33.047 GMT-0500,49.793000000000006,49.717,0.011,0.011
08.04.2021 08:32:34.497 GMT-0500,49.782,49.718,0.0008,0.011
08.04.2021 08:32:35.794 GMT-0500,49.762,49.718,0.0008,0.011
08.04.2021 08:32:35.845 GMT-0500,49.773,49.717,0.011,0.011
08.04.2021 08:32:37.738 GMT-0500,49.762,49.718,0.0008,0.011
08.04.2021 08:32:37.788 GMT-0500,49.711999999999996,49.668000000000006,0.011,0.011
08.04.2021 08:32:37.838 GMT-0500,49.723000000000006,49.667,0.011,0.011
08.04.2021 08:32:38.420 GMT-0500,49.743,49.667,0.011,0.011
08.04.2021 08:32:39.902 GMT-0500,49.733000000000004,49.667,0.011,0.011
08.04.2021 08:32:40.162 GMT-0500,49.711999999999996,49.668000000000006,0.0008,0.0075
08.04.2021 08:32:40.212 GMT-0500,49.702,49.648,0.011,0.011
08.04.2021 08:32:40.263 GMT-0500,49.711999999999996,49.648,0.011,0.011
08.04.2021 08:32:40.408 GMT-0500,49.703,49.647,0.0008,0.0075
08.04.2021 08:32:40.459 GMT-0500,49.713,49.637,0.011,0.011
08.04.2021 08:32:40.781 GMT-0500,49.663000000000004,49.638000000000005,0.0008,0.011
08.04.2021 08:32:40.831 GMT-0500,49.683,49.617,0.011,0.011
08.04.2021 08:32:41.079 GMT-0500,49.683,49.607,0.0008,0.011
08.04.2021 08:32:41.214 GMT-0500,49.692,49.608000000000004,0.011,0.011
08.04.2021 08:32:41.265 GMT-0500,49.692,49.618,0.011,0.011
08.04.2021 08:32:42.072 GMT-0500,49.672,49.618,0.0008,0.011
08.04.2021 08:32:42.122 GMT-0500,49.692,49.618,0.011,0.011
08.04.2021 08:32:42.172 GMT-0500,49.682,49.618,0.011,0.011
08.04.2021 08:32:42.223 GMT-0500,49.682,49.608000000000004,0.011,0.011
08.04.2021 08:32:42.273 GMT-0500,49.672,49.608000000000004,0.011,0.011
08.04.2021 08:32:42.393 GMT-0500,49.682,49.618,0.011,0.011
08.04.2021 08:32:42.523 GMT-0500,49.692,49.618,0.011,0.011
08.04.2021 08:32:42.870 GMT-0500,49.693000000000005,49.607,0.011,0.011
08.04.2021 08:32:43.687 GMT-0500,49.662,49.608000000000004,0.0008,0.011
08.04.2021 08:32:44.295 GMT-0500,49.662,49.608000000000004,0.011,0.011
08.04.2021 08:32:44.923 GMT-0500,49.663000000000004,49.607,0.011,0.011
08.04.2021 08:32:45.072 GMT-0500,49.683,49.607,0.011,0.011
08.04.2021 08:32:45.122 GMT-0500,49.692,49.608000000000004,0.011,0.011
08.04.2021 08:32:45.481 GMT-0500,49.682,49.608000000000004,0.0008,0.011
08.04.2021 08:32:46.047 GMT-0500,49.693000000000005,49.607,0.011,0.011
08.04.2021 08:32:46.097 GMT-0500,49.672,49.608000000000004,0.011,0.011
08.04.2021 08:32:46.230 GMT-0500,49.692,49.618,0.011,0.011
08.04.2021 08:32:46.280 GMT-0500,49.683,49.627,0.011,0.011
08.04.2021 08:32:46.741 GMT-0500,49.683,49.617,0.011,0.011
08.04.2021 08:32:47.096 GMT-0500,49.693000000000005,49.617,0.011,0.011
08.04.2021 08:32:47.196 GMT-0500,49.683,49.617,0.0008,0.0075
08.04.2021 08:32:47.247 GMT-0500,49.683,49.607,0.011,0.011
08.04.2021 08:32:47.513 GMT-0500,49.693000000000005,49.607,0.011,0.011
08.04.2021 08:32:47.563 GMT-0500,49.692,49.618,0.011,0.011
08.04.2021 08:32:48.135 GMT-0500,49.683,49.617,0.011,0.011
08.04.2021 08:32:48.506 GMT-0500,49.692,49.618,0.011,0.011
08.04.2021 08:32:48.682 GMT-0500,49.692,49.608000000000004,0.011,0.011
08.04.2021 08:32:48.733 GMT-0500,49.693000000000005,49.617,0.011,0.011
08.04.2021 08:32:48.792 GMT-0500,49.683,49.617,0.011,0.011
08.04.2021 08:32:49.338 GMT-0500,49.692,49.608000000000004,0.011,0.011
08.04.2021 08:32:49.401 GMT-0500,49.682,49.608000000000004,0.0008,0.011
08.04.2021 08:32:49.529 GMT-0500,49.683,49.617,0.0008,0.0075
08.04.2021 08:32:49.580 GMT-0500,49.692,49.618,0.011,0.011
08.04.2021 08:32:49.677 GMT-0500,49.683,49.617,0.011,0.011
08.04.2021 08:32:50.170 GMT-0500,49.683,49.607,0.011,0.011
08.04.2021 08:32:50.322 GMT-0500,49.673,49.607,0.0008,0.011
08.04.2021 08:32:50.372 GMT-0500,49.683,49.607,0.011,0.011
08.04.2021 08:32:50.914 GMT-0500,49.683,49.627,0.011,0.0075
08.04.2021 08:32:50.965 GMT-0500,49.682,49.608000000000004,0.011,0.011
08.04.2021 08:32:51.069 GMT-0500,49.682,49.618,0.011,0.011
08.04.2021 08:32:51.178 GMT-0500,49.673,49.617,0.011,0.011
08.04.2021 08:32:51.652 GMT-0500,49.682,49.608000000000004,0.011,0.011
08.04.2021 08:32:51.882 GMT-0500,49.682,49.608000000000004,0.011,0.011
08.04.2021 08:32:52.008 GMT-0500,49.692,49.628,0.011,0.011
08.04.2021 08:32:52.612 GMT-0500,49.683,49.617,0.011,0.011
08.04.2021 08:32:52.663 GMT-0500,49.683,49.617,0.011,0.011
08.04.2021 08:32:53.225 GMT-0500,49.683,49.607,0.011,0.011
08.04.2021 08:32:53.468 GMT-0500,49.682,49.618,0.011,0.0075
08.04.2021 08:32:53.795 GMT-0500,49.692,49.618,0.011,0.011
08.04.2021 08:32:53.933 GMT-0500,49.683,49.617,0.011,0.011
08.04.2021 08:32:54.221 GMT-0500,49.693000000000005,49.607,0.011,0.011
08.04.2021 08:32:54.284 GMT-0500,49.682,49.608000000000004,0.0008,0.011
08.04.2021 08:32:54.448 GMT-0500,49.683,49.617,0.011,0.011
08.04.2021 08:32:54.581 GMT-0500,49.632,49.598000000000006,0.011,0.011
08.04.2021 08:32:54.631 GMT-0500,49.653000000000006,49.607,0.011,0.011
08.04.2021 08:32:54.682 GMT-0500,49.663000000000004,49.607,0.011,0.011
08.04.2021 08:32:54.782 GMT-0500,49.683,49.607,0.011,0.011
08.04.2021 08:32:54.875 GMT-0500,49.682,49.608000000000004,0.011,0.011
08.04.2021 08:32:54.992 GMT-0500,49.662,49.598000000000006,0.011,0.011
08.04.2021 08:32:55.623 GMT-0500,49.641999999999996,49.598000000000006,0.0008,0.011
08.04.2021 08:32:55.674 GMT-0500,49.632,49.578,0.011,0.011
08.04.2021 08:32:55.857 GMT-0500,49.623000000000005,49.577,0.0008,0.011
08.04.2021 08:32:55.907 GMT-0500,49.633,49.577,0.011,0.011
08.04.2021 08:32:56.091 GMT-0500,49.633,49.586999999999996,0.011,0.011
08.04.2021 08:32:56.142 GMT-0500,49.643,49.586999999999996,0.011,0.011
08.04.2021 08:32:56.609 GMT-0500,49.641999999999996,49.568000000000005,0.011,0.011
08.04.2021 08:32:56.900 GMT-0500,49.641999999999996,49.578,0.011,0.0075
08.04.2021 08:32:57.292 GMT-0500,49.633,49.586999999999996,0.0008,0.011
08.04.2021 08:32:57.342 GMT-0500,49.643,49.586999999999996,0.011,0.011
08.04.2021 08:32:57.545 GMT-0500,49.653000000000006,49.567,0.011,0.011
08.04.2021 08:32:57.604 GMT-0500,49.643,49.567,0.0008,0.011
08.04.2021 08:32:57.655 GMT-0500,49.652,49.568000000000005,0.011,0.011
08.04.2021 08:32:57.775 GMT-0500,49.643,49.567,0.0008,0.011
08.04.2021 08:32:58.274 GMT-0500,49.641999999999996,49.578,0.011,0.0075
08.04.2021 08:32:59.174 GMT-0500,49.641999999999996,49.568000000000005,0.011,0.011
08.04.2021 08:32:59.326 GMT-0500,49.641999999999996,49.578,0.011,0.011
08.04.2021 08:32:59.859 GMT-0500,49.643,49.567,0.011,0.011
08.04.2021 08:33:00.079 GMT-0500,49.632,49.568000000000005,0.0008,0.011
08.04.2021 08:33:00.129 GMT-0500,49.643,49.567,0.011,0.011
08.04.2021 08:33:00.322 GMT-0500,49.643,49.567,0.011,0.011
08.04.2021 08:33:00.423 GMT-0500,49.633,49.567,0.011,0.011
08.04.2021 08:33:00.641 GMT-0500,49.641999999999996,49.568000000000005,0.011,0.011
08.04.2021 08:33:00.860 GMT-0500,49.643,49.577,0.011,0.0075
08.04.2021 08:33:00.910 GMT-0500,49.652,49.578,0.011,0.011
08.04.2021 08:33:00.984 GMT-0500,49.633,49.577,0.0008,0.011
08.04.2021 08:33:01.085 GMT-0500,49.652,49.578,0.011,0.011
08.04.2021 08:33:01.804 GMT-0500,49.653000000000006,49.607,0.0008,0.0075
08.04.2021 08:33:01.855 GMT-0500,49.663000000000004,49.607,0.011,0.011
08.04.2021 08:33:02.525 GMT-0500,49.662,49.558,0.011,0.011
08.04.2021 08:33:02.576 GMT-0500,49.641999999999996,49.568000000000005,0.011,0.011
08.04.2021 08:33:02.626 GMT-0500,49.652,49.578,0.011,0.011
08.04.2021 08:33:02.785 GMT-0500,49.653000000000006,49.586999999999996,0.0008,0.011
08.04.2021 08:33:02.835 GMT-0500,49.663000000000004,49.586999999999996,0.011,0.011
08.04.2021 08:33:03.379 GMT-0500,49.653000000000006,49.597,0.011,0.011
08.04.2021 08:33:03.429 GMT-0500,49.662,49.598000000000006,0.011,0.011
08.04.2021 08:33:03.530 GMT-0500,49.653000000000006,49.597,0.011,0.011
08.04.2021 08:33:03.580 GMT-0500,49.662,49.598000000000006,0.011,0.011
08.04.2021 08:33:05.057 GMT-0500,49.663000000000004,49.597,0.011,0.011
08.04.2021 08:33:05.269 GMT-0500,49.633,49.567,0.011,0.011
08.04.2021 08:33:05.320 GMT-0500,49.663000000000004,49.567,0.011,0.011
08.04.2021 08:33:05.497 GMT-0500,49.653000000000006,49.567,0.011,0.011
08.04.2021 08:33:05.620 GMT-0500,49.662,49.588,0.011,0.011
08.04.2021 08:33:05.721 GMT-0500,49.662,49.598000000000006,0.011,0.011
08.04.2021 08:33:05.853 GMT-0500,49.652,49.598000000000006,0.011,0.011
08.04.2021 08:33:05.959 GMT-0500,49.662,49.598000000000006,0.011,0.011
08.04.2021 08:33:06.009 GMT-0500,49.641999999999996,49.598000000000006,0.011,0.011
08.04.2021 08:33:06.059 GMT-0500,49.663000000000004,49.597,0.011,0.011
08.04.2021 08:33:06.321 GMT-0500,49.641999999999996,49.598000000000006,0.0008,0.011
08.04.2021 08:33:06.422 GMT-0500,49.653000000000006,49.597,0.011,0.011
08.04.2021 08:33:06.690 GMT-0500,49.652,49.568000000000005,0.011,0.011
08.04.2021 08:33:06.740 GMT-0500,49.652,49.588,0.011,0.011
08.04.2021 08:33:06.790 GMT-0500,49.643,49.586999999999996,0.011,0.011
08.04.2021 08:33:07.125 GMT-0500,49.653000000000006,49.586999999999996,0.011,0.011
08.04.2021 08:33:07.175 GMT-0500,49.633,49.567,0.011,0.011
08.04.2021 08:33:07.225 GMT-0500,49.662,49.568000000000005,0.011,0.011
08.04.2021 08:33:08.222 GMT-0500,49.663000000000004,49.567,0.011,0.011
08.04.2021 08:33:08.273 GMT-0500,49.663000000000004,49.567,0.011,0.011
08.04.2021 08:33:09.016 GMT-0500,49.652,49.568000000000005,0.0008,0.011
08.04.2021 08:33:09.259 GMT-0500,49.643,49.577,0.011,0.011
08.04.2021 08:33:09.776 GMT-0500,49.643,49.557,0.011,0.011
08.04.2021 08:33:09.826 GMT-0500,49.633,49.557,0.011,0.011
08.04.2021 08:33:10.744 GMT-0500,49.633,49.557,0.011,0.011
08.04.2021 08:33:10.794 GMT-0500,49.632,49.558,0.011,0.011
08.04.2021 08:33:10.966 GMT-0500,49.632,49.538000000000004,0.011,0.011
08.04.2021 08:33:11.017 GMT-0500,49.613,49.547,0.011,0.011
08.04.2021 08:33:11.067 GMT-0500,49.603,49.547,0.011,0.011
08.04.2021 08:33:11.167 GMT-0500,49.593,49.516999999999996,0.011,0.011
08.04.2021 08:33:11.239 GMT-0500,49.612,49.518,0.011,0.011
08.04.2021 08:33:11.290 GMT-0500,49.612,49.548,0.011,0.011
08.04.2021 08:33:11.390 GMT-0500,49.622,49.538000000000004,0.011,0.011
08.04.2021 08:33:11.441 GMT-0500,49.622,49.538000000000004,0.011,0.011
08.04.2021 08:33:11.558 GMT-0500,49.623000000000005,49.527,0.011,0.011
08.04.2021 08:33:11.659 GMT-0500,49.612,49.528000000000006,0.011,0.011
08.04.2021 08:33:11.759 GMT-0500,49.622,49.528000000000006,0.011,0.011
08.04.2021 08:33:11.810 GMT-0500,49.613,49.527,0.011,0.011
08.04.2021 08:33:12.319 GMT-0500,49.622,49.528000000000006,0.011,0.011
08.04.2021 08:33:14.061 GMT-0500,49.612,49.528000000000006,0.0008,0.011
08.04.2021 08:33:14.161 GMT-0500,49.613,49.527,0.011,0.011
08.04.2021 08:33:14.212 GMT-0500,49.623000000000005,49.527,0.011,0.011
08.04.2021 08:33:14.783 GMT-0500,49.623000000000005,49.527,0.011,0.011
08.04.2021 08:33:14.995 GMT-0500,49.623000000000005,49.547,0.011,0.011
08.04.2021 08:33:15.096 GMT-0500,49.592,49.518,0.011,0.011
08.04.2021 08:33:15.764 GMT-0500,49.612,49.518,0.011,0.011
08.04.2021 08:33:16.122 GMT-0500,49.612,49.518,0.011,0.011
08.04.2021 08:33:16.324 GMT-0500,49.593,49.516999999999996,0.011,0.011
08.04.2021 08:33:16.376 GMT-0500,49.573,49.497,0.011,0.011
08.04.2021 08:33:16.427 GMT-0500,49.532,49.498000000000005,0.011,0.011
08.04.2021 08:33:16.552 GMT-0500,49.553000000000004,49.516999999999996,0.011,0.011
08.04.2021 08:33:16.603 GMT-0500,49.562,49.518,0.011,0.011
08.04.2021 08:33:16.653 GMT-0500,49.562,49.528000000000006,0.011,0.011
08.04.2021 08:33:16.719 GMT-0500,49.583000000000006,49.527,0.011,0.011
08.04.2021 08:33:16.769 GMT-0500,49.593,49.537,0.011,0.011
08.04.2021 08:33:16.869 GMT-0500,49.593,49.516999999999996,0.011,0.011
08.04.2021 08:33:16.920 GMT-0500,49.592,49.538000000000004,0.011,0.011
08.04.2021 08:33:17.121 GMT-0500,49.593,49.547,0.011,0.011
08.04.2021 08:33:17.171 GMT-0500,49.592,49.518,0.011,0.011
08.04.2021 08:33:17.416 GMT-0500,49.572,49.518,0.0008,0.011
08.04.2021 08:33:17.517 GMT-0500,49.583000000000006,49.516999999999996,0.011,0.011
08.04.2021 08:33:18.161 GMT-0500,49.573,49.516999999999996,0.011,0.011
08.04.2021 08:33:18.276 GMT-0500,49.583000000000006,49.516999999999996,0.011,0.011
08.04.2021 08:33:19.159 GMT-0500,49.593,49.516999999999996,0.011,0.011
08.04.2021 08:33:19.465 GMT-0500,49.582,49.518,0.011,0.011
08.04.2021 08:33:19.637 GMT-0500,49.593,49.516999999999996,0.011,0.011
08.04.2021 08:33:20.073 GMT-0500,49.592,49.528000000000006,0.011,0.011
08.04.2021 08:33:20.223 GMT-0500,49.592,49.538000000000004,0.011,0.011
08.04.2021 08:33:20.425 GMT-0500,49.593,49.537,0.011,0.011
08.04.2021 08:33:20.475 GMT-0500,49.592,49.538000000000004,0.011,0.011
08.04.2021 08:33:20.652 GMT-0500,49.592,49.528000000000006,0.011,0.011
08.04.2021 08:33:20.777 GMT-0500,49.623000000000005,49.527,0.011,0.011
08.04.2021 08:33:20.827 GMT-0500,49.623000000000005,49.557,0.011,0.011
08.04.2021 08:33:20.905 GMT-0500,49.623000000000005,49.567,0.0008,0.0075
08.04.2021 08:33:20.955 GMT-0500,49.641999999999996,49.568000000000005,0.011,0.011
08.04.2021 08:33:21.287 GMT-0500,49.643,49.557,0.011,0.011
08.04.2021 08:33:21.721 GMT-0500,49.643,49.547,0.011,0.0075
08.04.2021 08:33:22.198 GMT-0500,49.641999999999996,49.538000000000004,0.011,0.011
08.04.2021 08:33:22.284 GMT-0500,49.643,49.547,0.011,0.011
08.04.2021 08:33:22.489 GMT-0500,49.641999999999996,49.538000000000004,0.011,0.011
08.04.2021 08:33:22.589 GMT-0500,49.613,49.527,0.011,0.011
08.04.2021 08:33:22.640 GMT-0500,49.623000000000005,49.527,0.011,0.011
08.04.2021 08:33:22.690 GMT-0500,49.612,49.528000000000006,0.011,0.011
08.04.2021 08:33:22.873 GMT-0500,49.612,49.528000000000006,0.011,0.011
08.04.2021 08:33:23.064 GMT-0500,49.583000000000006,49.527,0.011,0.011
08.04.2021 08:33:23.114 GMT-0500,49.602,49.528000000000006,0.011,0.011
08.04.2021 08:33:23.229 GMT-0500,49.612,49.528000000000006,0.011,0.011
08.04.2021 08:33:23.279 GMT-0500,49.612,49.528000000000006,0.011,0.011
08.04.2021 08:33:23.498 GMT-0500,49.582,49.528000000000006,0.0008,0.011
08.04.2021 08:33:23.548 GMT-0500,49.613,49.527,0.011,0.011
08.04.2021 08:33:23.818 GMT-0500,49.613,49.527,0.011,0.011
08.04.2021 08:33:24.539 GMT-0500,49.602,49.528000000000006,0.011,0.011
08.04.2021 08:33:24.801 GMT-0500,49.603,49.527,0.011,0.011
08.04.2021 08:33:25.074 GMT-0500,49.613,49.527,0.011,0.011
08.04.2021 08:33:26.493 GMT-0500,49.612,49.528000000000006,0.011,0.011
08.04.2021 08:33:26.543 GMT-0500,49.592,49.528000000000006,0.011,0.011
08.04.2021 08:33:26.845 GMT-0500,49.582,49.528000000000006,0.0008,0.011
08.04.2021 08:33:26.895 GMT-0500,49.592,49.538000000000004,0.011,0.011
08.04.2021 08:33:27.376 GMT-0500,49.602,49.538000000000004,0.011,0.011
08.04.2021 08:33:27.442 GMT-0500,49.602,49.538000000000004,0.011,0.011
08.04.2021 08:33:27.493 GMT-0500,49.613,49.547,0.011,0.011
08.04.2021 08:33:27.702 GMT-0500,49.602,49.548,0.0008,0.011
08.04.2021 08:33:28.157 GMT-0500,49.602,49.528000000000006,0.011,0.011
08.04.2021 08:33:28.424 GMT-0500,49.573,49.527,0.011,0.011
08.04.2021 08:33:28.475 GMT-0500,49.592,49.528000000000006,0.011,0.011
08.04.2021 08:33:28.820 GMT-0500,49.583000000000006,49.527,0.0008,0.011
08.04.2021 08:33:29.418 GMT-0500,49.562,49.528000000000006,0.0008,0.011
08.04.2021 08:33:29.469 GMT-0500,49.562,49.518,0.011,0.011
08.04.2021 08:33:29.716 GMT-0500,49.563,49.497,0.011,0.011
08.04.2021 08:33:30.430 GMT-0500,49.563,49.497,0.011,0.011
08.04.2021 08:33:30.480 GMT-0500,49.563,49.497,0.011,0.011
08.04.2021 08:33:31.224 GMT-0500,49.552,49.498000000000005,0.0008,0.011
08.04.2021 08:33:31.274 GMT-0500,49.562,49.498000000000005,0.011,0.011
08.04.2021 08:33:32.241 GMT-0500,49.552,49.498000000000005,0.0008,0.011
08.04.2021 08:33:33.677 GMT-0500,49.503,49.457,0.011,0.011
08.04.2021 08:33:33.727 GMT-0500,49.513000000000005,49.447,0.011,0.011
08.04.2021 08:33:34.447 GMT-0500,49.493,49.447,0.011,0.011
08.04.2021 08:33:34.552 GMT-0500,49.512,49.448,0.011,0.011
08.04.2021 08:33:35.120 GMT-0500,49.493,49.447,0.011,0.011
08.04.2021 08:33:35.446 GMT-0500,49.513000000000005,49.447,0.011,0.011
08.04.2021 08:33:35.496 GMT-0500,49.512,49.478,0.011,0.011
08.04.2021 08:33:36.505 GMT-0500,49.523,49.477,0.011,0.011
08.04.2021 08:33:37.237 GMT-0500,49.513000000000005,49.477,0.011,0.011
08.04.2021 08:33:37.353 GMT-0500,49.503,49.467,0.011,0.011
08.04.2021 08:33:37.578 GMT-0500,49.522,49.468,0.011,0.011
08.04.2021 08:33:37.698 GMT-0500,49.512,49.468,0.011,0.011
08.04.2021 08:33:38.104 GMT-0500,49.502,49.468,0.0008,0.011
08.04.2021 08:33:38.155 GMT-0500,49.513000000000005,49.467,0.011,0.011
08.04.2021 08:33:39.069 GMT-0500,49.502,49.468,0.011,0.011
08.04.2021 08:33:39.388 GMT-0500,49.503,49.447,0.011,0.011
08.04.2021 08:33:39.724 GMT-0500,49.513000000000005,49.447,0.011,0.011
08.04.2021 08:33:39.903 GMT-0500,49.523,49.447,0.011,0.011
08.04.2021 08:33:39.954 GMT-0500,49.522,49.448,0.011,0.011
08.04.2021 08:33:40.155 GMT-0500,49.503,49.447,0.011,0.011
08.04.2021 08:33:40.945 GMT-0500,49.503,49.447,0.011,0.011
08.04.2021 08:33:41.046 GMT-0500,49.503,49.447,0.011,0.011
08.04.2021 08:33:42.476 GMT-0500,49.512,49.448,0.011,0.011
08.04.2021 08:33:42.527 GMT-0500,49.512,49.468,0.011,0.011
08.04.2021 08:33:42.577 GMT-0500,49.512,49.448,0.011,0.011
08.04.2021 08:33:42.933 GMT-0500,49.512,49.448,0.011,0.011
08.04.2021 08:33:42.983 GMT-0500,49.512,49.448,0.011,0.011
08.04.2021 08:33:43.069 GMT-0500,49.473000000000006,49.447,0.0008,0.011
08.04.2021 08:33:43.120 GMT-0500,49.502,49.448,0.011,0.011
08.04.2021 08:33:43.292 GMT-0500,49.513000000000005,49.447,0.011,0.011
08.04.2021 08:33:45.076 GMT-0500,49.512,49.458000000000006,0.011,0.0075
08.04.2021 08:33:45.127 GMT-0500,49.513000000000005,49.447,0.011,0.011
08.04.2021 08:33:45.275 GMT-0500,49.513000000000005,49.477,0.011,0.0075
08.04.2021 08:33:45.326 GMT-0500,49.532,49.448,0.011,0.011
08.04.2021 08:33:45.397 GMT-0500,49.532,49.468,0.011,0.0075
08.04.2021 08:33:45.548 GMT-0500,49.523,49.467,0.011,0.011
08.04.2021 08:33:45.758 GMT-0500,49.522,49.478,0.011,0.0075
08.04.2021 08:33:46.002 GMT-0500,49.522,49.488,0.011,0.0075
08.04.2021 08:33:46.377 GMT-0500,49.553000000000004,49.457,0.011,0.011
08.04.2021 08:33:46.612 GMT-0500,49.553000000000004,49.447,0.011,0.011
08.04.2021 08:33:47.043 GMT-0500,49.552,49.478,0.011,0.0075
08.04.2021 08:33:47.511 GMT-0500,49.532,49.488,0.011,0.0075
08.04.2021 08:33:47.612 GMT-0500,49.543000000000006,49.447,0.011,0.011
08.04.2021 08:33:47.795 GMT-0500,49.543000000000006,49.457,0.011,0.011
08.04.2021 08:33:47.931 GMT-0500,49.542,49.448,0.011,0.011
08.04.2021 08:33:48.195 GMT-0500,49.542,49.448,0.011,0.011
08.04.2021 08:33:48.742 GMT-0500,49.543000000000006,49.447,0.011,0.011
08.04.2021 08:33:48.894 GMT-0500,49.542,49.458000000000006,0.011,0.011
08.04.2021 08:33:48.944 GMT-0500,49.543000000000006,49.447,0.011,0.011
08.04.2021 08:33:48.995 GMT-0500,49.543000000000006,49.487,0.011,0.011
08.04.2021 08:33:49.272 GMT-0500,49.552,49.488,0.011,0.011
08.04.2021 08:33:49.451 GMT-0500,49.543000000000006,49.447,0.011,0.011
08.04.2021 08:33:49.501 GMT-0500,49.543000000000006,49.487,0.011,0.011
08.04.2021 08:33:49.779 GMT-0500,49.542,49.448,0.011,0.011
08.04.2021 08:33:49.830 GMT-0500,49.522,49.448,0.011,0.011
08.04.2021 08:33:51.200 GMT-0500,49.542,49.448,0.011,0.011
08.04.2021 08:33:51.250 GMT-0500,49.553000000000004,49.447,0.011,0.011
08.04.2021 08:33:51.403 GMT-0500,49.553000000000004,49.457,0.011,0.011
08.04.2021 08:33:51.709 GMT-0500,49.562,49.498000000000005,0.011,0.011
08.04.2021 08:33:51.809 GMT-0500,49.563,49.467,0.011,0.011
08.04.2021 08:33:52.304 GMT-0500,49.573,49.467,0.011,0.011
08.04.2021 08:33:52.392 GMT-0500,49.543000000000006,49.467,0.0008,0.011
08.04.2021 08:33:52.492 GMT-0500,49.563,49.467,0.011,0.011
08.04.2021 08:33:52.764 GMT-0500,49.562,49.458000000000006,0.011,0.011
08.04.2021 08:33:52.815 GMT-0500,49.563,49.457,0.011,0.011
08.04.2021 08:33:52.865 GMT-0500,49.542,49.468,0.011,0.011
08.04.2021 08:33:52.915 GMT-0500,49.542,49.458000000000006,0.011,0.011
08.04.2021 08:33:52.966 GMT-0500,49.563,49.457,0.011,0.011
08.04.2021 08:33:53.264 GMT-0500,49.563,49.457,0.011,0.011
08.04.2021 08:33:53.365 GMT-0500,49.552,49.458000000000006,0.011,0.011
08.04.2021 08:33:53.415 GMT-0500,49.552,49.468,0.011,0.011
08.04.2021 08:33:53.465 GMT-0500,49.563,49.467,0.011,0.011
08.04.2021 08:33:53.536 GMT-0500,49.562,49.468,0.011,0.011
08.04.2021 08:33:53.637 GMT-0500,49.552,49.468,0.011,0.011
08.04.2021 08:33:54.095 GMT-0500,49.553000000000004,49.457,0.0008,0.011
08.04.2021 08:33:54.145 GMT-0500,49.532,49.468,0.011,0.011
08.04.2021 08:33:54.268 GMT-0500,49.533,49.447,0.011,0.011
08.04.2021 08:33:55.071 GMT-0500,49.532,49.448,0.011,0.011
08.04.2021 08:33:55.121 GMT-0500,49.533,49.447,0.011,0.011
08.04.2021 08:33:56.128 GMT-0500,49.532,49.448,0.011,0.011
08.04.2021 08:33:58.481 GMT-0500,49.562,49.518,0.011,0.011
08.04.2021 08:33:58.581 GMT-0500,49.552,49.508,0.011,0.011
08.04.2021 08:33:58.849 GMT-0500,49.562,49.508,0.011,0.011
08.04.2021 08:33:59.673 GMT-0500,49.553000000000004,49.507,0.0008,0.011
08.04.2021 08:33:59.774 GMT-0500,49.562,49.508,0.011,0.011
08.04.2021 08:34:00.530 GMT-0500,49.543000000000006,49.507,0.011,0.011
08.04.2021 08:34:00.580 GMT-0500,49.563,49.457,0.011,0.011
08.04.2021 08:34:00.631 GMT-0500,49.563,49.447,0.011,0.011
08.04.2021 08:34:00.744 GMT-0500,49.552,49.448,0.011,0.011
08.04.2021 08:34:01.283 GMT-0500,49.563,49.447,0.011,0.011
08.04.2021 08:34:01.557 GMT-0500,49.552,49.448,0.0008,0.011
08.04.2021 08:34:01.665 GMT-0500,49.553000000000004,49.447,0.011,0.011
08.04.2021 08:34:01.716 GMT-0500,49.552,49.448,0.011,0.011
08.04.2021 08:34:01.766 GMT-0500,49.553000000000004,49.457,0.011,0.011
08.04.2021 08:34:01.971 GMT-0500,49.552,49.458000000000006,0.011,0.011
08.04.2021 08:34:02.021 GMT-0500,49.553000000000004,49.457,0.011,0.011
08.04.2021 08:34:02.349 GMT-0500,49.512,49.478,0.011,0.011
08.04.2021 08:34:02.399 GMT-0500,49.523,49.477,0.011,0.011
08.04.2021 08:34:02.663 GMT-0500,49.522,49.448,0.011,0.011
08.04.2021 08:34:02.750 GMT-0500,49.502,49.448,0.011,0.011
08.04.2021 08:34:03.125 GMT-0500,49.513000000000005,49.457,0.011,0.011
08.04.2021 08:34:03.526 GMT-0500,49.492,49.458000000000006,0.011,0.011
08.04.2021 08:34:03.576 GMT-0500,49.503,49.457,0.011,0.011
08.04.2021 08:34:04.358 GMT-0500,49.482,49.458000000000006,0.0008,0.0075
08.04.2021 08:34:04.408 GMT-0500,49.483000000000004,49.447,0.011,0.011
08.04.2021 08:34:05.070 GMT-0500,49.503,49.447,0.011,0.011
08.04.2021 08:34:05.617 GMT-0500,49.482,49.418000000000006,0.011,0.011
08.04.2021 08:34:05.790 GMT-0500,49.473000000000006,49.417,0.011,0.011
08.04.2021 08:34:06.028 GMT-0500,49.432,49.388000000000005,0.011,0.011
08.04.2021 08:34:06.078 GMT-0500,49.443000000000005,49.387,0.011,0.011
08.04.2021 08:34:06.490 GMT-0500,49.443000000000005,49.387,0.011,0.011
08.04.2021 08:34:06.540 GMT-0500,49.453,49.397,0.011,0.011
08.04.2021 08:34:07.360 GMT-0500,49.452,49.388000000000005,0.011,0.011
08.04.2021 08:34:07.462 GMT-0500,49.452,49.388000000000005,0.011,0.011
08.04.2021 08:34:08.148 GMT-0500,49.453,49.407,0.011,0.011
08.04.2021 08:34:08.292 GMT-0500,49.452,49.398,0.011,0.011
08.04.2021 08:34:08.737 GMT-0500,49.453,49.387,0.011,0.011
08.04.2021 08:34:08.787 GMT-0500,49.452,49.398,0.011,0.011
08.04.2021 08:34:08.838 GMT-0500,49.453,49.387,0.011,0.011
08.04.2021 08:34:09.252 GMT-0500,49.453,49.397,0.011,0.011
08.04.2021 08:34:09.302 GMT-0500,49.453,49.387,0.011,0.011
08.04.2021 08:34:09.353 GMT-0500,49.452,49.398,0.011,0.011
08.04.2021 08:34:09.507 GMT-0500,49.452,49.388000000000005,0.011,0.011
08.04.2021 08:34:10.112 GMT-0500,49.442,49.388000000000005,0.0008,0.011
08.04.2021 08:34:10.213 GMT-0500,49.453,49.387,0.011,0.011
08.04.2021 08:34:10.417 GMT-0500,49.452,49.398,0.011,0.0075
08.04.2021 08:34:10.978 GMT-0500,49.453,49.387,0.011,0.011
08.04.2021 08:34:11.067 GMT-0500,49.452,49.388000000000005,0.011,0.011
08.04.2021 08:34:11.167 GMT-0500,49.452,49.388000000000005,0.011,0.011
08.04.2021 08:34:11.271 GMT-0500,49.403000000000006,49.387,0.0008,0.0075
08.04.2021 08:34:11.321 GMT-0500,49.393,49.347,0.011,0.011
08.04.2021 08:34:11.449 GMT-0500,49.393,49.336999999999996,0.011,0.011
08.04.2021 08:34:11.582 GMT-0500,49.373000000000005,49.307,0.011,0.011
08.04.2021 08:34:12.171 GMT-0500,49.363,49.307,0.011,0.011
08.04.2021 08:34:12.221 GMT-0500,49.373000000000005,49.307,0.011,0.011
08.04.2021 08:34:12.272 GMT-0500,49.362,49.298,0.011,0.011
08.04.2021 08:34:12.322 GMT-0500,49.372,49.288000000000004,0.011,0.011
08.04.2021 08:34:12.372 GMT-0500,49.373000000000005,49.297,0.011,0.011
08.04.2021 08:34:12.473 GMT-0500,49.373000000000005,49.287,0.011,0.011
08.04.2021 08:34:13.920 GMT-0500,49.372,49.288000000000004,0.011,0.011
08.04.2021 08:34:14.317 GMT-0500,49.363,49.287,0.011,0.011
08.04.2021 08:34:14.911 GMT-0500,49.373000000000005,49.287,0.011,0.011
08.04.2021 08:34:14.962 GMT-0500,49.372,49.318000000000005,0.011,0.011
08.04.2021 08:34:15.075 GMT-0500,49.372,49.328,0.0008,0.0075
08.04.2021 08:34:15.125 GMT-0500,49.383,49.327,0.011,0.011
08.04.2021 08:34:15.226 GMT-0500,49.393,49.327,0.011,0.011
08.04.2021 08:34:15.689 GMT-0500,49.403000000000006,49.327,0.011,0.011
08.04.2021 08:34:15.809 GMT-0500,49.403000000000006,49.317,0.011,0.011
08.04.2021 08:34:16.180 GMT-0500,49.403000000000006,49.336999999999996,0.011,0.011
08.04.2021 08:34:16.230 GMT-0500,49.402,49.318000000000005,0.011,0.011
08.04.2021 08:34:16.515 GMT-0500,49.402,49.328,0.011,0.011
08.04.2021 08:34:16.655 GMT-0500,49.393,49.327,0.0008,0.011
08.04.2021 08:34:16.706 GMT-0500,49.403000000000006,49.327,0.011,0.011
08.04.2021 08:34:17.128 GMT-0500,49.403000000000006,49.327,0.011,0.011
08.04.2021 08:34:17.446 GMT-0500,49.412,49.348000000000006,0.011,0.0075
08.04.2021 08:34:17.496 GMT-0500,49.413000000000004,49.336999999999996,0.011,0.011
08.04.2021 08:34:17.776 GMT-0500,49.413000000000004,49.377,0.011,0.011
08.04.2021 08:34:17.891 GMT-0500,49.422,49.378,0.011,0.011
08.04.2021 08:34:17.942 GMT-0500,49.422,49.358000000000004,0.011,0.011
08.04.2021 08:34:18.318 GMT-0500,49.422,49.348000000000006,0.011,0.011
08.04.2021 08:34:19.049 GMT-0500,49.422,49.338,0.011,0.011
08.04.2021 08:34:19.100 GMT-0500,49.423,49.327,0.011,0.011
08.04.2021 08:34:19.150 GMT-0500,49.413000000000004,49.317,0.011,0.011
08.04.2021 08:34:19.257 GMT-0500,49.393,49.317,0.011,0.011
08.04.2021 08:34:19.358 GMT-0500,49.412,49.338,0.011,0.011
08.04.2021 08:34:19.408 GMT-0500,49.412,49.328,0.011,0.011
08.04.2021 08:34:19.459 GMT-0500,49.393,49.327,0.0008,0.011
08.04.2021 08:34:19.509 GMT-0500,49.393,49.287,0.011,0.011
08.04.2021 08:34:19.560 GMT-0500,49.382,49.288000000000004,0.011,0.011
08.04.2021 08:34:19.679 GMT-0500,49.382,49.318000000000005,0.011,0.011
08.04.2021 08:34:20.086 GMT-0500,49.413000000000004,49.317,0.011,0.011
08.04.2021 08:34:20.138 GMT-0500,49.402,49.338,0.011,0.011
08.04.2021 08:34:20.238 GMT-0500,49.403000000000006,49.347,0.011,0.011
08.04.2021 08:34:20.289 GMT-0500,49.422,49.328,0.011,0.011
08.04.2021 08:34:20.339 GMT-0500,49.413000000000004,49.336999999999996,0.011,0.011
08.04.2021 08:34:20.442 GMT-0500,49.423,49.367,0.011,0.011
08.04.2021 08:34:20.492 GMT-0500,49.422,49.338,0.011,0.011
08.04.2021 08:34:21.419 GMT-0500,49.402,49.338,0.0008,0.011
08.04.2021 08:34:21.520 GMT-0500,49.422,49.338,0.011,0.011
08.04.2021 08:34:22.826 GMT-0500,49.423,49.336999999999996,0.011,0.011
08.04.2021 08:34:23.041 GMT-0500,49.422,49.378,0.011,0.0075
08.04.2021 08:34:23.682 GMT-0500,49.422,49.348000000000006,0.011,0.011
08.04.2021 08:34:23.882 GMT-0500,49.423,49.347,0.011,0.011
08.04.2021 08:34:24.457 GMT-0500,49.423,49.347,0.011,0.011
08.04.2021 08:34:25.191 GMT-0500,49.412,49.348000000000006,0.011,0.011
08.04.2021 08:34:25.241 GMT-0500,49.423,49.347,0.011,0.011
08.04.2021 08:34:26.928 GMT-0500,49.383,49.327,0.011,0.011
08.04.2021 08:34:27.328 GMT-0500,49.383,49.357,0.011,0.0075
08.04.2021 08:34:27.378 GMT-0500,49.412,49.348000000000006,0.011,0.011
08.04.2021 08:34:27.479 GMT-0500,49.413000000000004,49.336999999999996,0.011,0.011
08.04.2021 08:34:27.533 GMT-0500,49.403000000000006,49.336999999999996,0.011,0.011
08.04.2021 08:34:27.827 GMT-0500,49.422,49.348000000000006,0.011,0.011
08.04.2021 08:34:27.878 GMT-0500,49.412,49.348000000000006,0.011,0.011
08.04.2021 08:34:28.100 GMT-0500,49.403000000000006,49.336999999999996,0.0008,0.011
08.04.2021 08:34:28.150 GMT-0500,49.413000000000004,49.336999999999996,0.011,0.011
08.04.2021 08:34:28.247 GMT-0500,49.403000000000006,49.336999999999996,0.0008,0.011
08.04.2021 08:34:28.348 GMT-0500,49.413000000000004,49.336999999999996,0.011,0.011
08.04.2021 08:34:28.399 GMT-0500,49.422,49.338,0.011,0.011
08.04.2021 08:34:28.590 GMT-0500,49.403000000000006,49.336999999999996,0.0008,0.011
08.04.2021 08:34:28.690 GMT-0500,49.413000000000004,49.336999999999996,0.011,0.011
08.04.2021 08:34:28.902 GMT-0500,49.412,49.328,0.011,0.011
08.04.2021 08:34:28.952 GMT-0500,49.413000000000004,49.327,0.011,0.011
08.04.2021 08:34:29.122 GMT-0500,49.383,49.317,0.011,0.011
08.04.2021 08:34:29.173 GMT-0500,49.391999999999996,49.318000000000005,0.011,0.011
08.04.2021 08:34:29.405 GMT-0500,49.383,49.317,0.0008,0.011
08.04.2021 08:34:30.397 GMT-0500,49.382,49.318000000000005,0.011,0.011
08.04.2021 08:34:30.448 GMT-0500,49.382,49.328,0.011,0.011
08.04.2021 08:34:30.601 GMT-0500,49.382,49.338,0.011,0.011
08.04.2021 08:34:30.782 GMT-0500,49.383,49.327,0.011,0.011
08.04.2021 08:34:30.926 GMT-0500,49.382,49.338,0.0008,0.0075
08.04.2021 08:34:30.976 GMT-0500,49.423,49.336999999999996,0.011,0.011
08.04.2021 08:34:31.027 GMT-0500,49.412,49.348000000000006,0.011,0.011
08.04.2021 08:34:31.077 GMT-0500,49.422,49.348000000000006,0.011,0.011
08.04.2021 08:34:31.156 GMT-0500,49.362,49.348000000000006,0.0008,0.0075
08.04.2021 08:34:31.206 GMT-0500,49.362,49.318000000000005,0.011,0.011
08.04.2021 08:34:31.257 GMT-0500,49.373000000000005,49.327,0.011,0.011
08.04.2021 08:34:32.612 GMT-0500,49.363,49.327,0.0008,0.011
08.04.2021 08:34:32.662 GMT-0500,49.373000000000005,49.327,0.011,0.011
08.04.2021 08:34:33.744 GMT-0500,49.373000000000005,49.327,0.011,0.011
08.04.2021 08:34:33.794 GMT-0500,49.372,49.328,0.011,0.011
08.04.2021 08:34:34.540 GMT-0500,49.391999999999996,49.358000000000004,0.011,0.011
08.04.2021 08:34:34.872 GMT-0500,49.372,49.318000000000005,0.011,0.011
08.04.2021 08:34:35.202 GMT-0500,49.372,49.318000000000005,0.011,0.011
08.04.2021 08:34:35.467 GMT-0500,49.372,49.328,0.011,0.011
08.04.2021 08:34:35.774 GMT-0500,49.383,49.357,0.011,0.011
08.04.2021 08:34:35.825 GMT-0500,49.393,49.357,0.011,0.011
08.04.2021 08:34:36.433 GMT-0500,49.402,49.358000000000004,0.011,0.011
08.04.2021 08:34:36.484 GMT-0500,49.391999999999996,49.358000000000004,0.011,0.011
08.04.2021 08:34:36.584 GMT-0500,49.403000000000006,49.357,0.011,0.011
08.04.2021 08:34:36.634 GMT-0500,49.393,49.357,0.011,0.011
08.04.2021 08:34:36.685 GMT-0500,49.412,49.358000000000004,0.011,0.011
08.04.2021 08:34:36.814 GMT-0500,49.391999999999996,49.358000000000004,0.0008,0.011
08.04.2021 08:34:37.109 GMT-0500,49.412,49.358000000000004,0.011,0.011
08.04.2021 08:34:37.447 GMT-0500,49.422,49.368,0.011,0.011
08.04.2021 08:34:37.548 GMT-0500,49.422,49.358000000000004,0.011,0.011
08.04.2021 08:34:37.648 GMT-0500,49.422,49.368,0.011,0.011
08.04.2021 08:34:37.758 GMT-0500,49.422,49.378,0.011,0.011
08.04.2021 08:34:37.925 GMT-0500,49.422,49.388000000000005,0.011,0.011
08.04.2021 08:34:37.975 GMT-0500,49.423,49.357,0.011,0.011
08.04.2021 08:34:39.787 GMT-0500,49.413000000000004,49.357,0.011,0.011
08.04.2021 08:34:39.955 GMT-0500,49.422,49.358000000000004,0.011,0.011
08.04.2021 08:34:40.091 GMT-0500,49.422,49.358000000000004,0.011,0.011
08.04.2021 08:34:40.141 GMT-0500,49.423,49.357,0.011,0.011
08.04.2021 08:34:40.387 GMT-0500,49.422,49.358000000000004,0.011,0.011
08.04.2021 08:34:40.487 GMT-0500,49.423,49.357,0.011,0.011
08.04.2021 08:34:40.689 GMT-0500,49.413000000000004,49.357,0.011,0.011
08.04.2021 08:34:41.065 GMT-0500,49.422,49.358000000000004,0.011,0.011
08.04.2021 08:34:42.000 GMT-0500,49.413000000000004,49.357,0.011,0.011
08.04.2021 08:34:42.147 GMT-0500,49.422,49.358000000000004,0.011,0.011
08.04.2021 08:34:42.506 GMT-0500,49.402,49.358000000000004,0.011,0.011
08.04.2021 08:34:42.556 GMT-0500,49.413000000000004,49.357,0.011,0.011
08.04.2021 08:34:42.640 GMT-0500,49.413000000000004,49.357,0.011,0.011
08.04.2021 08:34:42.849 GMT-0500,49.423,49.357,0.011,0.011
08.04.2021 08:34:42.899 GMT-0500,49.423,49.367,0.011,0.011
08.04.2021 08:34:43.063 GMT-0500,49.412,49.368,0.0008,0.011
08.04.2021 08:34:43.113 GMT-0500,49.422,49.368,0.011,0.011
08.04.2021 08:34:44.139 GMT-0500,49.423,49.377,0.011,0.0075
08.04.2021 08:34:44.240 GMT-0500,49.433,49.387,0.011,0.011
08.04.2021 08:34:44.349 GMT-0500,49.422,49.368,0.011,0.011
08.04.2021 08:34:44.399 GMT-0500,49.432,49.378,0.011,0.011
08.04.2021 08:34:44.450 GMT-0500,49.442,49.378,0.011,0.011
08.04.2021 08:34:44.725 GMT-0500,49.443000000000005,49.407,0.011,0.011
08.04.2021 08:34:44.881 GMT-0500,49.442,49.368,0.011,0.011
08.04.2021 08:34:45.123 GMT-0500,49.443000000000005,49.387,0.011,0.011
08.04.2021 08:34:45.693 GMT-0500,49.443000000000005,49.367,0.011,0.011
08.04.2021 08:34:46.088 GMT-0500,49.423,49.367,0.011,0.011
08.04.2021 08:34:46.205 GMT-0500,49.422,49.378,0.011,0.011
08.04.2021 08:34:46.256 GMT-0500,49.432,49.378,0.011,0.011
08.04.2021 08:34:46.333 GMT-0500,49.432,49.368,0.011,0.011
08.04.2021 08:34:46.383 GMT-0500,49.423,49.367,0.011,0.011
08.04.2021 08:34:46.552 GMT-0500,49.432,49.368,0.011,0.011
08.04.2021 08:34:46.731 GMT-0500,49.432,49.368,0.011,0.011
08.04.2021 08:34:46.831 GMT-0500,49.433,49.367,0.011,0.011
08.04.2021 08:34:47.054 GMT-0500,49.422,49.368,0.0008,0.011
08.04.2021 08:34:47.309 GMT-0500,49.433,49.367,0.011,0.011
08.04.2021 08:34:47.700 GMT-0500,49.423,49.367,0.0008,0.011
08.04.2021 08:34:47.954 GMT-0500,49.433,49.367,0.011,0.011
08.04.2021 08:34:48.052 GMT-0500,49.432,49.368,0.011,0.011
08.04.2021 08:34:48.153 GMT-0500,49.432,49.368,0.011,0.011
08.04.2021 08:34:48.546 GMT-0500,49.433,49.367,0.011,0.011
08.04.2021 08:34:48.596 GMT-0500,49.391999999999996,49.348000000000006,0.011,0.011
08.04.2021 08:34:48.875 GMT-0500,49.403000000000006,49.347,0.011,0.011
08.04.2021 08:34:48.925 GMT-0500,49.391999999999996,49.348000000000006,0.011,0.011
08.04.2021 08:34:49.087 GMT-0500,49.403000000000006,49.347,0.011,0.011
08.04.2021 08:34:49.893 GMT-0500,49.412,49.348000000000006,0.011,0.011
08.04.2021 08:34:49.944 GMT-0500,49.403000000000006,49.347,0.011,0.011
08.04.2021 08:34:50.230 GMT-0500,49.402,49.348000000000006,0.011,0.011
08.04.2021 08:34:50.711 GMT-0500,49.412,49.348000000000006,0.011,0.011
08.04.2021 08:34:50.812 GMT-0500,49.403000000000006,49.347,0.011,0.011
08.04.2021 08:34:51.728 GMT-0500,49.423,49.347,0.011,0.011
08.04.2021 08:34:51.778 GMT-0500,49.402,49.348000000000006,0.011,0.011
08.04.2021 08:34:51.829 GMT-0500,49.412,49.348000000000006,0.011,0.011
08.04.2021 08:34:52.312 GMT-0500,49.383,49.347,0.011,0.011
08.04.2021 08:34:52.362 GMT-0500,49.402,49.348000000000006,0.011,0.011
08.04.2021 08:34:52.815 GMT-0500,49.402,49.328,0.011,0.011
08.04.2021 08:34:52.865 GMT-0500,49.373000000000005,49.327,0.011,0.011
08.04.2021 08:34:52.915 GMT-0500,49.382,49.328,0.011,0.011
08.04.2021 08:34:53.083 GMT-0500,49.393,49.327,0.011,0.011
08.04.2021 08:34:54.040 GMT-0500,49.363,49.327,0.011,0.011
08.04.2021 08:34:54.091 GMT-0500,49.353,49.297,0.011,0.011
08.04.2021 08:34:54.346 GMT-0500,49.353,49.297,0.011,0.011
08.04.2021 08:34:54.397 GMT-0500,49.353,49.297,0.011,0.011
08.04.2021 08:34:54.749 GMT-0500,49.362,49.298,0.011,0.011
08.04.2021 08:34:56.469 GMT-0500,49.373000000000005,49.297,0.011,0.011
08.04.2021 08:34:57.375 GMT-0500,49.333000000000006,49.297,0.0008,0.011
08.04.2021 08:34:57.425 GMT-0500,49.352,49.298,0.011,0.011
08.04.2021 08:34:57.889 GMT-0500,49.353,49.297,0.011,0.011
08.04.2021 08:34:58.090 GMT-0500,49.353,49.297,0.011,0.011
08.04.2021 08:34:59.503 GMT-0500,49.353,49.336999999999996,0.0008,0.0075
08.04.2021 08:34:59.553 GMT-0500,49.373000000000005,49.327,0.011,0.011
08.04.2021 08:34:59.773 GMT-0500,49.373000000000005,49.336999999999996,0.011,0.0075
08.04.2021 08:34:59.823 GMT-0500,49.373000000000005,49.327,0.011,0.011
08.04.2021 08:35:00.100 GMT-0500,49.383,49.327,0.011,0.011
08.04.2021 08:35:00.978 GMT-0500,49.393,49.336999999999996,0.011,0.011
08.04.2021 08:35:01.029 GMT-0500,49.402,49.338,0.011,0.011
08.04.2021 08:35:01.571 GMT-0500,49.393,49.336999999999996,0.011,0.011
08.04.2021 08:35:01.793 GMT-0500,49.393,49.357,0.011,0.011
08.04.2021 08:35:01.843 GMT-0500,49.403000000000006,49.357,0.011,0.011
08.04.2021 08:35:01.943 GMT-0500,49.402,49.338,0.011,0.011
08.04.2021 08:35:02.323 GMT-0500,49.383,49.336999999999996,0.0008,0.011
08.04.2021 08:35:02.673 GMT-0500,49.362,49.338,0.0008,0.011
08.04.2021 08:35:02.774 GMT-0500,49.352,49.338,0.011,0.011
08.04.2021 08:35:02.886 GMT-0500,49.353,49.327,0.011,0.011
08.04.2021 08:35:03.435 GMT-0500,49.391999999999996,49.328,0.011,0.011
08.04.2021 08:35:03.485 GMT-0500,49.382,49.328,0.011,0.011
08.04.2021 08:35:03.657 GMT-0500,49.391999999999996,49.328,0.011,0.011
08.04.2021 08:35:03.707 GMT-0500,49.373000000000005,49.327,0.011,0.011
08.04.2021 08:35:03.757 GMT-0500,49.382,49.328,0.011,0.011
08.04.2021 08:35:04.693 GMT-0500,49.391999999999996,49.328,0.011,0.011
08.04.2021 08:35:04.744 GMT-0500,49.382,49.328,0.011,0.011
08.04.2021 08:35:05.081 GMT-0500,49.373000000000005,49.327,0.0008,0.011
08.04.2021 08:35:05.131 GMT-0500,49.383,49.327,0.011,0.011
08.04.2021 08:35:05.322 GMT-0500,49.382,49.328,0.011,0.011
08.04.2021 08:35:05.372 GMT-0500,49.391999999999996,49.338,0.011,0.011
08.04.2021 08:35:05.849 GMT-0500,49.382,49.338,0.0008,0.0075
08.04.2021 08:35:05.955 GMT-0500,49.352,49.308,0.011,0.011
08.04.2021 08:35:06.323 GMT-0500,49.362,49.308,0.011,0.011
08.04.2021 08:35:06.515 GMT-0500,49.352,49.308,0.011,0.011
08.04.2021 08:35:09.264 GMT-0500,49.343,49.307,0.0008,0.011
08.04.2021 08:35:09.315 GMT-0500,49.353,49.307,0.011,0.011
08.04.2021 08:35:09.610 GMT-0500,49.352,49.318000000000005,0.011,0.011
08.04.2021 08:35:09.760 GMT-0500,49.353,49.307,0.011,0.011
08.04.2021 08:35:12.924 GMT-0500,49.352,49.347,0.0008,0.0075
08.04.2021 08:35:12.975 GMT-0500,49.383,49.307,0.011,0.011
08.04.2021 08:35:13.025 GMT-0500,49.393,49.327,0.011,0.011
08.04.2021 08:35:13.573 GMT-0500,49.391999999999996,49.348000000000006,0.011,0.011
08.04.2021 08:35:13.673 GMT-0500,49.403000000000006,49.347,0.011,0.011
08.04.2021 08:35:13.724 GMT-0500,49.391999999999996,49.348000000000006,0.011,0.011
08.04.2021 08:35:13.774 GMT-0500,49.403000000000006,49.347,0.011,0.011
08.04.2021 08:35:13.824 GMT-0500,49.391999999999996,49.348000000000006,0.011,0.011
08.04.2021 08:35:13.875 GMT-0500,49.383,49.317,0.011,0.011
08.04.2021 08:35:13.927 GMT-0500,49.383,49.317,0.011,0.011
08.04.2021 08:35:13.978 GMT-0500,49.363,49.317,0.011,0.011
08.04.2021 08:35:14.280 GMT-0500,49.393,49.336999999999996,0.011,0.011
08.04.2021 08:35:14.587 GMT-0500,49.402,49.338,0.011,0.011
08.04.2021 08:35:14.653 GMT-0500,49.403000000000006,49.336999999999996,0.011,0.011
08.04.2021 08:35:15.009 GMT-0500,49.422,49.378,0.011,0.011
08.04.2021 08:35:17.761 GMT-0500,49.412,49.378,0.0008,0.011
08.04.2021 08:35:19.015 GMT-0500,49.442,49.378,0.011,0.011
08.04.2021 08:35:19.065 GMT-0500,49.442,49.398,0.011,0.011
08.04.2021 08:35:19.221 GMT-0500,49.443000000000005,49.407,0.011,0.011
08.04.2021 08:35:20.079 GMT-0500,49.433,49.407,0.0008,0.0075
08.04.2021 08:35:20.129 GMT-0500,49.432,49.398,0.011,0.011
08.04.2021 08:35:21.865 GMT-0500,49.453,49.407,0.011,0.011
08.04.2021 08:35:22.136 GMT-0500,49.432,49.418000000000006,0.011,0.011
08.04.2021 08:35:22.345 GMT-0500,49.443000000000005,49.417,0.011,0.011
08.04.2021 08:35:23.276 GMT-0500,49.453,49.417,0.011,0.011
08.04.2021 08:35:23.326 GMT-0500,49.453,49.427,0.011,0.011
08.04.2021 08:35:23.376 GMT-0500,49.443000000000005,49.427,0.011,0.011
08.04.2021 08:35:23.548 GMT-0500,49.452,49.438,0.011,0.011
08.04.2021 08:35:24.257 GMT-0500,49.463,49.437,0.011,0.011
08.04.2021 08:35:24.529 GMT-0500,49.453,49.437,0.0008,0.0075
08.04.2021 08:35:24.580 GMT-0500,49.452,49.418000000000006,0.011,0.011
08.04.2021 08:35:24.685 GMT-0500,49.432,49.408,0.011,0.011
08.04.2021 08:35:24.736 GMT-0500,49.442,49.408,0.011,0.011
08.04.2021 08:35:24.786 GMT-0500,49.432,49.408,0.011,0.011
08.04.2021 08:35:28.341 GMT-0500,49.453,49.407,0.011,0.011
08.04.2021 08:35:28.529 GMT-0500,49.452,49.418000000000006,0.011,0.0075
08.04.2021 08:35:29.215 GMT-0500,49.443000000000005,49.417,0.011,0.011
08.04.2021 08:35:29.530 GMT-0500,49.443000000000005,49.427,0.011,0.0075
08.04.2021 08:35:29.705 GMT-0500,49.442,49.418000000000006,0.011,0.011
08.04.2021 08:35:30.067 GMT-0500,49.452,49.418000000000006,0.011,0.011
08.04.2021 08:35:30.117 GMT-0500,49.452,49.428000000000004,0.011,0.011
08.04.2021 08:35:30.600 GMT-0500,49.453,49.417,0.011,0.011
08.04.2021 08:35:30.746 GMT-0500,49.453,49.427,0.011,0.0075
08.04.2021 08:35:31.052 GMT-0500,49.443000000000005,49.427,0.0008,0.011
08.04.2021 08:35:31.153 GMT-0500,49.432,49.418000000000006,0.011,0.011
08.04.2021 08:35:31.439 GMT-0500,49.442,49.418000000000006,0.011,0.011
08.04.2021 08:35:33.851 GMT-0500,49.442,49.428000000000004,0.011,0.0075
08.04.2021 08:35:34.348 GMT-0500,49.461999999999996,49.448,0.011,0.011
08.04.2021 08:35:34.398 GMT-0500,49.473000000000006,49.437,0.011,0.011
08.04.2021 08:35:34.652 GMT-0500,49.461999999999996,49.438,0.011,0.011
08.04.2021 08:35:35.556 GMT-0500,49.452,49.438,0.011,0.011
08.04.2021 08:35:35.997 GMT-0500,49.473000000000006,49.447,0.011,0.011
08.04.2021 08:35:36.658 GMT-0500,49.483000000000004,49.437,0.011,0.011
08.04.2021 08:35:36.709 GMT-0500,49.461999999999996,49.438,0.011,0.011
08.04.2021 08:35:36.973 GMT-0500,49.483000000000004,49.437,0.011,0.011
08.04.2021 08:35:37.425 GMT-0500,49.493,49.437,0.011,0.011
08.04.2021 08:35:39.539 GMT-0500,49.482,49.448,0.011,0.011
08.04.2021 08:35:41.607 GMT-0500,49.461999999999996,49.448,0.0008,0.0075
08.04.2021 08:35:41.658 GMT-0500,49.442,49.408,0.011,0.011
08.04.2021 08:35:41.715 GMT-0500,49.432,49.408,0.0008,0.011
08.04.2021 08:35:42.061 GMT-0500,49.442,49.428000000000004,0.011,0.011
08.04.2021 08:35:42.111 GMT-0500,49.442,49.418000000000006,0.011,0.011
08.04.2021 08:35:42.317 GMT-0500,49.453,49.417,0.011,0.011
08.04.2021 08:35:42.367 GMT-0500,49.463,49.437,0.011,0.011
08.04.2021 08:35:42.418 GMT-0500,49.463,49.427,0.011,0.011
08.04.2021 08:35:43.013 GMT-0500,49.461999999999996,49.428000000000004,0.011,0.011
08.04.2021 08:35:43.477 GMT-0500,49.463,49.437,0.011,0.011
08.04.2021 08:35:45.716 GMT-0500,49.461999999999996,49.448,0.0008,0.0075
08.04.2021 08:35:45.766 GMT-0500,49.472,49.448,0.011,0.011
08.04.2021 08:35:45.950 GMT-0500,49.472,49.458000000000006,0.0008,0.0075
08.04.2021 08:35:46.000 GMT-0500,49.502,49.458000000000006,0.011,0.011
08.04.2021 08:35:46.051 GMT-0500,49.483000000000004,49.457,0.011,0.011
08.04.2021 08:35:46.498 GMT-0500,49.483000000000004,49.457,0.011,0.011
08.04.2021 08:35:46.598 GMT-0500,49.473000000000006,49.447,0.011,0.011
08.04.2021 08:35:47.528 GMT-0500,49.483000000000004,49.447,0.011,0.011
08.04.2021 08:35:47.578 GMT-0500,49.483000000000004,49.457,0.011,0.011
08.04.2021 08:35:50.098 GMT-0500,49.482,49.468,0.0008,0.0075
08.04.2021 08:35:50.149 GMT-0500,49.492,49.468,0.011,0.011
08.04.2021 08:35:50.579 GMT-0500,49.492,49.458000000000006,0.011,0.011
08.04.2021 08:35:50.852 GMT-0500,49.463,49.437,0.011,0.011
08.04.2021 08:35:51.082 GMT-0500,49.472,49.458000000000006,0.011,0.011
08.04.2021 08:35:51.133 GMT-0500,49.472,49.448,0.011,0.011
08.04.2021 08:35:52.694 GMT-0500,49.472,49.458000000000006,0.0008,0.0075
08.04.2021 08:35:52.744 GMT-0500,49.492,49.458000000000006,0.011,0.011
08.04.2021 08:35:55.369 GMT-0500,49.492,49.458000000000006,0.011,0.011
08.04.2021 08:35:56.663 GMT-0500,49.492,49.468,0.011,0.011
08.04.2021 08:35:57.235 GMT-0500,49.492,49.468,0.011,0.011
08.04.2021 08:35:57.335 GMT-0500,49.482,49.448,0.011,0.011
08.04.2021 08:35:57.572 GMT-0500,49.482,49.438,0.011,0.011
08.04.2021 08:35:57.622 GMT-0500,49.461999999999996,49.428000000000004,0.011,0.011
08.04.2021 08:35:58.768 GMT-0500,49.461999999999996,49.438,0.011,0.0075
08.04.2021 08:36:01.155 GMT-0500,49.443000000000005,49.417,0.011,0.011
08.04.2021 08:36:01.241 GMT-0500,49.452,49.408,0.011,0.011
08.04.2021 08:36:02.604 GMT-0500,49.452,49.408,0.011,0.011
08.04.2021 08:36:03.402 GMT-0500,49.453,49.407,0.011,0.011
08.04.2021 08:36:04.258 GMT-0500,49.452,49.428000000000004,0.0008,0.0075
08.04.2021 08:36:04.308 GMT-0500,49.461999999999996,49.408,0.011,0.011
08.04.2021 08:36:04.845 GMT-0500,49.461999999999996,49.408,0.011,0.011
08.04.2021 08:36:04.985 GMT-0500,49.472,49.418000000000006,0.011,0.011
08.04.2021 08:36:05.035 GMT-0500,49.473000000000006,49.427,0.011,0.011
08.04.2021 08:36:05.150 GMT-0500,49.472,49.428000000000004,0.011,0.011
08.04.2021 08:36:05.200 GMT-0500,49.473000000000006,49.427,0.011,0.011
08.04.2021 08:36:05.519 GMT-0500,49.472,49.438,0.011,0.011
08.04.2021 08:36:06.119 GMT-0500,49.472,49.418000000000006,0.011,0.011
08.04.2021 08:36:06.215 GMT-0500,49.461999999999996,49.408,0.011,0.011
08.04.2021 08:36:06.514 GMT-0500,49.461999999999996,49.428000000000004,0.0008,0.0075
08.04.2021 08:36:06.564 GMT-0500,49.473000000000006,49.417,0.011,0.011
08.04.2021 08:36:06.923 GMT-0500,49.472,49.438,0.011,0.0075
08.04.2021 08:36:07.090 GMT-0500,49.473000000000006,49.427,0.011,0.011
08.04.2021 08:36:07.421 GMT-0500,49.473000000000006,49.417,0.011,0.011
08.04.2021 08:36:07.616 GMT-0500,49.473000000000006,49.417,0.011,0.011
08.04.2021 08:36:07.975 GMT-0500,49.483000000000004,49.427,0.011,0.011
08.04.2021 08:36:08.235 GMT-0500,49.492,49.478,0.011,0.011
08.04.2021 08:36:08.285 GMT-0500,49.492,49.458000000000006,0.011,0.011
08.04.2021 08:36:08.658 GMT-0500,49.483000000000004,49.457,0.0008,0.011
08.04.2021 08:36:09.207 GMT-0500,49.493,49.457,0.011,0.011
08.04.2021 08:36:09.808 GMT-0500,49.492,49.468,0.011,0.0075
08.04.2021 08:36:09.863 GMT-0500,49.502,49.458000000000006,0.011,0.011
08.04.2021 08:36:09.913 GMT-0500,49.493,49.457,0.011,0.011
08.04.2021 08:36:10.289 GMT-0500,49.502,49.458000000000006,0.011,0.011
08.04.2021 08:36:10.622 GMT-0500,49.503,49.467,0.011,0.011
08.04.2021 08:36:10.886 GMT-0500,49.502,49.497,0.0008,0.0075
08.04.2021 08:36:10.937 GMT-0500,49.523,49.477,0.011,0.011
08.04.2021 08:36:11.598 GMT-0500,49.523,49.477,0.011,0.011
08.04.2021 08:36:15.248 GMT-0500,49.522,49.498000000000005,0.011,0.011
08.04.2021 08:36:15.298 GMT-0500,49.503,49.467,0.011,0.011
08.04.2021 08:36:15.399 GMT-0500,49.493,49.467,0.011,0.011
08.04.2021 08:36:15.449 GMT-0500,49.502,49.468,0.011,0.011
08.04.2021 08:36:15.499 GMT-0500,49.472,49.448,0.011,0.011
08.04.2021 08:36:15.872 GMT-0500,49.463,49.447,0.011,0.011
08.04.2021 08:36:16.142 GMT-0500,49.461999999999996,49.458000000000006,0.0008,0.0075
08.04.2021 08:36:16.192 GMT-0500,49.473000000000006,49.447,0.011,0.011
08.04.2021 08:36:16.242 GMT-0500,49.473000000000006,49.457,0.011,0.011
08.04.2021 08:36:16.347 GMT-0500,49.483000000000004,49.457,0.011,0.011
08.04.2021 08:36:16.528 GMT-0500,49.463,49.427,0.011,0.011
08.04.2021 08:36:17.104 GMT-0500,49.452,49.428000000000004,0.011,0.011
08.04.2021 08:36:17.824 GMT-0500,49.443000000000005,49.407,0.011,0.011
08.04.2021 08:36:18.495 GMT-0500,49.432,49.408,0.011,0.011
08.04.2021 08:36:18.947 GMT-0500,49.443000000000005,49.417,0.011,0.011
08.04.2021 08:36:19.048 GMT-0500,49.432,49.418000000000006,0.011,0.011
08.04.2021 08:36:19.181 GMT-0500,49.433,49.427,0.0008,0.0075
08.04.2021 08:36:19.232 GMT-0500,49.463,49.417,0.011,0.011
08.04.2021 08:36:19.282 GMT-0500,49.453,49.417,0.011,0.011
08.04.2021 08:36:19.462 GMT-0500,49.452,49.418000000000006,0.011,0.011
08.04.2021 08:36:19.624 GMT-0500,49.433,49.407,0.011,0.011
08.04.2021 08:36:19.860 GMT-0500,49.442,49.418000000000006,0.011,0.011
08.04.2021 08:36:21.815 GMT-0500,49.442,49.418000000000006,0.011,0.011
08.04.2021 08:36:21.865 GMT-0500,49.432,49.398,0.011,0.011
08.04.2021 08:36:22.148 GMT-0500,49.433,49.417,0.011,0.0075
08.04.2021 08:36:22.198 GMT-0500,49.423,49.397,0.011,0.011
08.04.2021 08:36:23.496 GMT-0500,49.423,49.397,0.011,0.011
08.04.2021 08:36:23.547 GMT-0500,49.422,49.398,0.011,0.011
08.04.2021 08:36:25.006 GMT-0500,49.423,49.397,0.011,0.011
08.04.2021 08:36:25.306 GMT-0500,49.422,49.398,0.011,0.011
08.04.2021 08:36:26.005 GMT-0500,49.422,49.408,0.0008,0.0075
08.04.2021 08:36:26.055 GMT-0500,49.432,49.408,0.011,0.011
08.04.2021 08:36:26.713 GMT-0500,49.422,49.398,0.011,0.011
08.04.2021 08:36:26.912 GMT-0500,49.413000000000004,49.397,0.011,0.011
08.04.2021 08:36:28.003 GMT-0500,49.412,49.388000000000005,0.011,0.011
08.04.2021 08:36:28.053 GMT-0500,49.402,49.388000000000005,0.011,0.011
08.04.2021 08:36:28.863 GMT-0500,49.403000000000006,49.397,0.0008,0.0075
08.04.2021 08:36:28.913 GMT-0500,49.413000000000004,49.397,0.011,0.011
08.04.2021 08:36:29.799 GMT-0500,49.403000000000006,49.387,0.011,0.011
08.04.2021 08:36:30.166 GMT-0500,49.402,49.378,0.011,0.011
08.04.2021 08:36:31.563 GMT-0500,49.402,49.368,0.011,0.011
08.04.2021 08:36:31.664 GMT-0500,49.383,49.357,0.011,0.011
08.04.2021 08:36:32.333 GMT-0500,49.402,49.368,0.011,0.011
08.04.2021 08:36:32.711 GMT-0500,49.391999999999996,49.368,0.011,0.011
08.04.2021 08:36:33.606 GMT-0500,49.402,49.378,0.011,0.011
08.04.2021 08:36:33.656 GMT-0500,49.402,49.368,0.011,0.011
08.04.2021 08:36:33.707 GMT-0500,49.391999999999996,49.368,0.011,0.011
08.04.2021 08:36:34.475 GMT-0500,49.391999999999996,49.358000000000004,0.011,0.011
08.04.2021 08:36:34.525 GMT-0500,49.383,49.357,0.011,0.011
08.04.2021 08:36:38.074 GMT-0500,49.403000000000006,49.367,0.011,0.011
08.04.2021 08:36:39.731 GMT-0500,49.383,49.357,0.011,0.011
08.04.2021 08:36:40.478 GMT-0500,49.382,49.368,0.0008,0.0075
08.04.2021 08:36:40.528 GMT-0500,49.393,49.367,0.011,0.011
08.04.2021 08:36:40.679 GMT-0500,49.382,49.368,0.011,0.011
08.04.2021 08:36:40.823 GMT-0500,49.391999999999996,49.368,0.011,0.011
08.04.2021 08:36:41.869 GMT-0500,49.391999999999996,49.378,0.011,0.0075
08.04.2021 08:36:42.075 GMT-0500,49.403000000000006,49.377,0.011,0.011
08.04.2021 08:36:42.125 GMT-0500,49.382,49.368,0.011,0.011
08.04.2021 08:36:42.234 GMT-0500,49.393,49.367,0.011,0.011
08.04.2021 08:36:42.398 GMT-0500,49.391999999999996,49.358000000000004,0.011,0.011
08.04.2021 08:36:43.273 GMT-0500,49.391999999999996,49.358000000000004,0.011,0.011
08.04.2021 08:36:44.707 GMT-0500,49.383,49.357,0.011,0.011
08.04.2021 08:36:45.053 GMT-0500,49.373000000000005,49.367,0.0008,0.0075
08.04.2021 08:36:45.103 GMT-0500,49.391999999999996,49.368,0.011,0.011
08.04.2021 08:36:45.278 GMT-0500,49.393,49.357,0.011,0.011
08.04.2021 08:36:45.329 GMT-0500,49.383,49.357,0.011,0.011
08.04.2021 08:36:45.499 GMT-0500,49.391999999999996,49.378,0.011,0.011
08.04.2021 08:36:45.549 GMT-0500,49.391999999999996,49.368,0.011,0.011
08.04.2021 08:36:45.882 GMT-0500,49.412,49.378,0.011,0.011
08.04.2021 08:36:45.933 GMT-0500,49.402,49.378,0.011,0.011
08.04.2021 08:36:46.708 GMT-0500,49.391999999999996,49.378,0.011,0.011
08.04.2021 08:36:48.944 GMT-0500,49.403000000000006,49.377,0.011,0.011
08.04.2021 08:36:49.229 GMT-0500,49.391999999999996,49.378,0.0008,0.011
08.04.2021 08:36:49.279 GMT-0500,49.393,49.367,0.011,0.011
08.04.2021 08:36:49.454 GMT-0500,49.393,49.357,0.011,0.011
08.04.2021 08:36:50.045 GMT-0500,49.393,49.367,0.011,0.0075
08.04.2021 08:36:50.321 GMT-0500,49.393,49.377,0.011,0.011
08.04.2021 08:36:50.684 GMT-0500,49.393,49.367,0.011,0.011
08.04.2021 08:36:51.069 GMT-0500,49.403000000000006,49.377,0.011,0.011
08.04.2021 08:36:51.119 GMT-0500,49.402,49.368,0.011,0.011
08.04.2021 08:36:52.572 GMT-0500,49.403000000000006,49.367,0.011,0.011
08.04.2021 08:36:52.623 GMT-0500,49.393,49.357,0.011,0.011
08.04.2021 08:36:53.007 GMT-0500,49.372,49.348000000000006,0.011,0.011
08.04.2021 08:36:53.206 GMT-0500,49.372,49.338,0.011,0.011
08.04.2021 08:36:54.847 GMT-0500,49.373000000000005,49.347,0.011,0.0075
08.04.2021 08:36:54.897 GMT-0500,49.402,49.368,0.011,0.011
08.04.2021 08:36:54.976 GMT-0500,49.403000000000006,49.357,0.011,0.011
08.04.2021 08:36:55.027 GMT-0500,49.383,49.357,0.011,0.011
08.04.2021 08:36:55.077 GMT-0500,49.383,49.367,0.011,0.011
08.04.2021 08:36:55.229 GMT-0500,49.382,49.358000000000004,0.011,0.011
08.04.2021 08:36:55.946 GMT-0500,49.363,49.336999999999996,0.011,0.011
08.04.2021 08:36:56.203 GMT-0500,49.372,49.338,0.011,0.011
08.04.2021 08:36:58.836 GMT-0500,49.353,49.327,0.011,0.011
08.04.2021 08:36:59.167 GMT-0500,49.343,49.317,0.011,0.011
08.04.2021 08:36:59.969 GMT-0500,49.353,49.317,0.011,0.011
08.04.2021 08:37:00.204 GMT-0500,49.342,49.318000000000005,0.0008,0.0075
08.04.2021 08:37:00.317 GMT-0500,49.332,49.308,0.011,0.011
08.04.2021 08:37:00.367 GMT-0500,49.333000000000006,49.307,0.011,0.011
08.04.2021 08:37:02.778 GMT-0500,49.332,49.288000000000004,0.011,0.011
08.04.2021 08:37:02.850 GMT-0500,49.313,49.277,0.011,0.011
08.04.2021 08:37:02.901 GMT-0500,49.322,49.298,0.011,0.011
08.04.2021 08:37:03.006 GMT-0500,49.323,49.287,0.011,0.011
08.04.2021 08:37:03.081 GMT-0500,49.323,49.287,0.011,0.011
08.04.2021 08:37:03.323 GMT-0500,49.302,49.258,0.011,0.011
08.04.2021 08:37:03.373 GMT-0500,49.292,49.258,0.011,0.011
08.04.2021 08:37:03.571 GMT-0500,49.293000000000006,49.266999999999996,0.011,0.0075
08.04.2021 08:37:04.873 GMT-0500,49.293000000000006,49.277,0.0008,0.0075
08.04.2021 08:37:04.924 GMT-0500,49.313,49.277,0.011,0.011
08.04.2021 08:37:05.525 GMT-0500,49.302,49.278000000000006,0.011,0.011
08.04.2021 08:37:05.665 GMT-0500,49.312,49.288000000000004,0.011,0.011
08.04.2021 08:37:06.015 GMT-0500,49.312,49.278000000000006,0.011,0.011
08.04.2021 08:37:06.196 GMT-0500,49.303000000000004,49.277,0.0008,0.011
08.04.2021 08:37:06.246 GMT-0500,49.312,49.278000000000006,0.011,0.011
08.04.2021 08:37:06.506 GMT-0500,49.312,49.278000000000006,0.011,0.011
08.04.2021 08:37:07.028 GMT-0500,49.312,49.278000000000006,0.011,0.011
08.04.2021 08:37:07.236 GMT-0500,49.293000000000006,49.277,0.0008,0.0075
08.04.2021 08:37:07.286 GMT-0500,49.292,49.268,0.011,0.011
08.04.2021 08:37:07.622 GMT-0500,49.303000000000004,49.266999999999996,0.011,0.011
08.04.2021 08:37:07.673 GMT-0500,49.312,49.278000000000006,0.011,0.011
08.04.2021 08:37:07.871 GMT-0500,49.303000000000004,49.277,0.011,0.011
08.04.2021 08:37:08.097 GMT-0500,49.283,49.278000000000006,0.0008,0.0075
08.04.2021 08:37:08.147 GMT-0500,49.282,49.258,0.011,0.011
08.04.2021 08:37:08.405 GMT-0500,49.283,49.247,0.011,0.011
08.04.2021 08:37:08.455 GMT-0500,49.283,49.257,0.011,0.011
08.04.2021 08:37:08.585 GMT-0500,49.293000000000006,49.257,0.011,0.011
08.04.2021 08:37:08.749 GMT-0500,49.282,49.258,0.011,0.011
08.04.2021 08:37:08.988 GMT-0500,49.272,49.248000000000005,0.011,0.011
08.04.2021 08:37:09.290 GMT-0500,49.293000000000006,49.266999999999996,0.011,0.011
08.04.2021 08:37:10.293 GMT-0500,49.282,49.258,0.011,0.011
08.04.2021 08:37:10.505 GMT-0500,49.283,49.257,0.011,0.011
08.04.2021 08:37:10.555 GMT-0500,49.293000000000006,49.257,0.011,0.011
08.04.2021 08:37:10.971 GMT-0500,49.283,49.257,0.011,0.011
08.04.2021 08:37:11.195 GMT-0500,49.283,49.266999999999996,0.011,0.011
08.04.2021 08:37:11.336 GMT-0500,49.283,49.257,0.011,0.011
08.04.2021 08:37:11.737 GMT-0500,49.273,49.257,0.011,0.011
08.04.2021 08:37:12.124 GMT-0500,49.283,49.257,0.011,0.011
08.04.2021 08:37:12.325 GMT-0500,49.283,49.277,0.0008,0.0075
08.04.2021 08:37:12.376 GMT-0500,49.293000000000006,49.277,0.011,0.011
08.04.2021 08:37:12.483 GMT-0500,49.292,49.268,0.011,0.011
08.04.2021 08:37:13.078 GMT-0500,49.292,49.278000000000006,0.0008,0.0075
08.04.2021 08:37:13.128 GMT-0500,49.312,49.288000000000004,0.011,0.011
08.04.2021 08:37:13.567 GMT-0500,49.282,49.258,0.011,0.011
08.04.2021 08:37:13.677 GMT-0500,49.283,49.217,0.011,0.011
08.04.2021 08:37:13.727 GMT-0500,49.273,49.237,0.011,0.011
08.04.2021 08:37:13.805 GMT-0500,49.273,49.247,0.011,0.0075
08.04.2021 08:37:13.924 GMT-0500,49.272,49.258,0.0008,0.011
08.04.2021 08:37:14.025 GMT-0500,49.282,49.258,0.011,0.011
08.04.2021 08:37:15.044 GMT-0500,49.273,49.257,0.011,0.011
08.04.2021 08:37:15.309 GMT-0500,49.282,49.248000000000005,0.011,0.011
08.04.2021 08:37:15.527 GMT-0500,49.282,49.248000000000005,0.011,0.011
08.04.2021 08:37:15.673 GMT-0500,49.293000000000006,49.257,0.011,0.011
08.04.2021 08:37:16.043 GMT-0500,49.293000000000006,49.257,0.011,0.011
08.04.2021 08:37:16.144 GMT-0500,49.302,49.278000000000006,0.011,0.011
08.04.2021 08:37:16.811 GMT-0500,49.322,49.278000000000006,0.011,0.011
08.04.2021 08:37:16.862 GMT-0500,49.313,49.287,0.011,0.011
08.04.2021 08:37:17.348 GMT-0500,49.313,49.297,0.0008,0.0075
08.04.2021 08:37:17.399 GMT-0500,49.323,49.297,0.011,0.011
08.04.2021 08:37:18.168 GMT-0500,49.333000000000006,49.297,0.011,0.011
08.04.2021 08:37:18.311 GMT-0500,49.333000000000006,49.297,0.011,0.011
08.04.2021 08:37:19.570 GMT-0500,49.353,49.307,0.011,0.011
08.04.2021 08:37:19.621 GMT-0500,49.342,49.318000000000005,0.011,0.011
08.04.2021 08:37:20.115 GMT-0500,49.343,49.336999999999996,0.0008,0.0075
08.04.2021 08:37:20.166 GMT-0500,49.353,49.327,0.011,0.011
08.04.2021 08:37:20.401 GMT-0500,49.363,49.327,0.011,0.011
08.04.2021 08:37:20.921 GMT-0500,49.372,49.338,0.011,0.011
08.04.2021 08:37:21.022 GMT-0500,49.383,49.347,0.011,0.011
08.04.2021 08:37:21.230 GMT-0500,49.383,49.357,0.011,0.011
08.04.2021 08:37:22.037 GMT-0500,49.393,49.367,0.011,0.011
08.04.2021 08:37:23.032 GMT-0500,49.412,49.378,0.011,0.011
08.04.2021 08:37:23.082 GMT-0500,49.413000000000004,49.387,0.011,0.011
08.04.2021 08:37:24.335 GMT-0500,49.423,49.397,0.011,0.011
08.04.2021 08:37:25.443 GMT-0500,49.432,49.408,0.011,0.011
08.04.2021 08:37:25.767 GMT-0500,49.432,49.398,0.011,0.011
08.04.2021 08:37:26.672 GMT-0500,49.432,49.408,0.011,0.0075
08.04.2021 08:37:27.267 GMT-0500,49.413000000000004,49.397,0.011,0.011
08.04.2021 08:37:27.442 GMT-0500,49.433,49.397,0.011,0.011
08.04.2021 08:37:28.004 GMT-0500,49.422,49.398,0.011,0.011
08.04.2021 08:37:29.099 GMT-0500,49.422,49.408,0.0008,0.0075
08.04.2021 08:37:29.150 GMT-0500,49.453,49.417,0.011,0.011
08.04.2021 08:37:29.200 GMT-0500,49.461999999999996,49.428000000000004,0.011,0.011
08.04.2021 08:37:29.698 GMT-0500,49.472,49.438,0.011,0.011
08.04.2021 08:37:29.817 GMT-0500,49.483000000000004,49.447,0.011,0.011
08.04.2021 08:37:29.867 GMT-0500,49.483000000000004,49.447,0.011,0.011
08.04.2021 08:37:29.982 GMT-0500,49.482,49.458000000000006,0.011,0.0075
08.04.2021 08:37:30.270 GMT-0500,49.482,49.448,0.011,0.011
08.04.2021 08:37:30.569 GMT-0500,49.482,49.468,0.011,0.0075
08.04.2021 08:37:30.828 GMT-0500,49.482,49.458000000000006,0.011,0.011
08.04.2021 08:37:32.108 GMT-0500,49.483000000000004,49.447,0.011,0.011
08.04.2021 08:37:32.163 GMT-0500,49.482,49.448,0.011,0.011
08.04.2021 08:37:32.679 GMT-0500,49.472,49.458000000000006,0.011,0.0075
08.04.2021 08:37:32.730 GMT-0500,49.502,49.468,0.011,0.011
08.04.2021 08:37:32.780 GMT-0500,49.512,49.478,0.011,0.011
08.04.2021 08:37:33.988 GMT-0500,49.512,49.488,0.011,0.011
08.04.2021 08:37:36.199 GMT-0500,49.512,49.468,0.011,0.011
08.04.2021 08:37:36.250 GMT-0500,49.492,49.468,0.011,0.011
08.04.2021 08:37:37.618 GMT-0500,49.503,49.457,0.011,0.011
08.04.2021 08:37:37.832 GMT-0500,49.493,49.457,0.0008,0.011
08.04.2021 08:37:37.882 GMT-0500,49.502,49.458000000000006,0.011,0.011
08.04.2021 08:37:37.949 GMT-0500,49.503,49.457,0.011,0.011
08.04.2021 08:37:38.853 GMT-0500,49.513000000000005,49.477,0.011,0.011
08.04.2021 08:37:39.365 GMT-0500,49.493,49.477,0.011,0.011
08.04.2021 08:37:40.718 GMT-0500,49.493,49.467,0.011,0.011
08.04.2021 08:37:40.792 GMT-0500,49.482,49.468,0.0008,0.011
08.04.2021 08:37:41.143 GMT-0500,49.493,49.467,0.011,0.011
08.04.2021 08:37:42.187 GMT-0500,49.482,49.458000000000006,0.011,0.011
08.04.2021 08:37:42.508 GMT-0500,49.461999999999996,49.438,0.011,0.011
08.04.2021 08:37:42.792 GMT-0500,49.473000000000006,49.447,0.011,0.011
08.04.2021 08:37:43.166 GMT-0500,49.473000000000006,49.447,0.011,0.011
08.04.2021 08:37:43.216 GMT-0500,49.452,49.428000000000004,0.011,0.011
08.04.2021 08:37:43.347 GMT-0500,49.461999999999996,49.428000000000004,0.0008,0.011
08.04.2021 08:37:43.475 GMT-0500,49.472,49.428000000000004,0.011,0.011
08.04.2021 08:37:43.526 GMT-0500,49.461999999999996,49.428000000000004,0.011,0.011
08.04.2021 08:37:43.732 GMT-0500,49.453,49.417,0.011,0.011
08.04.2021 08:37:43.986 GMT-0500,49.453,49.407,0.011,0.011
08.04.2021 08:37:44.036 GMT-0500,49.453,49.407,0.011,0.011
08.04.2021 08:37:44.201 GMT-0500,49.442,49.408,0.011,0.011
08.04.2021 08:37:44.354 GMT-0500,49.452,49.408,0.011,0.011
08.04.2021 08:37:44.405 GMT-0500,49.463,49.407,0.011,0.011
08.04.2021 08:37:44.556 GMT-0500,49.442,49.408,0.0008,0.011
08.04.2021 08:37:44.657 GMT-0500,49.453,49.407,0.011,0.011
08.04.2021 08:37:44.801 GMT-0500,49.463,49.407,0.011,0.011
08.04.2021 08:37:44.998 GMT-0500,49.463,49.407,0.011,0.011
08.04.2021 08:37:45.304 GMT-0500,49.443000000000005,49.407,0.011,0.011
08.04.2021 08:37:45.413 GMT-0500,49.452,49.408,0.011,0.011
08.04.2021 08:37:45.513 GMT-0500,49.463,49.407,0.011,0.011
08.04.2021 08:37:45.639 GMT-0500,49.452,49.408,0.011,0.011
08.04.2021 08:37:45.740 GMT-0500,49.432,49.408,0.011,0.011
08.04.2021 08:37:46.159 GMT-0500,49.432,49.418000000000006,0.0008,0.0075
08.04.2021 08:37:46.209 GMT-0500,49.442,49.418000000000006,0.011,0.011
08.04.2021 08:37:46.442 GMT-0500,49.443000000000005,49.397,0.011,0.011
08.04.2021 08:37:46.728 GMT-0500,49.442,49.398,0.011,0.011
08.04.2021 08:37:47.043 GMT-0500,49.453,49.407,0.011,0.011
08.04.2021 08:37:47.617 GMT-0500,49.453,49.397,0.011,0.011
08.04.2021 08:37:47.667 GMT-0500,49.432,49.398,0.011,0.011
08.04.2021 08:37:47.718 GMT-0500,49.453,49.407,0.011,0.011
08.04.2021 08:37:47.768 GMT-0500,49.442,49.398,0.011,0.011
08.04.2021 08:37:48.152 GMT-0500,49.432,49.408,0.0008,0.0075
08.04.2021 08:37:48.203 GMT-0500,49.463,49.407,0.011,0.011
08.04.2021 08:37:48.258 GMT-0500,49.453,49.407,0.0008,0.011
08.04.2021 08:37:48.380 GMT-0500,49.453,49.407,0.011,0.011
08.04.2021 08:37:48.431 GMT-0500,49.453,49.407,0.011,0.011
08.04.2021 08:37:48.549 GMT-0500,49.453,49.417,0.011,0.0075
08.04.2021 08:37:48.599 GMT-0500,49.473000000000006,49.427,0.011,0.011
08.04.2021 08:37:49.394 GMT-0500,49.473000000000006,49.427,0.011,0.011
08.04.2021 08:37:49.444 GMT-0500,49.472,49.428000000000004,0.011,0.011
08.04.2021 08:37:49.563 GMT-0500,49.483000000000004,49.427,0.011,0.011
08.04.2021 08:37:49.613 GMT-0500,49.442,49.418000000000006,0.011,0.011
08.04.2021 08:37:49.664 GMT-0500,49.463,49.417,0.011,0.011
08.04.2021 08:37:50.998 GMT-0500,49.463,49.417,0.011,0.011
08.04.2021 08:37:51.049 GMT-0500,49.461999999999996,49.418000000000006,0.011,0.011
08.04.2021 08:37:51.263 GMT-0500,49.461999999999996,49.418000000000006,0.011,0.011
08.04.2021 08:37:51.364 GMT-0500,49.463,49.407,0.011,0.011
08.04.2021 08:37:51.713 GMT-0500,49.463,49.407,0.011,0.011
08.04.2021 08:37:52.760 GMT-0500,49.415,49.408,0.0008,0.0075
08.04.2021 08:37:52.811 GMT-0500,49.413000000000004,49.387,0.011,0.011
08.04.2021 08:37:53.222 GMT-0500,49.422,49.388000000000005,0.011,0.011
08.04.2021 08:37:53.810 GMT-0500,49.433,49.387,0.011,0.011
08.04.2021 08:37:54.774 GMT-0500,49.432,49.378,0.011,0.011
08.04.2021 08:37:54.875 GMT-0500,49.422,49.378,0.011,0.011
08.04.2021 08:37:56.447 GMT-0500,49.391999999999996,49.368,0.011,0.011
08.04.2021 08:37:56.497 GMT-0500,49.413000000000004,49.367,0.011,0.011
08.04.2021 08:37:56.619 GMT-0500,49.413000000000004,49.377,0.011,0.0075
08.04.2021 08:37:56.782 GMT-0500,49.412,49.378,0.011,0.011
08.04.2021 08:37:56.837 GMT-0500,49.403000000000006,49.377,0.0008,0.011
08.04.2021 08:37:56.988 GMT-0500,49.402,49.368,0.011,0.011
08.04.2021 08:37:57.372 GMT-0500,49.412,49.368,0.011,0.011
08.04.2021 08:37:58.098 GMT-0500,49.412,49.368,0.011,0.011
08.04.2021 08:37:59.229 GMT-0500,49.423,49.377,0.011,0.011
08.04.2021 08:37:59.279 GMT-0500,49.443000000000005,49.407,0.011,0.011
08.04.2021 08:38:00.566 GMT-0500,49.453,49.407,0.011,0.011
08.04.2021 08:38:00.839 GMT-0500,49.422,49.398,0.011,0.011
08.04.2021 08:38:01.007 GMT-0500,49.403000000000006,49.398,0.0008,0.0075
08.04.2021 08:38:01.057 GMT-0500,49.412,49.388000000000005,0.011,0.011
08.04.2021 08:38:01.159 GMT-0500,49.412,49.378,0.011,0.011
08.04.2021 08:38:01.481 GMT-0500,49.391999999999996,49.368,0.011,0.011
08.04.2021 08:38:01.675 GMT-0500,49.372,49.348000000000006,0.011,0.011
08.04.2021 08:38:02.110 GMT-0500,49.373000000000005,49.336999999999996,0.011,0.011
08.04.2021 08:38:02.160 GMT-0500,49.372,49.348000000000006,0.011,0.011
08.04.2021 08:38:02.352 GMT-0500,49.372,49.358000000000004,0.011,0.011
08.04.2021 08:38:02.403 GMT-0500,49.363,49.336999999999996,0.011,0.011
08.04.2021 08:38:02.643 GMT-0500,49.372,49.338,0.011,0.011
08.04.2021 08:38:03.540 GMT-0500,49.352,49.338,0.0008,0.011
08.04.2021 08:38:04.039 GMT-0500,49.342,49.328,0.011,0.011
08.04.2021 08:38:04.089 GMT-0500,49.342,49.318000000000005,0.011,0.011
08.04.2021 08:38:04.201 GMT-0500,49.352,49.328,0.011,0.011
08.04.2021 08:38:04.894 GMT-0500,49.373000000000005,49.347,0.011,0.011
08.04.2021 08:38:05.240 GMT-0500,49.382,49.348000000000006,0.011,0.011
08.04.2021 08:38:05.314 GMT-0500,49.382,49.348000000000006,0.011,0.011
08.04.2021 08:38:05.415 GMT-0500,49.383,49.347,0.011,0.011
08.04.2021 08:38:06.137 GMT-0500,49.373000000000005,49.357,0.011,0.011
08.04.2021 08:38:06.340 GMT-0500,49.362,49.348000000000006,0.011,0.011
08.04.2021 08:38:06.390 GMT-0500,49.372,49.348000000000006,0.011,0.011
08.04.2021 08:38:06.667 GMT-0500,49.363,49.347,0.011,0.011
08.04.2021 08:38:06.733 GMT-0500,49.363,49.336999999999996,0.011,0.011
08.04.2021 08:38:08.560 GMT-0500,49.363,49.347,0.011,0.011
08.04.2021 08:38:09.810 GMT-0500,49.363,49.327,0.011,0.011
08.04.2021 08:38:10.265 GMT-0500,49.362,49.328,0.011,0.011
08.04.2021 08:38:10.591 GMT-0500,49.373000000000005,49.347,0.011,0.011
08.04.2021 08:38:10.641 GMT-0500,49.373000000000005,49.347,0.011,0.011
08.04.2021 08:38:11.192 GMT-0500,49.372,49.338,0.011,0.011
08.04.2021 08:38:11.242 GMT-0500,49.363,49.336999999999996,0.011,0.011
08.04.2021 08:38:11.342 GMT-0500,49.342,49.318000000000005,0.011,0.011
08.04.2021 08:38:11.443 GMT-0500,49.333000000000006,49.307,0.011,0.011
08.04.2021 08:38:12.953 GMT-0500,49.342,49.308,0.011,0.011
08.04.2021 08:38:13.004 GMT-0500,49.342,49.308,0.011,0.011
08.04.2021 08:38:13.130 GMT-0500,49.342,49.308,0.011,0.011
08.04.2021 08:38:13.555 GMT-0500,49.352,49.318000000000005,0.011,0.011
08.04.2021 08:38:14.652 GMT-0500,49.352,49.328,0.011,0.0075
08.04.2021 08:38:14.703 GMT-0500,49.362,49.328,0.011,0.011
08.04.2021 08:38:15.254 GMT-0500,49.363,49.336999999999996,0.011,0.011
08.04.2021 08:38:15.476 GMT-0500,49.353,49.327,0.011,0.011
08.04.2021 08:38:15.618 GMT-0500,49.332,49.308,0.011,0.011
08.04.2021 08:38:16.732 GMT-0500,49.343,49.317,0.011,0.011
08.04.2021 08:38:17.371 GMT-0500,49.332,49.318000000000005,0.011,0.011
08.04.2021 08:38:17.644 GMT-0500,49.332,49.308,0.011,0.011
08.04.2021 08:38:17.726 GMT-0500,49.332,49.308,0.011,0.011
08.04.2021 08:38:17.827 GMT-0500,49.333000000000006,49.307,0.011,0.011
08.04.2021 08:38:19.008 GMT-0500,49.322,49.298,0.011,0.011
08.04.2021 08:38:19.216 GMT-0500,49.322,49.308,0.011,0.0075
08.04.2021 08:38:19.517 GMT-0500,49.322,49.318000000000005,0.0008,0.0075
08.04.2021 08:38:19.568 GMT-0500,49.332,49.318000000000005,0.011,0.011
08.04.2021 08:38:20.058 GMT-0500,49.353,49.317,0.011,0.011
08.04.2021 08:38:20.108 GMT-0500,49.353,49.327,0.011,0.011
08.04.2021 08:38:20.255 GMT-0500,49.352,49.328,0.011,0.011
08.04.2021 08:38:20.305 GMT-0500,49.343,49.317,0.011,0.011
08.04.2021 08:38:20.596 GMT-0500,49.352,49.318000000000005,0.011,0.011
08.04.2021 08:38:20.788 GMT-0500,49.352,49.328,0.011,0.011
08.04.2021 08:38:20.891 GMT-0500,49.362,49.328,0.011,0.011
08.04.2021 08:38:21.066 GMT-0500,49.363,49.327,0.011,0.011
08.04.2021 08:38:21.388 GMT-0500,49.362,49.338,0.011,0.011
08.04.2021 08:38:21.629 GMT-0500,49.372,49.338,0.011,0.011
08.04.2021 08:38:21.861 GMT-0500,49.372,49.348000000000006,0.011,0.0075
08.04.2021 08:38:22.707 GMT-0500,49.372,49.338,0.011,0.011
08.04.2021 08:38:23.165 GMT-0500,49.352,49.328,0.011,0.011
08.04.2021 08:38:23.266 GMT-0500,49.362,49.328,0.011,0.011
08.04.2021 08:38:23.353 GMT-0500,49.373000000000005,49.327,0.011,0.011
08.04.2021 08:38:23.403 GMT-0500,49.372,49.348000000000006,0.011,0.011
08.04.2021 08:38:24.159 GMT-0500,49.372,49.358000000000004,0.0008,0.0075
08.04.2021 08:38:24.209 GMT-0500,49.383,49.357,0.011,0.011
08.04.2021 08:38:24.563 GMT-0500,49.373000000000005,49.357,0.0008,0.011
08.04.2021 08:38:24.678 GMT-0500,49.363,49.336999999999996,0.011,0.011
08.04.2021 08:38:26.124 GMT-0500,49.372,49.338,0.011,0.011
08.04.2021 08:38:26.305 GMT-0500,49.373000000000005,49.336999999999996,0.011,0.011
08.04.2021 08:38:26.734 GMT-0500,49.352,49.338,0.0008,0.011
08.04.2021 08:38:27.196 GMT-0500,49.342,49.318000000000005,0.011,0.011
08.04.2021 08:38:27.688 GMT-0500,49.352,49.318000000000005,0.011,0.011
08.04.2021 08:38:27.739 GMT-0500,49.353,49.336999999999996,0.011,0.011
08.04.2021 08:38:28.115 GMT-0500,49.362,49.338,0.011,0.011
08.04.2021 08:38:29.419 GMT-0500,49.372,49.348000000000006,0.011,0.011
08.04.2021 08:38:31.018 GMT-0500,49.391999999999996,49.358000000000004,0.011,0.011
08.04.2021 08:38:31.068 GMT-0500,49.391999999999996,49.368,0.011,0.011
08.04.2021 08:38:32.198 GMT-0500,49.403000000000006,49.367,0.011,0.011
08.04.2021 08:38:32.765 GMT-0500,49.402,49.368,0.011,0.011
08.04.2021 08:38:32.921 GMT-0500,49.403000000000006,49.377,0.011,0.011
08.04.2021 08:38:33.514 GMT-0500,49.403000000000006,49.387,0.0008,0.0075
08.04.2021 08:38:33.564 GMT-0500,49.413000000000004,49.387,0.011,0.011
08.04.2021 08:38:33.785 GMT-0500,49.413000000000004,49.387,0.011,0.011
08.04.2021 08:38:34.226 GMT-0500,49.403000000000006,49.387,0.011,0.011
08.04.2021 08:38:34.327 GMT-0500,49.402,49.378,0.011,0.011
08.04.2021 08:38:34.771 GMT-0500,49.383,49.367,0.011,0.011
08.04.2021 08:38:34.821 GMT-0500,49.403000000000006,49.367,0.011,0.011
08.04.2021 08:38:34.980 GMT-0500,49.403000000000006,49.367,0.011,0.011
08.04.2021 08:38:35.320 GMT-0500,49.403000000000006,49.367,0.011,0.011
08.04.2021 08:38:35.704 GMT-0500,49.403000000000006,49.377,0.011,0.011
08.04.2021 08:38:35.913 GMT-0500,49.391999999999996,49.378,0.011,0.011
08.04.2021 08:38:35.963 GMT-0500,49.403000000000006,49.377,0.011,0.011
08.04.2021 08:38:36.014 GMT-0500,49.413000000000004,49.377,0.011,0.011
08.04.2021 08:38:36.084 GMT-0500,49.412,49.378,0.011,0.011
08.04.2021 08:38:36.231 GMT-0500,49.391999999999996,49.378,0.011,0.011
08.04.2021 08:38:36.281 GMT-0500,49.393,49.367,0.011,0.011
08.04.2021 08:38:36.599 GMT-0500,49.403000000000006,49.367,0.011,0.011
08.04.2021 08:38:36.650 GMT-0500,49.402,49.378,0.011,0.011
08.04.2021 08:38:38.455 GMT-0500,49.412,49.378,0.011,0.011
08.04.2021 08:38:38.590 GMT-0500,49.412,49.378,0.011,0.011
08.04.2021 08:38:41.590 GMT-0500,49.413000000000004,49.377,0.011,0.011
08.04.2021 08:38:41.690 GMT-0500,49.372,49.358000000000004,0.011,0.011
08.04.2021 08:38:42.041 GMT-0500,49.373000000000005,49.347,0.011,0.011
08.04.2021 08:38:42.591 GMT-0500,49.353,49.348000000000006,0.0008,0.0075
08.04.2021 08:38:42.641 GMT-0500,49.372,49.358000000000004,0.011,0.011
08.04.2021 08:38:43.117 GMT-0500,49.373000000000005,49.347,0.011,0.011
08.04.2021 08:38:43.645 GMT-0500,49.363,49.336999999999996,0.011,0.011
08.04.2021 08:38:44.202 GMT-0500,49.363,49.327,0.011,0.011
08.04.2021 08:38:44.252 GMT-0500,49.372,49.348000000000006,0.011,0.011
08.04.2021 08:38:44.801 GMT-0500,49.353,49.347,0.0008,0.0075
08.04.2021 08:38:44.851 GMT-0500,49.353,49.327,0.011,0.011
08.04.2021 08:38:45.103 GMT-0500,49.363,49.327,0.011,0.011
08.04.2021 08:38:45.340 GMT-0500,49.363,49.336999999999996,0.011,0.0075
08.04.2021 08:38:45.646 GMT-0500,49.372,49.348000000000006,0.011,0.011
08.04.2021 08:38:46.392 GMT-0500,49.373000000000005,49.357,0.011,0.0075
08.04.2021 08:38:46.442 GMT-0500,49.382,49.348000000000006,0.011,0.011
08.04.2021 08:38:46.785 GMT-0500,49.382,49.338,0.011,0.011
08.04.2021 08:38:46.877 GMT-0500,49.363,49.336999999999996,0.0008,0.011
08.04.2021 08:38:46.978 GMT-0500,49.372,49.338,0.011,0.011
08.04.2021 08:38:47.144 GMT-0500,49.362,49.338,0.0008,0.0075
08.04.2021 08:38:47.536 GMT-0500,49.363,49.327,0.011,0.011
08.04.2021 08:38:47.587 GMT-0500,49.362,49.338,0.011,0.011
08.04.2021 08:38:47.723 GMT-0500,49.373000000000005,49.336999999999996,0.011,0.011
08.04.2021 08:38:48.300 GMT-0500,49.352,49.328,0.011,0.011
08.04.2021 08:38:48.480 GMT-0500,49.362,49.328,0.011,0.011
08.04.2021 08:38:48.715 GMT-0500,49.372,49.328,0.011,0.011
08.04.2021 08:38:48.765 GMT-0500,49.372,49.338,0.011,0.011
08.04.2021 08:38:49.262 GMT-0500,49.372,49.328,0.011,0.011
08.04.2021 08:38:49.313 GMT-0500,49.352,49.328,0.011,0.011
08.04.2021 08:38:50.683 GMT-0500,49.342,49.328,0.0008,0.011
08.04.2021 08:38:50.733 GMT-0500,49.343,49.317,0.011,0.011
08.04.2021 08:38:50.835 GMT-0500,49.353,49.317,0.011,0.011
08.04.2021 08:38:50.885 GMT-0500,49.352,49.328,0.011,0.011
08.04.2021 08:38:51.173 GMT-0500,49.363,49.327,0.011,0.011
08.04.2021 08:38:52.733 GMT-0500,49.363,49.317,0.011,0.011
08.04.2021 08:38:52.833 GMT-0500,49.362,49.328,0.011,0.011
08.04.2021 08:38:54.702 GMT-0500,49.362,49.318000000000005,0.011,0.011
08.04.2021 08:38:54.752 GMT-0500,49.363,49.327,0.011,0.011
08.04.2021 08:38:55.239 GMT-0500,49.363,49.317,0.011,0.011
08.04.2021 08:38:55.289 GMT-0500,49.362,49.328,0.011,0.011
08.04.2021 08:38:55.578 GMT-0500,49.372,49.348000000000006,0.011,0.011
08.04.2021 08:38:55.713 GMT-0500,49.382,49.358000000000004,0.011,0.011
08.04.2021 08:38:55.894 GMT-0500,49.402,49.368,0.011,0.011
08.04.2021 08:38:56.304 GMT-0500,49.403000000000006,49.367,0.011,0.011
08.04.2021 08:38:56.354 GMT-0500,49.412,49.378,0.011,0.011
08.04.2021 08:38:56.458 GMT-0500,49.391999999999996,49.368,0.011,0.011
08.04.2021 08:38:57.086 GMT-0500,49.402,49.368,0.011,0.011
08.04.2021 08:38:57.296 GMT-0500,49.391999999999996,49.368,0.0008,0.011
08.04.2021 08:38:57.593 GMT-0500,49.383,49.367,0.0008,0.011
08.04.2021 08:38:57.921 GMT-0500,49.391999999999996,49.368,0.011,0.011
08.04.2021 08:38:58.934 GMT-0500,49.382,49.368,0.011,0.011
08.04.2021 08:38:59.360 GMT-0500,49.373000000000005,49.367,0.0008,0.0075
08.04.2021 08:38:59.411 GMT-0500,49.372,49.348000000000006,0.011,0.011
08.04.2021 08:38:59.612 GMT-0500,49.362,49.348000000000006,0.011,0.011
08.04.2021 08:38:59.662 GMT-0500,49.363,49.336999999999996,0.011,0.011
08.04.2021 08:39:00.231 GMT-0500,49.372,49.338,0.011,0.011
08.04.2021 08:39:00.473 GMT-0500,49.382,49.358000000000004,0.011,0.011
08.04.2021 08:39:00.523 GMT-0500,49.382,49.358000000000004,0.011,0.011
08.04.2021 08:39:02.071 GMT-0500,49.383,49.347,0.011,0.011
08.04.2021 08:39:02.520 GMT-0500,49.391999999999996,49.368,0.011,0.011
