Local time,Ask,Bid,AskVolume,BidVolume
06.04.2021 08:30:00.056 GMT-0500,53.103,52.907,0.1,0.1
06.04.2021 08:30:00.530 GMT-0500,53.082,52.958000000000006,0.0008,0.075
06.04.2021 08:30:00.580 GMT-0500,53.083000000000006,52.747,0.1,0.1
06.04.2021 08:30:01.116 GMT-0500,53.082,52.958000000000006,0.1,0.0008
06.04.2021 08:30:01.166 GMT-0500,53.073,52.747,0.1,0.1
06.04.2021 08:30:01.265 GMT-0500,53.072,52.948,0.1,0.0008
06.04.2021 08:30:01.412 GMT-0500,53.073,52.747,0.1,0.1
06.04.2021 08:30:01.767 GMT-0500,53.073,52.972,0.1,0.0008
06.04.2021 08:30:01.822 GMT-0500,53.043000000000006,52.747,0.1,0.1
06.04.2021 08:30:01.872 GMT-0500,53.022,52.748000000000005,0.1,0.1
06.04.2021 08:30:01.973 GMT-0500,53.003,52.977,0.1,0.1
06.04.2021 08:30:02.023 GMT-0500,53.012,52.978,0.1,0.1
06.04.2021 08:30:02.074 GMT-0500,53.003,52.977,0.1,0.1
06.04.2021 08:30:02.174 GMT-0500,53.012,52.978,0.1,0.1
06.04.2021 08:30:02.321 GMT-0500,52.992,52.898,0.1,0.1
06.04.2021 08:30:02.372 GMT-0500,52.993,52.967,0.1,0.1
06.04.2021 08:30:02.422 GMT-0500,53.012,52.968,0.1,0.1
06.04.2021 08:30:02.626 GMT-0500,52.993,52.967,0.0008,0.075
06.04.2021 08:30:02.676 GMT-0500,53.012,52.948,0.1,0.1
06.04.2021 08:30:02.900 GMT-0500,52.973000000000006,52.947,0.0008,0.075
06.04.2021 08:30:02.951 GMT-0500,53.012,52.928000000000004,0.1,0.1
06.04.2021 08:30:03.051 GMT-0500,53.012,52.938,0.1,0.1
06.04.2021 08:30:03.179 GMT-0500,53.043000000000006,52.937,0.1,0.1
06.04.2021 08:30:03.229 GMT-0500,53.043000000000006,52.947,0.1,0.1
06.04.2021 08:30:03.674 GMT-0500,52.963,52.947,0.075,0.1
06.04.2021 08:30:03.725 GMT-0500,52.973000000000006,52.947,0.1,0.1
06.04.2021 08:30:03.918 GMT-0500,52.961999999999996,52.928000000000004,0.1,0.1
06.04.2021 08:30:03.969 GMT-0500,53.042,52.948,0.1,0.1
06.04.2021 08:30:04.030 GMT-0500,52.978,52.948,0.075,0.1
06.04.2021 08:30:04.632 GMT-0500,52.972,52.938,0.1,0.1
06.04.2021 08:30:04.694 GMT-0500,52.973000000000006,52.827,0.1,0.1
06.04.2021 08:30:04.744 GMT-0500,53.043000000000006,52.937,0.1,0.1
06.04.2021 08:30:04.847 GMT-0500,52.982,52.948,0.0008,0.0008
06.04.2021 08:30:04.955 GMT-0500,52.973000000000006,52.947,0.075,0.1
06.04.2021 08:30:05.005 GMT-0500,52.982,52.948,0.1,0.1
06.04.2021 08:30:05.113 GMT-0500,52.983000000000004,52.927,0.1,0.1
06.04.2021 08:30:05.163 GMT-0500,52.973000000000006,52.927,0.1,0.1
06.04.2021 08:30:05.213 GMT-0500,52.952,52.828,0.1,0.1
06.04.2021 08:30:05.264 GMT-0500,52.973000000000006,52.927,0.1,0.1
06.04.2021 08:30:06.208 GMT-0500,52.961999999999996,52.928000000000004,0.1,0.1
06.04.2021 08:30:06.499 GMT-0500,52.983000000000004,52.927,0.1,0.1
06.04.2021 08:30:06.642 GMT-0500,52.963,52.917,0.0008,0.1
06.04.2021 08:30:06.743 GMT-0500,52.972,52.918000000000006,0.1,0.1
06.04.2021 08:30:06.843 GMT-0500,52.983000000000004,52.917,0.1,0.1
06.04.2021 08:30:06.894 GMT-0500,52.961999999999996,52.918000000000006,0.0008,0.1
06.04.2021 08:30:07.286 GMT-0500,52.952,52.918000000000006,0.075,0.1
06.04.2021 08:30:07.883 GMT-0500,52.952,52.898,0.1,0.1
06.04.2021 08:30:08.126 GMT-0500,52.953,52.917,0.1,0.0008
06.04.2021 08:30:08.916 GMT-0500,52.953,52.907,0.1,0.1
06.04.2021 08:30:09.004 GMT-0500,52.953,52.917,0.1,0.0008
06.04.2021 08:30:09.120 GMT-0500,52.942,52.908,0.1,0.1
06.04.2021 08:30:09.381 GMT-0500,52.943000000000005,52.917,0.075,0.1
06.04.2021 08:30:10.092 GMT-0500,52.942,52.888000000000005,0.1,0.1
06.04.2021 08:30:10.142 GMT-0500,52.943000000000005,52.927,0.1,0.1
06.04.2021 08:30:10.360 GMT-0500,52.942,52.938,0.075,0.0008
06.04.2021 08:30:10.410 GMT-0500,52.952,52.918000000000006,0.1,0.1
06.04.2021 08:30:10.461 GMT-0500,52.953,52.927,0.1,0.1
06.04.2021 08:30:11.550 GMT-0500,52.933,52.907,0.1,0.1
06.04.2021 08:30:11.601 GMT-0500,52.943000000000005,52.907,0.1,0.1
06.04.2021 08:30:11.730 GMT-0500,52.932,52.898,0.1,0.1
06.04.2021 08:30:11.896 GMT-0500,52.932,52.908,0.075,0.0008
06.04.2021 08:30:11.946 GMT-0500,52.942,52.898,0.1,0.1
06.04.2021 08:30:13.016 GMT-0500,52.933,52.907,0.0008,0.0008
06.04.2021 08:30:13.321 GMT-0500,52.943000000000005,52.907,0.1,0.1
06.04.2021 08:30:13.431 GMT-0500,52.933,52.907,0.075,0.0008
06.04.2021 08:30:13.481 GMT-0500,52.942,52.898,0.1,0.1
06.04.2021 08:30:14.333 GMT-0500,52.922,52.898,0.0008,0.075
06.04.2021 08:30:14.700 GMT-0500,52.932,52.898,0.1,0.1
06.04.2021 08:30:14.759 GMT-0500,52.942,52.898,0.1,0.1
06.04.2021 08:30:15.135 GMT-0500,52.942,52.908,0.0008,0.075
06.04.2021 08:30:15.185 GMT-0500,52.961999999999996,52.908,0.1,0.1
06.04.2021 08:30:15.325 GMT-0500,52.942,52.908,0.075,0.1
06.04.2021 08:30:15.375 GMT-0500,52.963,52.907,0.1,0.1
06.04.2021 08:30:15.426 GMT-0500,52.963,52.897,0.1,0.1
06.04.2021 08:30:15.526 GMT-0500,52.963,52.887,0.1,0.1
06.04.2021 08:30:15.577 GMT-0500,52.963,52.897,0.1,0.1
06.04.2021 08:30:15.631 GMT-0500,52.963,52.887,0.1,0.1
06.04.2021 08:30:15.688 GMT-0500,52.942,52.908,0.075,0.075
06.04.2021 08:30:15.738 GMT-0500,52.963,52.897,0.1,0.1
06.04.2021 08:30:16.117 GMT-0500,52.961999999999996,52.908,0.1,0.1
06.04.2021 08:30:16.218 GMT-0500,52.961999999999996,52.888000000000005,0.1,0.1
06.04.2021 08:30:16.308 GMT-0500,52.961999999999996,52.898,0.1,0.075
06.04.2021 08:30:16.358 GMT-0500,52.961999999999996,52.888000000000005,0.1,0.1
06.04.2021 08:30:16.410 GMT-0500,52.963,52.907,0.1,0.1
06.04.2021 08:30:18.008 GMT-0500,52.933,52.907,0.075,0.1
06.04.2021 08:30:20.089 GMT-0500,52.943000000000005,52.907,0.1,0.1
06.04.2021 08:30:22.051 GMT-0500,52.933,52.907,0.075,0.1
06.04.2021 08:30:22.516 GMT-0500,52.932,52.918000000000006,0.1,0.0008
06.04.2021 08:30:22.566 GMT-0500,52.952,52.938,0.1,0.1
06.04.2021 08:30:22.624 GMT-0500,52.953,52.927,0.1,0.1
06.04.2021 08:30:22.858 GMT-0500,52.953,52.937,0.0008,0.075
06.04.2021 08:30:22.909 GMT-0500,52.982,52.938,0.1,0.1
06.04.2021 08:30:23.454 GMT-0500,52.982,52.928000000000004,0.1,0.1
06.04.2021 08:30:24.111 GMT-0500,52.973000000000006,52.927,0.075,0.1
06.04.2021 08:30:24.227 GMT-0500,52.961999999999996,52.928000000000004,0.0008,0.1
06.04.2021 08:30:24.278 GMT-0500,52.983000000000004,52.927,0.1,0.1
06.04.2021 08:30:24.605 GMT-0500,52.973000000000006,52.927,0.0008,0.1
06.04.2021 08:30:25.280 GMT-0500,52.952,52.928000000000004,0.075,0.1
06.04.2021 08:30:25.708 GMT-0500,52.953,52.937,0.1,0.075
06.04.2021 08:30:25.759 GMT-0500,52.973000000000006,52.937,0.1,0.1
06.04.2021 08:30:26.302 GMT-0500,52.983000000000004,52.947,0.1,0.1
06.04.2021 08:30:26.408 GMT-0500,52.982,52.938,0.1,0.1
06.04.2021 08:30:26.458 GMT-0500,52.973000000000006,52.937,0.1,0.1
06.04.2021 08:30:26.508 GMT-0500,52.982,52.938,0.1,0.1
06.04.2021 08:30:26.992 GMT-0500,52.982,52.948,0.1,0.075
06.04.2021 08:30:28.611 GMT-0500,52.963,52.947,0.075,0.0008
06.04.2021 08:30:29.066 GMT-0500,52.952,52.938,0.1,0.1
06.04.2021 08:30:29.260 GMT-0500,52.952,52.928000000000004,0.1,0.1
06.04.2021 08:30:30.094 GMT-0500,52.942,52.928000000000004,0.0008,0.075
06.04.2021 08:30:30.144 GMT-0500,52.942,52.918000000000006,0.1,0.1
06.04.2021 08:30:30.943 GMT-0500,52.942,52.908,0.1,0.1
06.04.2021 08:30:31.380 GMT-0500,52.933,52.907,0.075,0.0008
06.04.2021 08:30:31.430 GMT-0500,52.933,52.897,0.1,0.1
06.04.2021 08:30:32.921 GMT-0500,52.942,52.898,0.1,0.1
06.04.2021 08:30:33.018 GMT-0500,52.932,52.898,0.0008,0.1
06.04.2021 08:30:33.068 GMT-0500,52.942,52.898,0.1,0.1
06.04.2021 08:30:34.228 GMT-0500,52.942,52.908,0.1,0.0008
06.04.2021 08:30:35.035 GMT-0500,52.942,52.935,0.0008,0.075
06.04.2021 08:30:35.085 GMT-0500,52.963,52.917,0.1,0.1
06.04.2021 08:30:37.392 GMT-0500,52.953,52.917,0.075,0.1
06.04.2021 08:30:37.783 GMT-0500,52.942,52.918000000000006,0.1,0.1
06.04.2021 08:30:40.086 GMT-0500,52.943000000000005,52.937,0.075,0.0008
06.04.2021 08:30:40.137 GMT-0500,52.953,52.927,0.1,0.1
06.04.2021 08:30:45.090 GMT-0500,52.952,52.938,0.075,0.0008
06.04.2021 08:30:45.140 GMT-0500,52.973000000000006,52.937,0.1,0.1
06.04.2021 08:30:45.460 GMT-0500,52.973000000000006,52.947,0.0008,0.075
06.04.2021 08:30:45.510 GMT-0500,52.983000000000004,52.947,0.1,0.1
06.04.2021 08:30:46.255 GMT-0500,52.982,52.977,0.0008,0.075
06.04.2021 08:30:46.306 GMT-0500,53.003,52.967,0.1,0.1
06.04.2021 08:30:46.356 GMT-0500,52.992,52.958000000000006,0.1,0.1
06.04.2021 08:30:48.566 GMT-0500,52.992,52.968,0.075,0.0008
06.04.2021 08:30:48.716 GMT-0500,53.012,52.978,0.1,0.1
06.04.2021 08:30:49.627 GMT-0500,53.003,52.977,0.075,0.1
06.04.2021 08:30:49.677 GMT-0500,53.012,52.978,0.1,0.1
06.04.2021 08:30:50.076 GMT-0500,53.002,52.978,0.0008,0.075
06.04.2021 08:30:50.126 GMT-0500,53.002,52.968,0.1,0.1
06.04.2021 08:30:50.720 GMT-0500,52.982,52.968,0.075,0.0008
06.04.2021 08:30:50.770 GMT-0500,52.992,52.958000000000006,0.1,0.1
06.04.2021 08:30:50.862 GMT-0500,52.983000000000004,52.957,0.075,0.1
06.04.2021 08:30:50.912 GMT-0500,52.992,52.958000000000006,0.1,0.1
06.04.2021 08:30:53.539 GMT-0500,52.982,52.958000000000006,0.1,0.1
06.04.2021 08:30:53.836 GMT-0500,52.993,52.957,0.1,0.1
06.04.2021 08:30:55.074 GMT-0500,52.982,52.958000000000006,0.1,0.1
06.04.2021 08:30:55.125 GMT-0500,52.992,52.958000000000006,0.1,0.1
06.04.2021 08:30:55.372 GMT-0500,52.983000000000004,52.957,0.075,0.1
06.04.2021 08:30:56.408 GMT-0500,52.983000000000004,52.947,0.1,0.1
06.04.2021 08:30:57.477 GMT-0500,52.983000000000004,52.957,0.1,0.075
06.04.2021 08:30:58.347 GMT-0500,52.983000000000004,52.947,0.1,0.1
06.04.2021 08:30:59.421 GMT-0500,52.983000000000004,52.967,0.075,0.0008
06.04.2021 08:30:59.472 GMT-0500,52.993,52.967,0.1,0.1
06.04.2021 08:31:00.082 GMT-0500,52.982,52.958000000000006,0.1,0.1
06.04.2021 08:31:00.132 GMT-0500,52.983000000000004,52.947,0.1,0.1
06.04.2021 08:31:00.867 GMT-0500,52.973000000000006,52.947,0.0008,0.1
06.04.2021 08:31:01.267 GMT-0500,52.982,52.958000000000006,0.0008,0.1
06.04.2021 08:31:01.317 GMT-0500,52.992,52.958000000000006,0.1,0.1
06.04.2021 08:31:01.605 GMT-0500,52.982,52.958000000000006,0.0008,0.1
06.04.2021 08:31:03.408 GMT-0500,52.983000000000004,52.947,0.1,0.1
06.04.2021 08:31:03.515 GMT-0500,52.961999999999996,52.948,0.075,0.0008
06.04.2021 08:31:03.565 GMT-0500,52.983000000000004,52.947,0.1,0.1
06.04.2021 08:31:03.676 GMT-0500,52.973000000000006,52.947,0.075,0.1
06.04.2021 08:31:03.726 GMT-0500,52.972,52.938,0.1,0.1
06.04.2021 08:31:04.407 GMT-0500,52.973000000000006,52.947,0.075,0.0008
06.04.2021 08:31:04.458 GMT-0500,52.982,52.948,0.1,0.1
06.04.2021 08:31:04.594 GMT-0500,52.973000000000006,52.947,0.0008,0.1
06.04.2021 08:31:05.026 GMT-0500,52.973000000000006,52.957,0.1,0.1
06.04.2021 08:31:05.077 GMT-0500,52.982,52.958000000000006,0.1,0.1
06.04.2021 08:31:05.344 GMT-0500,52.982,52.948,0.1,0.1
06.04.2021 08:31:07.441 GMT-0500,52.972,52.948,0.1,0.1
06.04.2021 08:31:07.491 GMT-0500,52.982,52.948,0.1,0.1
06.04.2021 08:31:08.834 GMT-0500,52.972,52.948,0.0008,0.1
06.04.2021 08:31:13.026 GMT-0500,52.973000000000006,52.957,0.1,0.0008
06.04.2021 08:31:13.127 GMT-0500,52.982,52.948,0.1,0.1
06.04.2021 08:31:15.241 GMT-0500,52.973000000000006,52.947,0.1,0.1
06.04.2021 08:31:17.178 GMT-0500,52.972,52.958000000000006,0.075,0.0008
06.04.2021 08:31:17.228 GMT-0500,52.992,52.958000000000006,0.1,0.1
06.04.2021 08:31:19.481 GMT-0500,52.983000000000004,52.957,0.0008,0.1
06.04.2021 08:31:19.531 GMT-0500,52.993,52.957,0.1,0.1
06.04.2021 08:31:19.983 GMT-0500,52.982,52.958000000000006,0.1,0.1
06.04.2021 08:31:20.033 GMT-0500,52.993,52.957,0.1,0.1
06.04.2021 08:31:20.084 GMT-0500,52.993,52.967,0.1,0.1
06.04.2021 08:31:20.134 GMT-0500,53.002,52.968,0.1,0.1
06.04.2021 08:31:20.192 GMT-0500,52.993,52.967,0.0008,0.1
06.04.2021 08:31:21.258 GMT-0500,52.993,52.977,0.1,0.1
06.04.2021 08:31:24.859 GMT-0500,52.992,52.968,0.1,0.1
06.04.2021 08:31:25.026 GMT-0500,52.982,52.968,0.0008,0.1
06.04.2021 08:31:25.076 GMT-0500,52.993,52.967,0.1,0.1
06.04.2021 08:31:25.337 GMT-0500,52.983000000000004,52.967,0.1,0.1
06.04.2021 08:31:25.442 GMT-0500,52.983000000000004,52.957,0.1,0.1
06.04.2021 08:31:29.474 GMT-0500,52.983000000000004,52.947,0.1,0.1
06.04.2021 08:31:30.085 GMT-0500,52.972,52.948,0.075,0.1
06.04.2021 08:31:30.186 GMT-0500,52.963,52.937,0.1,0.1
06.04.2021 08:31:32.756 GMT-0500,52.953,52.937,0.075,0.1
06.04.2021 08:31:32.806 GMT-0500,52.952,52.928000000000004,0.1,0.1
06.04.2021 08:31:32.856 GMT-0500,52.942,52.928000000000004,0.1,0.1
06.04.2021 08:31:32.957 GMT-0500,52.952,52.928000000000004,0.1,0.1
06.04.2021 08:31:35.057 GMT-0500,52.953,52.937,0.0008,0.075
06.04.2021 08:31:35.178 GMT-0500,52.943000000000005,52.927,0.1,0.1
06.04.2021 08:31:35.339 GMT-0500,52.943000000000005,52.917,0.1,0.1
06.04.2021 08:31:36.997 GMT-0500,52.933,52.917,0.075,0.0008
06.04.2021 08:31:37.048 GMT-0500,52.932,52.908,0.1,0.1
06.04.2021 08:31:37.098 GMT-0500,52.933,52.917,0.1,0.1
06.04.2021 08:31:37.148 GMT-0500,52.933,52.907,0.1,0.1
06.04.2021 08:31:37.199 GMT-0500,52.932,52.918000000000006,0.1,0.1
06.04.2021 08:31:37.389 GMT-0500,52.933,52.907,0.1,0.1
06.04.2021 08:31:40.075 GMT-0500,52.922,52.908,0.1,0.1
06.04.2021 08:31:40.405 GMT-0500,52.922,52.898,0.1,0.1
06.04.2021 08:31:40.795 GMT-0500,52.922,52.908,0.1,0.075
06.04.2021 08:31:41.265 GMT-0500,52.923,52.897,0.1,0.1
06.04.2021 08:31:42.932 GMT-0500,52.923,52.907,0.1,0.0008
06.04.2021 08:31:42.983 GMT-0500,52.923,52.897,0.1,0.1
06.04.2021 08:31:43.071 GMT-0500,52.922,52.908,0.1,0.1
06.04.2021 08:31:43.381 GMT-0500,52.923,52.897,0.1,0.1
06.04.2021 08:31:43.917 GMT-0500,52.913000000000004,52.887,0.1,0.1
06.04.2021 08:31:43.968 GMT-0500,52.922,52.888000000000005,0.1,0.1
06.04.2021 08:31:44.031 GMT-0500,52.912,52.898,0.0008,0.0008
06.04.2021 08:31:44.745 GMT-0500,52.912,52.888000000000005,0.1,0.1
06.04.2021 08:31:44.951 GMT-0500,52.923,52.897,0.1,0.1
06.04.2021 08:31:45.101 GMT-0500,52.952,52.918000000000006,0.1,0.1
06.04.2021 08:31:47.307 GMT-0500,52.942,52.918000000000006,0.0008,0.1
06.04.2021 08:31:47.431 GMT-0500,52.933,52.907,0.1,0.1
06.04.2021 08:31:48.203 GMT-0500,52.932,52.898,0.1,0.1
06.04.2021 08:31:48.955 GMT-0500,52.922,52.898,0.075,0.1
06.04.2021 08:31:49.005 GMT-0500,52.932,52.898,0.1,0.1
06.04.2021 08:31:50.018 GMT-0500,52.932,52.908,0.1,0.0008
06.04.2021 08:31:50.119 GMT-0500,52.923,52.897,0.1,0.1
06.04.2021 08:31:50.169 GMT-0500,52.933,52.897,0.1,0.1
06.04.2021 08:31:50.226 GMT-0500,52.923,52.897,0.075,0.1
06.04.2021 08:31:52.252 GMT-0500,52.923,52.907,0.1,0.1
06.04.2021 08:31:52.404 GMT-0500,52.922,52.898,0.1,0.1
06.04.2021 08:31:55.381 GMT-0500,52.922,52.888000000000005,0.1,0.1
06.04.2021 08:31:55.431 GMT-0500,52.912,52.888000000000005,0.1,0.1
06.04.2021 08:31:55.481 GMT-0500,52.923,52.887,0.1,0.1
06.04.2021 08:31:55.532 GMT-0500,52.933,52.897,0.1,0.1
06.04.2021 08:31:57.927 GMT-0500,52.912,52.898,0.075,0.0008
06.04.2021 08:31:57.977 GMT-0500,52.912,52.888000000000005,0.1,0.1
06.04.2021 08:31:58.315 GMT-0500,52.923,52.887,0.1,0.1
06.04.2021 08:31:58.686 GMT-0500,52.913000000000004,52.887,0.0008,0.1
06.04.2021 08:31:59.022 GMT-0500,52.913000000000004,52.897,0.1,0.0008
06.04.2021 08:31:59.072 GMT-0500,52.933,52.907,0.1,0.1
06.04.2021 08:31:59.123 GMT-0500,52.923,52.897,0.1,0.1
06.04.2021 08:31:59.416 GMT-0500,52.933,52.897,0.1,0.1
06.04.2021 08:31:59.466 GMT-0500,52.923,52.897,0.1,0.1
06.04.2021 08:31:59.777 GMT-0500,52.922,52.888000000000005,0.1,0.1
06.04.2021 08:31:59.917 GMT-0500,52.923,52.897,0.1,0.075
06.04.2021 08:32:00.147 GMT-0500,52.912,52.898,0.075,0.1
06.04.2021 08:32:00.247 GMT-0500,52.922,52.898,0.1,0.1
06.04.2021 08:32:00.419 GMT-0500,52.923,52.887,0.1,0.1
06.04.2021 08:32:00.815 GMT-0500,52.922,52.898,0.1,0.0008
06.04.2021 08:32:01.320 GMT-0500,52.923,52.887,0.1,0.1
06.04.2021 08:32:01.552 GMT-0500,52.922,52.898,0.1,0.075
06.04.2021 08:32:03.550 GMT-0500,52.912,52.898,0.1,0.1
06.04.2021 08:32:04.865 GMT-0500,52.933,52.907,0.1,0.1
06.04.2021 08:32:04.917 GMT-0500,52.943000000000005,52.917,0.1,0.1
06.04.2021 08:32:06.729 GMT-0500,52.933,52.917,0.0008,0.1
06.04.2021 08:32:07.367 GMT-0500,52.933,52.927,0.0008,0.075
06.04.2021 08:32:07.418 GMT-0500,52.952,52.928000000000004,0.1,0.1
06.04.2021 08:32:07.468 GMT-0500,52.943000000000005,52.927,0.1,0.1
06.04.2021 08:32:09.189 GMT-0500,52.963,52.937,0.1,0.1
06.04.2021 08:32:10.113 GMT-0500,52.972,52.938,0.1,0.1
06.04.2021 08:32:10.301 GMT-0500,52.961999999999996,52.938,0.075,0.1
06.04.2021 08:32:10.535 GMT-0500,52.972,52.938,0.1,0.1
06.04.2021 08:32:10.737 GMT-0500,52.963,52.937,0.0008,0.1
06.04.2021 08:32:11.779 GMT-0500,52.963,52.927,0.1,0.1
06.04.2021 08:32:11.954 GMT-0500,52.961999999999996,52.938,0.1,0.075
06.04.2021 08:32:13.744 GMT-0500,52.952,52.938,0.1,0.1
06.04.2021 08:32:13.845 GMT-0500,52.952,52.928000000000004,0.1,0.1
06.04.2021 08:32:14.436 GMT-0500,52.961999999999996,52.938,0.1,0.1
06.04.2021 08:32:14.537 GMT-0500,52.963,52.947,0.1,0.1
06.04.2021 08:32:15.236 GMT-0500,52.963,52.957,0.075,0.0008
06.04.2021 08:32:15.287 GMT-0500,52.982,52.948,0.1,0.1
06.04.2021 08:32:15.337 GMT-0500,52.993,52.957,0.1,0.1
06.04.2021 08:32:16.398 GMT-0500,52.982,52.958000000000006,0.0008,0.1
06.04.2021 08:32:16.584 GMT-0500,52.993,52.967,0.1,0.1
06.04.2021 08:32:16.754 GMT-0500,52.993,52.977,0.1,0.1
06.04.2021 08:32:16.855 GMT-0500,52.983000000000004,52.967,0.1,0.1
06.04.2021 08:32:17.046 GMT-0500,52.973000000000006,52.947,0.1,0.1
06.04.2021 08:32:17.097 GMT-0500,52.983000000000004,52.957,0.1,0.1
06.04.2021 08:32:18.169 GMT-0500,52.973000000000006,52.957,0.1,0.1
06.04.2021 08:32:18.353 GMT-0500,52.983000000000004,52.957,0.1,0.1
06.04.2021 08:32:20.959 GMT-0500,52.983000000000004,52.967,0.1,0.075
06.04.2021 08:32:23.679 GMT-0500,52.982,52.958000000000006,0.1,0.1
06.04.2021 08:32:24.066 GMT-0500,52.983000000000004,52.967,0.1,0.1
06.04.2021 08:32:24.467 GMT-0500,52.993,52.967,0.1,0.1
06.04.2021 08:32:25.469 GMT-0500,52.993,52.957,0.1,0.1
06.04.2021 08:32:26.167 GMT-0500,52.992,52.978,0.0008,0.075
06.04.2021 08:32:26.217 GMT-0500,53.003,52.977,0.1,0.1
06.04.2021 08:32:32.108 GMT-0500,53.012,52.998000000000005,0.1,0.1
06.04.2021 08:32:32.159 GMT-0500,53.033,53.007,0.1,0.1
06.04.2021 08:32:32.393 GMT-0500,53.022,53.008,0.0008,0.1
06.04.2021 08:32:32.636 GMT-0500,53.043000000000006,53.016999999999996,0.1,0.1
06.04.2021 08:32:32.686 GMT-0500,53.033,53.016999999999996,0.1,0.1
06.04.2021 08:32:33.001 GMT-0500,53.033,53.007,0.1,0.1
06.04.2021 08:32:33.051 GMT-0500,53.023,52.997,0.1,0.1
06.04.2021 08:32:35.095 GMT-0500,53.032,52.998000000000005,0.1,0.1
06.04.2021 08:32:35.146 GMT-0500,53.032,53.018,0.1,0.075
06.04.2021 08:32:35.196 GMT-0500,53.032,53.008,0.1,0.1
06.04.2021 08:32:35.272 GMT-0500,53.023,53.007,0.075,0.1
06.04.2021 08:32:35.422 GMT-0500,53.032,53.008,0.1,0.1
06.04.2021 08:32:36.100 GMT-0500,53.042,53.008,0.1,0.1
06.04.2021 08:32:36.950 GMT-0500,53.043000000000006,53.016999999999996,0.1,0.1
06.04.2021 08:32:37.001 GMT-0500,53.043000000000006,53.007,0.1,0.1
06.04.2021 08:32:37.110 GMT-0500,53.033,53.007,0.0008,0.1
06.04.2021 08:32:37.161 GMT-0500,53.042,53.008,0.1,0.1
06.04.2021 08:32:37.296 GMT-0500,53.042,53.028000000000006,0.1,0.1
06.04.2021 08:32:37.346 GMT-0500,53.042,53.018,0.1,0.1
06.04.2021 08:32:37.532 GMT-0500,53.042,53.028000000000006,0.075,0.0008
06.04.2021 08:32:37.583 GMT-0500,53.053000000000004,53.027,0.1,0.1
06.04.2021 08:32:37.849 GMT-0500,53.042,53.028000000000006,0.1,0.1
06.04.2021 08:32:38.282 GMT-0500,53.032,53.008,0.1,0.1
06.04.2021 08:32:38.333 GMT-0500,53.042,53.018,0.1,0.1
06.04.2021 08:32:38.620 GMT-0500,53.052,53.018,0.1,0.1
06.04.2021 08:32:38.806 GMT-0500,53.043000000000006,53.016999999999996,0.0008,0.1
06.04.2021 08:32:40.072 GMT-0500,53.033,53.016999999999996,0.075,0.1
06.04.2021 08:32:41.481 GMT-0500,53.042,53.018,0.1,0.1
06.04.2021 08:32:41.532 GMT-0500,53.032,53.018,0.1,0.1
06.04.2021 08:32:41.723 GMT-0500,53.033,53.027,0.0008,0.075
06.04.2021 08:32:41.773 GMT-0500,53.042,53.018,0.1,0.1
06.04.2021 08:32:42.447 GMT-0500,53.043000000000006,53.027,0.1,0.0008
06.04.2021 08:32:43.777 GMT-0500,53.043000000000006,53.016999999999996,0.1,0.1
06.04.2021 08:32:43.954 GMT-0500,53.042,53.037,0.075,0.0008
06.04.2021 08:32:44.005 GMT-0500,53.053000000000004,53.027,0.1,0.1
06.04.2021 08:32:44.909 GMT-0500,53.042,53.018,0.1,0.1
06.04.2021 08:32:45.051 GMT-0500,53.043000000000006,53.027,0.1,0.075
06.04.2021 08:32:46.334 GMT-0500,53.033,53.016999999999996,0.1,0.1
06.04.2021 08:32:46.484 GMT-0500,53.043000000000006,53.027,0.1,0.1
06.04.2021 08:32:48.785 GMT-0500,53.042,53.018,0.1,0.1
06.04.2021 08:32:48.878 GMT-0500,53.032,53.018,0.1,0.1
06.04.2021 08:32:53.803 GMT-0500,53.033,53.027,0.0008,0.075
06.04.2021 08:32:53.853 GMT-0500,53.042,53.028000000000006,0.1,0.1
06.04.2021 08:32:54.514 GMT-0500,53.052,53.028000000000006,0.1,0.1
06.04.2021 08:32:54.604 GMT-0500,53.042,53.028000000000006,0.075,0.1
06.04.2021 08:32:55.055 GMT-0500,53.032,53.028000000000006,0.0008,0.075
06.04.2021 08:32:55.106 GMT-0500,53.042,53.018,0.1,0.1
06.04.2021 08:32:59.596 GMT-0500,53.033,53.016999999999996,0.075,0.0008
06.04.2021 08:32:59.771 GMT-0500,53.022,53.008,0.1,0.1
06.04.2021 08:33:00.138 GMT-0500,53.033,53.007,0.1,0.1
06.04.2021 08:33:00.188 GMT-0500,53.033,53.016999999999996,0.1,0.1
06.04.2021 08:33:00.338 GMT-0500,53.032,53.008,0.1,0.1
06.04.2021 08:33:01.787 GMT-0500,53.023,53.007,0.0008,0.075
06.04.2021 08:33:01.888 GMT-0500,53.022,52.998000000000005,0.1,0.1
06.04.2021 08:33:06.021 GMT-0500,53.013000000000005,52.997,0.0008,0.1
06.04.2021 08:33:07.482 GMT-0500,53.022,52.998000000000005,0.1,0.1
06.04.2021 08:33:08.416 GMT-0500,53.013000000000005,52.997,0.0008,0.1
06.04.2021 08:33:08.622 GMT-0500,53.002,52.988,0.1,0.1
06.04.2021 08:33:08.673 GMT-0500,53.002,52.978,0.1,0.1
06.04.2021 08:33:09.926 GMT-0500,53.003,52.967,0.1,0.1
06.04.2021 08:33:11.064 GMT-0500,53.003,52.977,0.1,0.1
06.04.2021 08:33:11.165 GMT-0500,53.013000000000005,52.997,0.1,0.1
06.04.2021 08:33:11.388 GMT-0500,53.013000000000005,52.987,0.1,0.1
06.04.2021 08:33:11.441 GMT-0500,53.003,52.987,0.1,0.1
06.04.2021 08:33:11.801 GMT-0500,53.002,52.978,0.1,0.1
06.04.2021 08:33:11.950 GMT-0500,53.003,52.967,0.1,0.1
06.04.2021 08:33:12.511 GMT-0500,53.003,52.977,0.1,0.0008
06.04.2021 08:33:12.561 GMT-0500,53.003,52.967,0.1,0.1
06.04.2021 08:33:12.914 GMT-0500,53.002,52.978,0.1,0.1
06.04.2021 08:33:13.168 GMT-0500,53.002,52.968,0.1,0.1
06.04.2021 08:33:14.470 GMT-0500,53.002,52.978,0.1,0.1
06.04.2021 08:33:15.002 GMT-0500,53.002,52.968,0.1,0.1
06.04.2021 08:33:15.280 GMT-0500,53.002,52.978,0.1,0.1
06.04.2021 08:33:15.331 GMT-0500,53.002,52.968,0.1,0.1
06.04.2021 08:33:15.680 GMT-0500,53.002,52.978,0.1,0.0008
06.04.2021 08:33:15.831 GMT-0500,53.002,52.968,0.1,0.1
06.04.2021 08:33:15.957 GMT-0500,52.993,52.967,0.0008,0.1
06.04.2021 08:33:16.058 GMT-0500,52.983000000000004,52.967,0.1,0.1
06.04.2021 08:33:16.209 GMT-0500,52.982,52.958000000000006,0.1,0.1
06.04.2021 08:33:16.259 GMT-0500,52.972,52.958000000000006,0.1,0.1
06.04.2021 08:33:16.846 GMT-0500,52.972,52.948,0.1,0.1
06.04.2021 08:33:16.945 GMT-0500,52.972,52.958000000000006,0.1,0.1
06.04.2021 08:33:17.424 GMT-0500,52.972,52.948,0.1,0.1
06.04.2021 08:33:18.096 GMT-0500,52.972,52.958000000000006,0.1,0.0008
06.04.2021 08:33:18.706 GMT-0500,52.973000000000006,52.947,0.1,0.1
06.04.2021 08:33:18.832 GMT-0500,52.972,52.958000000000006,0.1,0.075
06.04.2021 08:33:19.145 GMT-0500,52.972,52.948,0.1,0.1
06.04.2021 08:33:23.171 GMT-0500,52.972,52.958000000000006,0.1,0.1
06.04.2021 08:33:25.005 GMT-0500,52.993,52.967,0.1,0.1
06.04.2021 08:33:25.055 GMT-0500,52.983000000000004,52.957,0.1,0.1
06.04.2021 08:33:25.379 GMT-0500,52.973000000000006,52.957,0.1,0.1
06.04.2021 08:33:32.528 GMT-0500,52.982,52.958000000000006,0.1,0.1
06.04.2021 08:33:32.689 GMT-0500,52.972,52.958000000000006,0.1,0.1
06.04.2021 08:33:33.656 GMT-0500,52.992,52.968,0.1,0.1
06.04.2021 08:33:33.721 GMT-0500,52.982,52.968,0.075,0.1
06.04.2021 08:33:33.843 GMT-0500,52.973000000000006,52.957,0.1,0.1
06.04.2021 08:33:33.894 GMT-0500,52.983000000000004,52.957,0.1,0.1
06.04.2021 08:33:41.363 GMT-0500,52.961999999999996,52.938,0.1,0.1
06.04.2021 08:33:41.531 GMT-0500,52.961999999999996,52.948,0.1,0.1
06.04.2021 08:33:41.906 GMT-0500,52.961999999999996,52.938,0.1,0.1
06.04.2021 08:33:42.251 GMT-0500,52.972,52.948,0.1,0.1
06.04.2021 08:33:43.134 GMT-0500,52.972,52.958000000000006,0.1,0.075
06.04.2021 08:33:43.185 GMT-0500,52.982,52.958000000000006,0.1,0.1
06.04.2021 08:33:43.595 GMT-0500,52.972,52.948,0.1,0.1
06.04.2021 08:33:44.010 GMT-0500,52.973000000000006,52.957,0.0008,0.075
06.04.2021 08:33:46.281 GMT-0500,52.983000000000004,52.967,0.1,0.1
06.04.2021 08:33:46.992 GMT-0500,52.992,52.968,0.1,0.1
06.04.2021 08:33:47.355 GMT-0500,52.993,52.977,0.1,0.0008
06.04.2021 08:33:49.415 GMT-0500,53.003,52.987,0.1,0.1
06.04.2021 08:33:50.644 GMT-0500,53.012,52.988,0.1,0.1
06.04.2021 08:33:53.329 GMT-0500,53.003,52.987,0.1,0.1
06.04.2021 08:33:56.730 GMT-0500,53.012,52.998000000000005,0.1,0.1
06.04.2021 08:33:56.781 GMT-0500,53.012,52.988,0.1,0.1
06.04.2021 08:33:57.142 GMT-0500,53.013000000000005,52.997,0.1,0.1
06.04.2021 08:33:57.327 GMT-0500,53.022,53.008,0.1,0.1
06.04.2021 08:33:57.378 GMT-0500,53.023,52.997,0.1,0.1
06.04.2021 08:33:57.428 GMT-0500,53.013000000000005,52.987,0.1,0.1
06.04.2021 08:33:57.548 GMT-0500,53.012,52.998000000000005,0.1,0.075
06.04.2021 08:34:00.117 GMT-0500,53.002,52.998000000000005,0.075,0.0008
06.04.2021 08:34:00.169 GMT-0500,53.002,52.988,0.1,0.1
06.04.2021 08:34:02.111 GMT-0500,52.983000000000004,52.967,0.1,0.1
06.04.2021 08:34:02.365 GMT-0500,52.983000000000004,52.977,0.0008,0.075
06.04.2021 08:34:02.415 GMT-0500,52.993,52.977,0.1,0.1
06.04.2021 08:34:02.523 GMT-0500,53.002,52.978,0.1,0.1
06.04.2021 08:34:04.601 GMT-0500,52.993,52.977,0.0008,0.1
06.04.2021 08:34:04.651 GMT-0500,52.992,52.968,0.1,0.1
06.04.2021 08:34:05.612 GMT-0500,52.982,52.968,0.0008,0.1
06.04.2021 08:34:05.662 GMT-0500,52.982,52.958000000000006,0.1,0.1
06.04.2021 08:34:07.618 GMT-0500,52.973000000000006,52.957,0.0008,0.075
06.04.2021 08:34:07.669 GMT-0500,52.973000000000006,52.947,0.1,0.1
06.04.2021 08:34:07.719 GMT-0500,52.963,52.947,0.1,0.1
06.04.2021 08:34:10.786 GMT-0500,52.963,52.937,0.1,0.1
06.04.2021 08:34:11.380 GMT-0500,52.953,52.937,0.1,0.1
06.04.2021 08:34:11.430 GMT-0500,52.952,52.928000000000004,0.1,0.1
06.04.2021 08:34:11.481 GMT-0500,52.943000000000005,52.927,0.1,0.1
06.04.2021 08:34:11.531 GMT-0500,52.963,52.937,0.1,0.1
06.04.2021 08:34:12.066 GMT-0500,52.953,52.937,0.1,0.1
06.04.2021 08:34:12.679 GMT-0500,52.963,52.937,0.1,0.1
06.04.2021 08:34:13.821 GMT-0500,52.952,52.928000000000004,0.1,0.1
06.04.2021 08:34:13.991 GMT-0500,52.953,52.937,0.1,0.0008
06.04.2021 08:34:14.092 GMT-0500,52.961999999999996,52.938,0.1,0.1
06.04.2021 08:34:16.443 GMT-0500,52.953,52.937,0.0008,0.1
06.04.2021 08:34:16.493 GMT-0500,52.952,52.928000000000004,0.1,0.1
06.04.2021 08:34:17.879 GMT-0500,52.942,52.918000000000006,0.1,0.1
06.04.2021 08:34:18.224 GMT-0500,52.932,52.918000000000006,0.1,0.1
06.04.2021 08:34:32.947 GMT-0500,52.943000000000005,52.927,0.1,0.1
06.04.2021 08:34:32.997 GMT-0500,52.952,52.928000000000004,0.1,0.1
06.04.2021 08:34:33.147 GMT-0500,52.942,52.928000000000004,0.075,0.1
06.04.2021 08:34:36.346 GMT-0500,52.942,52.938,0.075,0.0008
06.04.2021 08:34:36.396 GMT-0500,52.952,52.938,0.1,0.1
06.04.2021 08:34:40.199 GMT-0500,52.961999999999996,52.938,0.1,0.1
06.04.2021 08:34:42.562 GMT-0500,52.953,52.937,0.1,0.1
06.04.2021 08:34:42.613 GMT-0500,52.953,52.927,0.1,0.1
06.04.2021 08:34:42.823 GMT-0500,52.952,52.938,0.1,0.1
06.04.2021 08:34:42.943 GMT-0500,52.963,52.937,0.1,0.1
06.04.2021 08:34:43.276 GMT-0500,52.961999999999996,52.948,0.075,0.0008
06.04.2021 08:34:43.326 GMT-0500,52.973000000000006,52.947,0.1,0.1
06.04.2021 08:34:43.427 GMT-0500,52.961999999999996,52.948,0.1,0.1
06.04.2021 08:34:44.285 GMT-0500,52.972,52.948,0.1,0.1
06.04.2021 08:34:45.130 GMT-0500,52.953,52.937,0.1,0.1
06.04.2021 08:34:45.928 GMT-0500,52.961999999999996,52.938,0.1,0.1
06.04.2021 08:34:47.593 GMT-0500,52.973000000000006,52.957,0.1,0.1
06.04.2021 08:34:47.644 GMT-0500,52.973000000000006,52.947,0.1,0.1
06.04.2021 08:34:47.902 GMT-0500,52.972,52.958000000000006,0.1,0.075
06.04.2021 08:34:51.390 GMT-0500,52.961999999999996,52.948,0.1,0.1
06.04.2021 08:34:51.611 GMT-0500,52.963,52.937,0.1,0.1
06.04.2021 08:34:51.897 GMT-0500,52.963,52.947,0.1,0.1
06.04.2021 08:34:55.955 GMT-0500,52.963,52.957,0.075,0.0008
06.04.2021 08:34:56.006 GMT-0500,52.983000000000004,52.957,0.1,0.1
06.04.2021 08:34:56.113 GMT-0500,52.972,52.958000000000006,0.1,0.1
06.04.2021 08:34:58.141 GMT-0500,52.983000000000004,52.957,0.1,0.1
06.04.2021 08:35:00.111 GMT-0500,52.972,52.958000000000006,0.1,0.1
06.04.2021 08:35:00.161 GMT-0500,52.972,52.948,0.1,0.1
06.04.2021 08:35:00.944 GMT-0500,52.972,52.958000000000006,0.1,0.0008
06.04.2021 08:35:01.319 GMT-0500,52.963,52.947,0.1,0.1
06.04.2021 08:35:01.437 GMT-0500,52.972,52.948,0.1,0.1
06.04.2021 08:35:02.026 GMT-0500,52.963,52.947,0.075,0.1
06.04.2021 08:35:02.471 GMT-0500,52.972,52.948,0.1,0.1
06.04.2021 08:35:02.931 GMT-0500,52.961999999999996,52.948,0.1,0.1
06.04.2021 08:35:02.982 GMT-0500,52.973000000000006,52.947,0.1,0.1
06.04.2021 08:35:03.032 GMT-0500,52.961999999999996,52.948,0.1,0.1
06.04.2021 08:35:03.366 GMT-0500,52.973000000000006,52.947,0.1,0.1
06.04.2021 08:35:03.962 GMT-0500,52.972,52.958000000000006,0.1,0.0008
06.04.2021 08:35:05.203 GMT-0500,52.963,52.957,0.0008,0.075
06.04.2021 08:35:05.253 GMT-0500,52.972,52.948,0.1,0.1
06.04.2021 08:35:06.317 GMT-0500,52.961999999999996,52.948,0.1,0.1
06.04.2021 08:35:07.167 GMT-0500,52.952,52.948,0.0008,0.075
06.04.2021 08:35:07.218 GMT-0500,52.961999999999996,52.938,0.1,0.1
06.04.2021 08:35:07.683 GMT-0500,52.963,52.947,0.1,0.0008
06.04.2021 08:35:08.280 GMT-0500,52.952,52.938,0.1,0.1
06.04.2021 08:35:09.058 GMT-0500,52.952,52.928000000000004,0.1,0.1
06.04.2021 08:35:09.319 GMT-0500,52.942,52.928000000000004,0.1,0.1
06.04.2021 08:35:11.117 GMT-0500,52.942,52.918000000000006,0.1,0.1
06.04.2021 08:35:11.397 GMT-0500,52.943000000000005,52.927,0.1,0.075
06.04.2021 08:35:12.767 GMT-0500,52.933,52.917,0.1,0.1
06.04.2021 08:35:13.701 GMT-0500,52.933,52.907,0.1,0.1
06.04.2021 08:35:18.680 GMT-0500,52.933,52.917,0.1,0.1
06.04.2021 08:35:19.091 GMT-0500,52.932,52.928000000000004,0.0008,0.075
06.04.2021 08:35:19.141 GMT-0500,52.942,52.928000000000004,0.1,0.1
06.04.2021 08:35:19.380 GMT-0500,52.952,52.938,0.1,0.1
06.04.2021 08:35:23.948 GMT-0500,52.953,52.947,0.075,0.0008
06.04.2021 08:35:23.999 GMT-0500,52.961999999999996,52.948,0.1,0.1
06.04.2021 08:35:24.147 GMT-0500,52.961999999999996,52.938,0.1,0.1
06.04.2021 08:35:24.373 GMT-0500,52.963,52.947,0.1,0.075
06.04.2021 08:35:27.601 GMT-0500,52.953,52.937,0.1,0.1
06.04.2021 08:35:27.966 GMT-0500,52.963,52.937,0.1,0.1
06.04.2021 08:35:29.821 GMT-0500,52.952,52.938,0.0008,0.075
06.04.2021 08:35:29.871 GMT-0500,52.952,52.928000000000004,0.1,0.1
06.04.2021 08:35:30.188 GMT-0500,52.943000000000005,52.927,0.0008,0.1
06.04.2021 08:35:30.238 GMT-0500,52.933,52.907,0.1,0.1
06.04.2021 08:35:30.356 GMT-0500,52.922,52.898,0.1,0.1
06.04.2021 08:35:30.587 GMT-0500,52.932,52.908,0.1,0.1
06.04.2021 08:35:30.638 GMT-0500,52.943000000000005,52.897,0.1,0.1
06.04.2021 08:35:31.092 GMT-0500,52.933,52.897,0.0008,0.1
06.04.2021 08:35:31.142 GMT-0500,52.943000000000005,52.897,0.1,0.1
06.04.2021 08:35:31.418 GMT-0500,52.933,52.897,0.075,0.1
06.04.2021 08:35:31.469 GMT-0500,52.943000000000005,52.897,0.1,0.1
06.04.2021 08:35:31.531 GMT-0500,52.932,52.898,0.075,0.1
06.04.2021 08:35:33.851 GMT-0500,52.933,52.907,0.1,0.1
06.04.2021 08:35:34.355 GMT-0500,52.933,52.897,0.1,0.1
06.04.2021 08:35:35.022 GMT-0500,52.922,52.908,0.1,0.1
06.04.2021 08:35:35.072 GMT-0500,52.933,52.907,0.1,0.1
06.04.2021 08:35:36.067 GMT-0500,52.943000000000005,52.917,0.1,0.1
06.04.2021 08:35:39.943 GMT-0500,52.943000000000005,52.927,0.1,0.075
06.04.2021 08:35:41.591 GMT-0500,52.961999999999996,52.938,0.1,0.1
06.04.2021 08:35:41.743 GMT-0500,52.953,52.927,0.1,0.1
06.04.2021 08:35:42.696 GMT-0500,52.963,52.937,0.1,0.1
06.04.2021 08:35:43.982 GMT-0500,52.961999999999996,52.948,0.1,0.0008
06.04.2021 08:35:44.082 GMT-0500,52.961999999999996,52.938,0.1,0.1
06.04.2021 08:35:44.380 GMT-0500,52.961999999999996,52.948,0.1,0.1
06.04.2021 08:35:44.555 GMT-0500,52.963,52.957,0.075,0.0008
06.04.2021 08:35:44.605 GMT-0500,52.972,52.958000000000006,0.1,0.1
06.04.2021 08:35:44.974 GMT-0500,52.961999999999996,52.948,0.1,0.1
06.04.2021 08:35:45.434 GMT-0500,52.972,52.958000000000006,0.1,0.1
06.04.2021 08:35:47.485 GMT-0500,52.973000000000006,52.947,0.1,0.1
06.04.2021 08:35:48.530 GMT-0500,52.982,52.958000000000006,0.1,0.1
06.04.2021 08:35:51.061 GMT-0500,52.973000000000006,52.957,0.075,0.1
06.04.2021 08:35:53.064 GMT-0500,52.972,52.948,0.1,0.1
06.04.2021 08:35:53.238 GMT-0500,52.972,52.958000000000006,0.1,0.1
06.04.2021 08:35:55.412 GMT-0500,52.961999999999996,52.958000000000006,0.0008,0.075
06.04.2021 08:35:55.462 GMT-0500,52.963,52.947,0.1,0.1
06.04.2021 08:35:56.385 GMT-0500,52.972,52.958000000000006,0.1,0.1
06.04.2021 08:35:57.871 GMT-0500,52.972,52.948,0.1,0.1
06.04.2021 08:35:58.394 GMT-0500,52.963,52.947,0.0008,0.1
06.04.2021 08:35:59.194 GMT-0500,52.953,52.927,0.1,0.1
06.04.2021 08:35:59.408 GMT-0500,52.943000000000005,52.927,0.1,0.1
06.04.2021 08:35:59.524 GMT-0500,52.952,52.928000000000004,0.1,0.1
06.04.2021 08:35:59.870 GMT-0500,52.943000000000005,52.927,0.0008,0.1
06.04.2021 08:35:59.920 GMT-0500,52.942,52.918000000000006,0.1,0.1
06.04.2021 08:36:00.182 GMT-0500,52.942,52.928000000000004,0.1,0.1
06.04.2021 08:36:02.916 GMT-0500,52.943000000000005,52.937,0.0008,0.075
06.04.2021 08:36:02.968 GMT-0500,52.963,52.937,0.1,0.1
06.04.2021 08:36:03.759 GMT-0500,52.953,52.937,0.1,0.1
06.04.2021 08:36:03.937 GMT-0500,52.942,52.938,0.0008,0.075
06.04.2021 08:36:03.987 GMT-0500,52.953,52.927,0.1,0.1
06.04.2021 08:36:04.088 GMT-0500,52.943000000000005,52.927,0.075,0.1
06.04.2021 08:36:04.138 GMT-0500,52.952,52.928000000000004,0.1,0.1
06.04.2021 08:36:04.501 GMT-0500,52.942,52.928000000000004,0.075,0.1
06.04.2021 08:36:04.734 GMT-0500,52.953,52.927,0.1,0.1
06.04.2021 08:36:05.141 GMT-0500,52.942,52.928000000000004,0.0008,0.1
06.04.2021 08:36:05.241 GMT-0500,52.953,52.927,0.1,0.1
06.04.2021 08:36:05.990 GMT-0500,52.943000000000005,52.927,0.0008,0.1
06.04.2021 08:36:06.251 GMT-0500,52.953,52.927,0.1,0.1
06.04.2021 08:36:07.030 GMT-0500,52.953,52.937,0.1,0.1
06.04.2021 08:36:10.332 GMT-0500,52.953,52.947,0.075,0.0008
06.04.2021 08:36:10.383 GMT-0500,52.961999999999996,52.948,0.1,0.1
06.04.2021 08:36:10.831 GMT-0500,52.963,52.937,0.1,0.1
06.04.2021 08:36:13.238 GMT-0500,52.963,52.958000000000006,0.0008,0.075
06.04.2021 08:36:13.288 GMT-0500,52.983000000000004,52.967,0.1,0.1
06.04.2021 08:36:13.341 GMT-0500,52.993,52.967,0.1,0.1
06.04.2021 08:36:13.459 GMT-0500,52.983000000000004,52.967,0.075,0.1
06.04.2021 08:36:13.836 GMT-0500,52.983000000000004,52.957,0.1,0.1
06.04.2021 08:36:14.733 GMT-0500,52.993,52.957,0.1,0.1
06.04.2021 08:36:15.066 GMT-0500,52.983000000000004,52.957,0.0008,0.1
06.04.2021 08:36:17.490 GMT-0500,52.992,52.958000000000006,0.1,0.1
06.04.2021 08:36:17.592 GMT-0500,52.983000000000004,52.957,0.0008,0.1
06.04.2021 08:36:19.156 GMT-0500,52.973000000000006,52.957,0.1,0.1
06.04.2021 08:36:19.263 GMT-0500,52.982,52.958000000000006,0.1,0.1
06.04.2021 08:36:22.805 GMT-0500,52.973000000000006,52.957,0.0008,0.1
06.04.2021 08:36:22.906 GMT-0500,52.983000000000004,52.957,0.1,0.1
06.04.2021 08:36:22.956 GMT-0500,52.972,52.958000000000006,0.1,0.1
06.04.2021 08:36:23.619 GMT-0500,52.983000000000004,52.967,0.1,0.1
06.04.2021 08:36:23.669 GMT-0500,52.992,52.968,0.1,0.1
06.04.2021 08:36:28.935 GMT-0500,52.982,52.968,0.1,0.1
06.04.2021 08:36:29.036 GMT-0500,52.982,52.958000000000006,0.1,0.1
06.04.2021 08:36:29.086 GMT-0500,52.973000000000006,52.957,0.1,0.1
06.04.2021 08:36:31.495 GMT-0500,52.982,52.968,0.1,0.1
06.04.2021 08:36:31.946 GMT-0500,52.993,52.967,0.1,0.1
06.04.2021 08:36:34.089 GMT-0500,52.973000000000006,52.968,0.0008,0.075
06.04.2021 08:36:34.139 GMT-0500,52.972,52.958000000000006,0.1,0.1
06.04.2021 08:36:34.540 GMT-0500,52.973000000000006,52.947,0.1,0.1
06.04.2021 08:36:35.278 GMT-0500,52.963,52.947,0.0008,0.1
06.04.2021 08:36:35.402 GMT-0500,52.973000000000006,52.957,0.1,0.1
06.04.2021 08:36:35.571 GMT-0500,52.973000000000006,52.947,0.1,0.1
06.04.2021 08:36:35.632 GMT-0500,52.961999999999996,52.948,0.1,0.1
06.04.2021 08:36:36.217 GMT-0500,52.973000000000006,52.947,0.1,0.1
06.04.2021 08:36:36.546 GMT-0500,52.961999999999996,52.948,0.1,0.1
06.04.2021 08:36:39.197 GMT-0500,52.953,52.927,0.1,0.1
06.04.2021 08:36:39.255 GMT-0500,52.953,52.937,0.075,0.0008
06.04.2021 08:36:39.305 GMT-0500,52.961999999999996,52.938,0.1,0.1
06.04.2021 08:36:41.076 GMT-0500,52.953,52.937,0.075,0.1
06.04.2021 08:36:41.177 GMT-0500,52.963,52.937,0.1,0.1
06.04.2021 08:36:41.278 GMT-0500,52.963,52.947,0.1,0.1
06.04.2021 08:36:41.328 GMT-0500,52.963,52.937,0.1,0.1
06.04.2021 08:36:41.834 GMT-0500,52.961999999999996,52.948,0.0008,0.075
06.04.2021 08:36:41.885 GMT-0500,52.973000000000006,52.947,0.1,0.1
06.04.2021 08:36:42.394 GMT-0500,52.973000000000006,52.937,0.1,0.1
06.04.2021 08:36:42.444 GMT-0500,52.963,52.937,0.1,0.1
06.04.2021 08:36:43.048 GMT-0500,52.963,52.947,0.1,0.1
06.04.2021 08:36:43.572 GMT-0500,52.961999999999996,52.938,0.1,0.1
06.04.2021 08:36:44.812 GMT-0500,52.963,52.947,0.1,0.0008
06.04.2021 08:36:44.863 GMT-0500,52.952,52.928000000000004,0.1,0.1
06.04.2021 08:36:49.597 GMT-0500,52.943000000000005,52.927,0.075,0.1
06.04.2021 08:36:49.698 GMT-0500,52.952,52.928000000000004,0.1,0.1
06.04.2021 08:36:49.993 GMT-0500,52.953,52.937,0.1,0.075
06.04.2021 08:36:50.044 GMT-0500,52.963,52.937,0.1,0.1
06.04.2021 08:36:50.094 GMT-0500,52.953,52.937,0.1,0.1
06.04.2021 08:36:51.578 GMT-0500,52.953,52.927,0.1,0.1
06.04.2021 08:36:52.331 GMT-0500,52.943000000000005,52.927,0.1,0.1
06.04.2021 08:36:52.557 GMT-0500,52.953,52.927,0.1,0.1
06.04.2021 08:36:53.990 GMT-0500,52.952,52.938,0.1,0.075
06.04.2021 08:36:54.040 GMT-0500,52.952,52.928000000000004,0.1,0.1
06.04.2021 08:36:56.099 GMT-0500,52.942,52.928000000000004,0.0008,0.1
06.04.2021 08:36:56.200 GMT-0500,52.952,52.928000000000004,0.1,0.1
06.04.2021 08:37:00.195 GMT-0500,52.942,52.928000000000004,0.1,0.1
06.04.2021 08:37:00.346 GMT-0500,52.952,52.938,0.1,0.1
06.04.2021 08:37:00.833 GMT-0500,52.942,52.928000000000004,0.1,0.1
06.04.2021 08:37:00.934 GMT-0500,52.933,52.917,0.1,0.1
06.04.2021 08:37:02.284 GMT-0500,52.933,52.907,0.1,0.1
06.04.2021 08:37:02.373 GMT-0500,52.923,52.907,0.0008,0.1
06.04.2021 08:37:02.906 GMT-0500,52.933,52.917,0.1,0.1
06.04.2021 08:37:05.062 GMT-0500,52.942,52.928000000000004,0.1,0.1
06.04.2021 08:37:05.113 GMT-0500,52.953,52.927,0.1,0.1
06.04.2021 08:37:05.220 GMT-0500,52.942,52.928000000000004,0.075,0.1
06.04.2021 08:37:09.359 GMT-0500,52.952,52.938,0.1,0.1
06.04.2021 08:37:09.612 GMT-0500,52.953,52.927,0.1,0.1
06.04.2021 08:37:09.764 GMT-0500,52.952,52.938,0.1,0.0008
06.04.2021 08:37:11.478 GMT-0500,52.953,52.947,0.0008,0.075
06.04.2021 08:37:11.528 GMT-0500,52.963,52.947,0.1,0.1
06.04.2021 08:37:11.583 GMT-0500,52.963,52.937,0.1,0.1
06.04.2021 08:37:12.685 GMT-0500,52.953,52.937,0.1,0.1
06.04.2021 08:37:12.850 GMT-0500,52.961999999999996,52.938,0.1,0.1
06.04.2021 08:37:14.048 GMT-0500,52.952,52.938,0.0008,0.1
06.04.2021 08:37:14.099 GMT-0500,52.953,52.927,0.1,0.1
06.04.2021 08:37:15.514 GMT-0500,52.943000000000005,52.917,0.1,0.1
06.04.2021 08:37:15.720 GMT-0500,52.952,52.928000000000004,0.1,0.1
06.04.2021 08:37:17.150 GMT-0500,52.942,52.928000000000004,0.075,0.1
06.04.2021 08:37:17.200 GMT-0500,52.952,52.928000000000004,0.1,0.1
06.04.2021 08:37:19.710 GMT-0500,52.952,52.938,0.1,0.075
06.04.2021 08:37:19.761 GMT-0500,52.961999999999996,52.938,0.1,0.1
06.04.2021 08:37:19.811 GMT-0500,52.952,52.938,0.1,0.1
06.04.2021 08:37:20.946 GMT-0500,52.953,52.947,0.075,0.0008
06.04.2021 08:37:20.997 GMT-0500,52.961999999999996,52.938,0.1,0.1
06.04.2021 08:37:24.999 GMT-0500,52.963,52.947,0.1,0.1
06.04.2021 08:37:29.387 GMT-0500,52.983000000000004,52.957,0.1,0.1
06.04.2021 08:37:31.192 GMT-0500,52.983000000000004,52.967,0.1,0.1
06.04.2021 08:37:32.304 GMT-0500,52.973000000000006,52.967,0.0008,0.075
06.04.2021 08:37:32.355 GMT-0500,52.973000000000006,52.957,0.1,0.1
06.04.2021 08:37:32.725 GMT-0500,52.972,52.948,0.1,0.1
06.04.2021 08:37:33.831 GMT-0500,52.973000000000006,52.957,0.1,0.1
06.04.2021 08:37:33.881 GMT-0500,52.983000000000004,52.957,0.1,0.1
06.04.2021 08:37:33.931 GMT-0500,52.983000000000004,52.967,0.1,0.1
06.04.2021 08:37:34.032 GMT-0500,52.973000000000006,52.957,0.1,0.1
06.04.2021 08:37:34.400 GMT-0500,52.983000000000004,52.957,0.1,0.1
06.04.2021 08:37:34.488 GMT-0500,52.972,52.948,0.1,0.1
06.04.2021 08:37:35.585 GMT-0500,52.972,52.958000000000006,0.075,0.0008
06.04.2021 08:37:35.636 GMT-0500,52.983000000000004,52.957,0.1,0.1
06.04.2021 08:37:39.115 GMT-0500,52.983000000000004,52.967,0.1,0.0008
06.04.2021 08:37:39.166 GMT-0500,52.983000000000004,52.957,0.1,0.1
06.04.2021 08:37:41.220 GMT-0500,52.972,52.958000000000006,0.0008,0.1
06.04.2021 08:37:41.321 GMT-0500,52.972,52.948,0.1,0.1
06.04.2021 08:37:42.234 GMT-0500,52.973000000000006,52.957,0.1,0.075
06.04.2021 08:37:42.285 GMT-0500,52.972,52.948,0.1,0.1
06.04.2021 08:37:42.335 GMT-0500,52.973000000000006,52.957,0.1,0.1
06.04.2021 08:37:43.346 GMT-0500,52.973000000000006,52.967,0.075,0.0008
06.04.2021 08:37:43.398 GMT-0500,52.983000000000004,52.957,0.1,0.1
06.04.2021 08:37:44.034 GMT-0500,52.982,52.968,0.1,0.075
06.04.2021 08:37:44.382 GMT-0500,52.993,52.967,0.1,0.1
06.04.2021 08:37:47.682 GMT-0500,52.983000000000004,52.967,0.075,0.0008
06.04.2021 08:37:47.732 GMT-0500,52.983000000000004,52.957,0.1,0.1
06.04.2021 08:37:49.378 GMT-0500,52.972,52.958000000000006,0.075,0.1
06.04.2021 08:37:49.908 GMT-0500,52.982,52.958000000000006,0.1,0.1
06.04.2021 08:37:55.332 GMT-0500,52.973000000000006,52.957,0.0008,0.1
06.04.2021 08:37:56.165 GMT-0500,52.963,52.947,0.1,0.1
06.04.2021 08:38:06.775 GMT-0500,52.963,52.957,0.0008,0.075
06.04.2021 08:38:06.825 GMT-0500,52.983000000000004,52.957,0.1,0.1
06.04.2021 08:38:06.875 GMT-0500,52.973000000000006,52.957,0.1,0.1
06.04.2021 08:38:08.532 GMT-0500,52.972,52.948,0.1,0.1
06.04.2021 08:38:08.799 GMT-0500,52.973000000000006,52.957,0.1,0.0008
06.04.2021 08:38:11.967 GMT-0500,52.961999999999996,52.948,0.1,0.1
06.04.2021 08:38:12.017 GMT-0500,52.973000000000006,52.947,0.1,0.1
06.04.2021 08:38:12.237 GMT-0500,52.972,52.958000000000006,0.1,0.0008
06.04.2021 08:38:12.287 GMT-0500,52.972,52.948,0.1,0.1
06.04.2021 08:38:12.387 GMT-0500,52.973000000000006,52.957,0.1,0.1
06.04.2021 08:38:12.724 GMT-0500,52.973000000000006,52.947,0.1,0.1
06.04.2021 08:38:13.323 GMT-0500,52.961999999999996,52.948,0.1,0.1
06.04.2021 08:38:16.834 GMT-0500,52.952,52.938,0.1,0.1
06.04.2021 08:38:21.534 GMT-0500,52.952,52.928000000000004,0.1,0.1
06.04.2021 08:38:21.585 GMT-0500,52.942,52.928000000000004,0.1,0.1
06.04.2021 08:38:21.825 GMT-0500,52.942,52.918000000000006,0.1,0.1
06.04.2021 08:38:22.509 GMT-0500,52.943000000000005,52.927,0.1,0.075
06.04.2021 08:38:26.622 GMT-0500,52.942,52.918000000000006,0.1,0.1
06.04.2021 08:38:26.970 GMT-0500,52.942,52.928000000000004,0.1,0.0008
06.04.2021 08:38:31.535 GMT-0500,52.952,52.928000000000004,0.1,0.1
06.04.2021 08:38:32.261 GMT-0500,52.942,52.928000000000004,0.1,0.1
06.04.2021 08:38:40.811 GMT-0500,52.952,52.928000000000004,0.1,0.1
06.04.2021 08:38:41.238 GMT-0500,52.942,52.928000000000004,0.075,0.1
06.04.2021 08:38:43.276 GMT-0500,52.953,52.927,0.1,0.1
06.04.2021 08:38:43.403 GMT-0500,52.943000000000005,52.927,0.0008,0.1
06.04.2021 08:38:46.299 GMT-0500,52.953,52.927,0.1,0.1
06.04.2021 08:38:46.863 GMT-0500,52.942,52.928000000000004,0.075,0.1
06.04.2021 08:38:50.956 GMT-0500,52.953,52.927,0.1,0.1
06.04.2021 08:38:51.169 GMT-0500,52.953,52.937,0.1,0.1
06.04.2021 08:38:53.985 GMT-0500,52.963,52.947,0.1,0.1
06.04.2021 08:39:00.095 GMT-0500,52.972,52.958000000000006,0.1,0.1
06.04.2021 08:39:01.849 GMT-0500,52.973000000000006,52.947,0.1,0.1
06.04.2021 08:39:01.899 GMT-0500,52.972,52.958000000000006,0.1,0.1
06.04.2021 08:39:02.283 GMT-0500,52.961999999999996,52.948,0.1,0.1
06.04.2021 08:39:03.147 GMT-0500,52.973000000000006,52.947,0.1,0.1
06.04.2021 08:39:03.604 GMT-0500,52.963,52.947,0.1,0.1
06.04.2021 08:39:04.494 GMT-0500,52.972,52.948,0.1,0.1
06.04.2021 08:39:05.503 GMT-0500,52.973000000000006,52.957,0.1,0.0008
06.04.2021 08:39:05.554 GMT-0500,52.973000000000006,52.947,0.1,0.1
06.04.2021 08:39:06.061 GMT-0500,52.973000000000006,52.957,0.1,0.1
06.04.2021 08:39:06.549 GMT-0500,52.972,52.948,0.1,0.1
06.04.2021 08:39:06.837 GMT-0500,52.973000000000006,52.957,0.1,0.1
06.04.2021 08:39:08.463 GMT-0500,52.973000000000006,52.947,0.1,0.1
06.04.2021 08:39:08.925 GMT-0500,52.963,52.947,0.075,0.1
06.04.2021 08:39:09.696 GMT-0500,52.973000000000006,52.947,0.1,0.1
06.04.2021 08:39:09.747 GMT-0500,52.961999999999996,52.948,0.1,0.1
06.04.2021 08:39:10.451 GMT-0500,52.972,52.958000000000006,0.1,0.1
06.04.2021 08:39:10.551 GMT-0500,52.972,52.948,0.1,0.1
06.04.2021 08:39:13.222 GMT-0500,52.972,52.958000000000006,0.1,0.075
06.04.2021 08:39:13.798 GMT-0500,52.982,52.958000000000006,0.1,0.1
06.04.2021 08:39:14.096 GMT-0500,52.972,52.958000000000006,0.0008,0.075
06.04.2021 08:39:14.146 GMT-0500,52.973000000000006,52.947,0.1,0.1
06.04.2021 08:39:15.349 GMT-0500,52.963,52.947,0.0008,0.1
06.04.2021 08:39:20.120 GMT-0500,52.973000000000006,52.957,0.1,0.1
06.04.2021 08:39:20.250 GMT-0500,52.972,52.948,0.1,0.1
06.04.2021 08:39:22.016 GMT-0500,52.973000000000006,52.957,0.1,0.075
06.04.2021 08:39:30.444 GMT-0500,52.972,52.968,0.0008,0.075
06.04.2021 08:39:30.495 GMT-0500,52.982,52.968,0.1,0.1
06.04.2021 08:39:37.151 GMT-0500,52.982,52.958000000000006,0.1,0.1
06.04.2021 08:39:37.662 GMT-0500,52.972,52.958000000000006,0.0008,0.1
06.04.2021 08:39:39.050 GMT-0500,52.972,52.948,0.1,0.1
06.04.2021 08:39:43.107 GMT-0500,52.972,52.958000000000006,0.1,0.075
06.04.2021 08:39:43.714 GMT-0500,52.982,52.968,0.1,0.1
06.04.2021 08:39:43.764 GMT-0500,52.982,52.958000000000006,0.1,0.1
06.04.2021 08:39:44.178 GMT-0500,52.972,52.958000000000006,0.075,0.1
06.04.2021 08:39:46.752 GMT-0500,52.972,52.948,0.1,0.1
06.04.2021 08:39:48.056 GMT-0500,52.972,52.958000000000006,0.1,0.1
06.04.2021 08:39:48.430 GMT-0500,52.972,52.948,0.1,0.1
06.04.2021 08:39:49.715 GMT-0500,52.972,52.958000000000006,0.1,0.075
06.04.2021 08:39:49.984 GMT-0500,52.972,52.948,0.1,0.1
06.04.2021 08:39:55.036 GMT-0500,52.973000000000006,52.957,0.1,0.075
06.04.2021 08:39:55.086 GMT-0500,52.972,52.948,0.1,0.1
06.04.2021 08:39:55.404 GMT-0500,52.973000000000006,52.957,0.1,0.0008
06.04.2021 08:39:58.520 GMT-0500,52.973000000000006,52.967,0.075,0.0008
06.04.2021 08:39:58.570 GMT-0500,52.982,52.968,0.1,0.1
06.04.2021 08:39:58.621 GMT-0500,52.982,52.958000000000006,0.1,0.1
06.04.2021 08:40:00.338 GMT-0500,52.983000000000004,52.967,0.1,0.0008
06.04.2021 08:40:04.764 GMT-0500,52.992,52.978,0.1,0.1
06.04.2021 08:40:04.865 GMT-0500,53.003,52.977,0.1,0.1
06.04.2021 08:40:05.269 GMT-0500,53.003,52.987,0.1,0.075
06.04.2021 08:40:05.319 GMT-0500,53.003,52.977,0.1,0.1
06.04.2021 08:40:06.341 GMT-0500,53.002,52.988,0.1,0.1
06.04.2021 08:40:06.391 GMT-0500,53.002,52.978,0.1,0.1
06.04.2021 08:40:06.522 GMT-0500,53.003,52.987,0.1,0.0008
06.04.2021 08:40:07.920 GMT-0500,53.002,52.978,0.1,0.1
06.04.2021 08:40:08.015 GMT-0500,53.003,52.987,0.1,0.1
06.04.2021 08:40:09.215 GMT-0500,52.993,52.987,0.0008,0.075
06.04.2021 08:40:09.266 GMT-0500,52.992,52.978,0.1,0.1
06.04.2021 08:40:13.310 GMT-0500,53.002,52.988,0.1,0.1
06.04.2021 08:40:13.460 GMT-0500,53.013000000000005,52.987,0.1,0.1
06.04.2021 08:40:14.091 GMT-0500,53.003,52.987,0.1,0.1
06.04.2021 08:40:14.410 GMT-0500,53.012,52.988,0.1,0.1
06.04.2021 08:40:15.633 GMT-0500,53.012,52.998000000000005,0.1,0.075
06.04.2021 08:40:16.188 GMT-0500,53.022,52.998000000000005,0.1,0.1
06.04.2021 08:40:17.062 GMT-0500,53.013000000000005,52.997,0.075,0.1
06.04.2021 08:40:17.241 GMT-0500,53.003,52.987,0.1,0.1
06.04.2021 08:40:17.352 GMT-0500,52.992,52.978,0.1,0.1
06.04.2021 08:40:17.402 GMT-0500,53.012,52.988,0.1,0.1
06.04.2021 08:40:19.279 GMT-0500,53.003,52.977,0.1,0.1
06.04.2021 08:40:19.429 GMT-0500,52.992,52.978,0.1,0.1
06.04.2021 08:40:20.479 GMT-0500,52.993,52.967,0.1,0.1
06.04.2021 08:40:20.962 GMT-0500,52.993,52.977,0.1,0.0008
06.04.2021 08:40:21.062 GMT-0500,53.003,52.977,0.1,0.1
06.04.2021 08:40:21.612 GMT-0500,52.992,52.978,0.1,0.1
06.04.2021 08:40:22.489 GMT-0500,53.003,52.987,0.1,0.1
06.04.2021 08:40:22.712 GMT-0500,53.003,52.977,0.1,0.1
06.04.2021 08:40:23.563 GMT-0500,52.992,52.978,0.0008,0.1
06.04.2021 08:40:24.197 GMT-0500,53.003,52.987,0.1,0.1
06.04.2021 08:40:24.248 GMT-0500,53.003,52.977,0.1,0.1
06.04.2021 08:40:24.298 GMT-0500,53.013000000000005,52.987,0.1,0.1
06.04.2021 08:40:28.389 GMT-0500,53.013000000000005,52.997,0.1,0.0008
06.04.2021 08:40:28.594 GMT-0500,53.013000000000005,52.987,0.1,0.1
06.04.2021 08:40:28.644 GMT-0500,53.012,52.998000000000005,0.1,0.1
06.04.2021 08:40:31.404 GMT-0500,53.012,52.988,0.1,0.1
06.04.2021 08:40:31.512 GMT-0500,53.012,52.998000000000005,0.1,0.1
06.04.2021 08:40:31.844 GMT-0500,53.003,52.987,0.1,0.1
06.04.2021 08:40:36.889 GMT-0500,53.003,52.977,0.1,0.1
06.04.2021 08:40:36.940 GMT-0500,52.993,52.977,0.1,0.1
06.04.2021 08:40:41.706 GMT-0500,52.993,52.987,0.0008,0.075
06.04.2021 08:40:41.756 GMT-0500,53.002,52.988,0.1,0.1
06.04.2021 08:40:42.698 GMT-0500,53.002,52.978,0.1,0.1
06.04.2021 08:40:42.810 GMT-0500,52.992,52.978,0.0008,0.1
06.04.2021 08:40:45.757 GMT-0500,52.993,52.987,0.0008,0.075
06.04.2021 08:40:45.807 GMT-0500,53.003,52.987,0.1,0.1
06.04.2021 08:40:46.039 GMT-0500,53.002,52.978,0.1,0.1
06.04.2021 08:40:48.393 GMT-0500,53.002,52.988,0.1,0.1
06.04.2021 08:40:48.444 GMT-0500,53.003,52.977,0.1,0.1
06.04.2021 08:40:48.691 GMT-0500,53.003,52.987,0.1,0.0008
06.04.2021 08:40:52.476 GMT-0500,53.002,52.978,0.1,0.1
06.04.2021 08:40:52.530 GMT-0500,52.993,52.977,0.1,0.1
06.04.2021 08:40:55.112 GMT-0500,53.003,52.977,0.1,0.1
06.04.2021 08:40:55.977 GMT-0500,52.992,52.978,0.075,0.1
06.04.2021 08:40:58.198 GMT-0500,53.002,52.988,0.1,0.1
06.04.2021 08:40:58.362 GMT-0500,53.013000000000005,52.987,0.1,0.1
06.04.2021 08:40:59.407 GMT-0500,53.002,52.988,0.0008,0.1
06.04.2021 08:41:00.785 GMT-0500,53.012,52.988,0.1,0.1
06.04.2021 08:41:00.835 GMT-0500,53.003,52.977,0.1,0.1
06.04.2021 08:41:01.736 GMT-0500,52.993,52.977,0.0008,0.1
06.04.2021 08:41:01.959 GMT-0500,52.982,52.968,0.1,0.1
06.04.2021 08:41:03.506 GMT-0500,52.992,52.968,0.1,0.1
06.04.2021 08:41:03.948 GMT-0500,52.982,52.968,0.0008,0.1
06.04.2021 08:41:04.574 GMT-0500,52.992,52.978,0.1,0.1
06.04.2021 08:41:06.073 GMT-0500,53.003,52.977,0.1,0.1
06.04.2021 08:41:06.865 GMT-0500,53.003,52.987,0.1,0.0008
06.04.2021 08:41:07.523 GMT-0500,53.003,52.977,0.1,0.1
06.04.2021 08:41:08.489 GMT-0500,53.002,52.988,0.1,0.075
06.04.2021 08:41:10.079 GMT-0500,53.003,52.977,0.1,0.1
06.04.2021 08:41:10.242 GMT-0500,53.003,52.987,0.1,0.075
06.04.2021 08:41:10.733 GMT-0500,52.992,52.978,0.1,0.1
06.04.2021 08:41:10.957 GMT-0500,53.002,52.978,0.1,0.1
06.04.2021 08:41:12.380 GMT-0500,52.993,52.977,0.0008,0.1
06.04.2021 08:41:12.874 GMT-0500,53.002,52.978,0.1,0.1
06.04.2021 08:41:14.367 GMT-0500,52.992,52.978,0.075,0.1
06.04.2021 08:41:16.295 GMT-0500,53.003,52.977,0.1,0.1
06.04.2021 08:41:16.959 GMT-0500,52.993,52.977,0.0008,0.1
06.04.2021 08:41:17.166 GMT-0500,53.003,52.977,0.1,0.1
06.04.2021 08:41:20.260 GMT-0500,52.992,52.978,0.075,0.1
06.04.2021 08:41:20.565 GMT-0500,53.002,52.978,0.1,0.1
06.04.2021 08:41:21.647 GMT-0500,53.003,52.987,0.1,0.075
06.04.2021 08:41:22.233 GMT-0500,53.013000000000005,52.987,0.1,0.1
06.04.2021 08:41:23.711 GMT-0500,53.012,52.998000000000005,0.1,0.1
06.04.2021 08:41:23.926 GMT-0500,53.013000000000005,52.987,0.1,0.1
06.04.2021 08:41:24.272 GMT-0500,53.013000000000005,52.997,0.1,0.0008
06.04.2021 08:41:29.449 GMT-0500,53.002,52.998000000000005,0.075,0.0008
06.04.2021 08:41:29.499 GMT-0500,53.003,52.987,0.1,0.1
06.04.2021 08:41:29.903 GMT-0500,53.002,52.978,0.1,0.1
06.04.2021 08:41:31.303 GMT-0500,53.002,52.988,0.1,0.1
06.04.2021 08:41:33.316 GMT-0500,53.002,52.978,0.1,0.1
06.04.2021 08:41:33.464 GMT-0500,53.002,52.988,0.1,0.1
06.04.2021 08:41:34.059 GMT-0500,53.002,52.978,0.1,0.1
06.04.2021 08:41:34.312 GMT-0500,53.003,52.987,0.1,0.1
06.04.2021 08:41:34.797 GMT-0500,53.012,52.988,0.1,0.1
06.04.2021 08:41:34.847 GMT-0500,53.002,52.988,0.1,0.1
06.04.2021 08:41:35.167 GMT-0500,53.013000000000005,52.987,0.1,0.1
06.04.2021 08:41:37.786 GMT-0500,53.003,52.987,0.1,0.1
06.04.2021 08:41:38.346 GMT-0500,53.012,52.988,0.1,0.1
06.04.2021 08:41:38.728 GMT-0500,53.003,52.987,0.075,0.0008
06.04.2021 08:41:38.778 GMT-0500,53.003,52.977,0.1,0.1
06.04.2021 08:41:39.281 GMT-0500,53.002,52.988,0.1,0.0008
06.04.2021 08:41:40.314 GMT-0500,53.003,52.977,0.1,0.1
06.04.2021 08:41:40.399 GMT-0500,52.993,52.977,0.075,0.1
06.04.2021 08:41:42.907 GMT-0500,53.003,52.977,0.1,0.1
06.04.2021 08:41:43.035 GMT-0500,53.003,52.987,0.1,0.1
06.04.2021 08:41:44.038 GMT-0500,53.012,52.988,0.1,0.1
06.04.2021 08:41:44.115 GMT-0500,53.003,52.987,0.0008,0.1
06.04.2021 08:41:44.633 GMT-0500,53.003,52.977,0.1,0.1
06.04.2021 08:41:45.967 GMT-0500,53.002,52.988,0.1,0.075
06.04.2021 08:41:46.256 GMT-0500,53.003,52.977,0.1,0.1
06.04.2021 08:41:46.347 GMT-0500,52.993,52.977,0.1,0.1
06.04.2021 08:41:46.397 GMT-0500,53.002,52.978,0.1,0.1
06.04.2021 08:41:46.844 GMT-0500,52.992,52.978,0.1,0.1
06.04.2021 08:41:51.182 GMT-0500,53.002,52.988,0.1,0.1
06.04.2021 08:41:51.357 GMT-0500,53.012,52.988,0.1,0.1
06.04.2021 08:41:51.919 GMT-0500,53.002,52.988,0.1,0.1
06.04.2021 08:41:51.970 GMT-0500,53.012,52.988,0.1,0.1
06.04.2021 08:41:52.857 GMT-0500,53.002,52.988,0.075,0.1
06.04.2021 08:41:53.008 GMT-0500,53.003,52.977,0.1,0.1
06.04.2021 08:41:53.087 GMT-0500,52.993,52.977,0.1,0.1
06.04.2021 08:41:53.138 GMT-0500,53.002,52.978,0.1,0.1
06.04.2021 08:41:55.211 GMT-0500,53.003,52.987,0.1,0.1
06.04.2021 08:41:55.514 GMT-0500,52.993,52.977,0.1,0.1
06.04.2021 08:41:56.092 GMT-0500,53.002,52.978,0.1,0.1
06.04.2021 08:41:58.828 GMT-0500,53.002,52.988,0.1,0.075
06.04.2021 08:41:59.165 GMT-0500,53.013000000000005,52.987,0.1,0.1
06.04.2021 08:42:00.307 GMT-0500,53.003,52.987,0.075,0.1
06.04.2021 08:42:02.496 GMT-0500,53.013000000000005,52.997,0.1,0.1
06.04.2021 08:42:02.596 GMT-0500,53.012,52.988,0.1,0.1
06.04.2021 08:42:03.237 GMT-0500,53.002,52.988,0.1,0.1
06.04.2021 08:42:03.540 GMT-0500,53.012,52.988,0.1,0.1
06.04.2021 08:42:03.590 GMT-0500,53.003,52.977,0.1,0.1
06.04.2021 08:42:03.741 GMT-0500,53.003,52.987,0.1,0.1
06.04.2021 08:42:03.791 GMT-0500,53.012,52.988,0.1,0.1
06.04.2021 08:42:04.700 GMT-0500,53.002,52.988,0.1,0.1
06.04.2021 08:42:04.911 GMT-0500,53.012,52.988,0.1,0.1
06.04.2021 08:42:08.030 GMT-0500,53.002,52.988,0.0008,0.1
06.04.2021 08:42:09.013 GMT-0500,53.013000000000005,52.987,0.1,0.1
06.04.2021 08:42:11.512 GMT-0500,53.003,52.987,0.0008,0.1
06.04.2021 08:42:14.800 GMT-0500,53.012,52.988,0.1,0.1
06.04.2021 08:42:16.555 GMT-0500,53.002,52.988,0.1,0.1
06.04.2021 08:42:16.847 GMT-0500,53.012,52.988,0.1,0.1
06.04.2021 08:42:17.532 GMT-0500,53.012,52.998000000000005,0.1,0.1
06.04.2021 08:42:18.433 GMT-0500,53.013000000000005,52.987,0.1,0.1
06.04.2021 08:42:20.029 GMT-0500,53.012,52.998000000000005,0.1,0.0008
06.04.2021 08:42:21.292 GMT-0500,53.003,52.987,0.1,0.1
06.04.2021 08:42:25.184 GMT-0500,53.012,52.988,0.1,0.1
06.04.2021 08:42:27.952 GMT-0500,53.002,52.988,0.1,0.1
06.04.2021 08:42:28.191 GMT-0500,53.013000000000005,52.987,0.1,0.1
06.04.2021 08:42:30.947 GMT-0500,53.002,52.988,0.0008,0.1
06.04.2021 08:42:31.643 GMT-0500,53.012,52.988,0.1,0.1
06.04.2021 08:42:33.698 GMT-0500,53.002,52.988,0.0008,0.1
06.04.2021 08:42:35.360 GMT-0500,53.013000000000005,52.987,0.1,0.1
06.04.2021 08:42:35.485 GMT-0500,53.002,52.988,0.075,0.1
06.04.2021 08:42:36.666 GMT-0500,53.012,52.988,0.1,0.1
06.04.2021 08:42:36.739 GMT-0500,53.002,52.988,0.075,0.1
06.04.2021 08:42:36.890 GMT-0500,53.012,52.988,0.1,0.1
06.04.2021 08:42:39.249 GMT-0500,53.002,52.988,0.1,0.1
06.04.2021 08:42:41.516 GMT-0500,53.012,52.988,0.1,0.1
06.04.2021 08:42:42.162 GMT-0500,53.002,52.988,0.1,0.1
06.04.2021 08:42:52.283 GMT-0500,53.003,52.977,0.1,0.1
06.04.2021 08:42:52.333 GMT-0500,53.002,52.988,0.1,0.1
06.04.2021 08:42:55.232 GMT-0500,53.013000000000005,52.987,0.1,0.1
06.04.2021 08:42:55.452 GMT-0500,53.002,52.988,0.1,0.1
06.04.2021 08:42:59.236 GMT-0500,53.003,52.977,0.1,0.1
06.04.2021 08:43:00.120 GMT-0500,52.992,52.978,0.1,0.1
06.04.2021 08:43:03.324 GMT-0500,53.002,52.978,0.1,0.1
06.04.2021 08:43:03.643 GMT-0500,52.993,52.977,0.0008,0.1
06.04.2021 08:43:04.032 GMT-0500,52.982,52.968,0.1,0.1
06.04.2021 08:43:05.990 GMT-0500,52.993,52.977,0.1,0.1
06.04.2021 08:43:06.443 GMT-0500,53.003,52.977,0.1,0.1
06.04.2021 08:43:06.839 GMT-0500,53.003,52.987,0.1,0.0008
06.04.2021 08:43:06.889 GMT-0500,53.003,52.977,0.1,0.1
06.04.2021 08:43:06.969 GMT-0500,53.002,52.988,0.1,0.0008
06.04.2021 08:43:19.532 GMT-0500,53.002,52.978,0.1,0.1
06.04.2021 08:43:19.657 GMT-0500,53.003,52.987,0.1,0.0008
06.04.2021 08:43:21.071 GMT-0500,52.992,52.978,0.1,0.1
06.04.2021 08:43:21.172 GMT-0500,52.983000000000004,52.967,0.1,0.1
06.04.2021 08:43:22.333 GMT-0500,52.992,52.968,0.1,0.1
06.04.2021 08:43:23.340 GMT-0500,52.982,52.968,0.1,0.1
06.04.2021 08:43:25.523 GMT-0500,52.972,52.968,0.0008,0.075
06.04.2021 08:43:25.573 GMT-0500,52.972,52.958000000000006,0.1,0.1
06.04.2021 08:43:27.804 GMT-0500,52.982,52.958000000000006,0.1,0.1
06.04.2021 08:43:28.134 GMT-0500,52.972,52.958000000000006,0.075,0.1
06.04.2021 08:43:33.804 GMT-0500,52.982,52.958000000000006,0.1,0.1
06.04.2021 08:43:36.968 GMT-0500,52.973000000000006,52.957,0.075,0.1
06.04.2021 08:43:39.247 GMT-0500,52.972,52.968,0.0008,0.075
06.04.2021 08:43:39.297 GMT-0500,52.983000000000004,52.967,0.1,0.1
06.04.2021 08:43:39.683 GMT-0500,52.983000000000004,52.957,0.1,0.1
06.04.2021 08:43:39.733 GMT-0500,52.972,52.958000000000006,0.1,0.1
06.04.2021 08:43:40.128 GMT-0500,52.983000000000004,52.957,0.1,0.1
06.04.2021 08:43:41.229 GMT-0500,52.983000000000004,52.967,0.1,0.075
06.04.2021 08:43:41.724 GMT-0500,52.983000000000004,52.957,0.1,0.1
06.04.2021 08:43:44.114 GMT-0500,52.983000000000004,52.967,0.1,0.0008
06.04.2021 08:43:44.214 GMT-0500,52.982,52.958000000000006,0.1,0.1
06.04.2021 08:43:45.416 GMT-0500,52.973000000000006,52.957,0.0008,0.1
06.04.2021 08:43:46.570 GMT-0500,52.982,52.958000000000006,0.1,0.1
06.04.2021 08:43:57.653 GMT-0500,52.972,52.958000000000006,0.1,0.1
06.04.2021 08:43:58.235 GMT-0500,52.982,52.958000000000006,0.1,0.1
06.04.2021 08:43:59.188 GMT-0500,52.973000000000006,52.957,0.1,0.1
06.04.2021 08:44:01.386 GMT-0500,52.982,52.958000000000006,0.1,0.1
06.04.2021 08:44:06.522 GMT-0500,52.982,52.968,0.1,0.0008
06.04.2021 08:44:13.862 GMT-0500,52.993,52.967,0.1,0.1
06.04.2021 08:44:14.621 GMT-0500,52.983000000000004,52.967,0.1,0.1
06.04.2021 08:44:15.430 GMT-0500,52.992,52.968,0.1,0.1
06.04.2021 08:44:15.531 GMT-0500,52.993,52.977,0.1,0.1
06.04.2021 08:44:17.365 GMT-0500,52.993,52.967,0.1,0.1
06.04.2021 08:44:17.416 GMT-0500,52.982,52.968,0.075,0.1
06.04.2021 08:44:27.078 GMT-0500,52.982,52.958000000000006,0.1,0.1
06.04.2021 08:44:27.495 GMT-0500,52.973000000000006,52.957,0.075,0.1
06.04.2021 08:44:29.084 GMT-0500,52.982,52.958000000000006,0.1,0.1
06.04.2021 08:44:29.222 GMT-0500,52.973000000000006,52.957,0.1,0.1
06.04.2021 08:44:32.289 GMT-0500,52.983000000000004,52.957,0.1,0.1
06.04.2021 08:44:32.339 GMT-0500,52.972,52.958000000000006,0.1,0.1
06.04.2021 08:44:32.749 GMT-0500,52.982,52.958000000000006,0.1,0.1
06.04.2021 08:44:32.800 GMT-0500,52.973000000000006,52.957,0.1,0.1
06.04.2021 08:44:36.253 GMT-0500,52.983000000000004,52.957,0.1,0.1
06.04.2021 08:44:36.375 GMT-0500,52.983000000000004,52.967,0.1,0.075
06.04.2021 08:44:38.713 GMT-0500,52.992,52.968,0.1,0.1
06.04.2021 08:44:38.975 GMT-0500,52.982,52.968,0.1,0.1
06.04.2021 08:44:39.645 GMT-0500,52.992,52.968,0.1,0.1
06.04.2021 08:44:40.320 GMT-0500,52.983000000000004,52.967,0.0008,0.1
06.04.2021 08:44:41.088 GMT-0500,52.993,52.967,0.1,0.1
06.04.2021 08:44:41.975 GMT-0500,52.982,52.968,0.075,0.1
06.04.2021 08:44:42.201 GMT-0500,52.993,52.967,0.1,0.1
06.04.2021 08:44:42.989 GMT-0500,52.982,52.968,0.1,0.1
06.04.2021 08:44:43.476 GMT-0500,52.992,52.968,0.1,0.1
06.04.2021 08:44:43.595 GMT-0500,52.982,52.968,0.0008,0.1
06.04.2021 08:44:44.323 GMT-0500,52.993,52.967,0.1,0.1
06.04.2021 08:44:49.898 GMT-0500,52.983000000000004,52.967,0.0008,0.1
06.04.2021 08:44:51.644 GMT-0500,52.993,52.967,0.1,0.1
06.04.2021 08:44:51.884 GMT-0500,52.982,52.968,0.1,0.1
06.04.2021 08:44:52.072 GMT-0500,52.993,52.967,0.1,0.1
06.04.2021 08:44:53.141 GMT-0500,52.992,52.978,0.1,0.1
06.04.2021 08:44:54.150 GMT-0500,53.003,52.987,0.1,0.1
06.04.2021 08:44:55.157 GMT-0500,53.003,52.997,0.0008,0.075
06.04.2021 08:44:55.207 GMT-0500,53.012,52.998000000000005,0.1,0.1
06.04.2021 08:44:56.163 GMT-0500,53.023,52.997,0.1,0.1
06.04.2021 08:44:56.213 GMT-0500,53.023,53.007,0.1,0.1
06.04.2021 08:44:59.320 GMT-0500,53.032,53.008,0.1,0.1
06.04.2021 08:45:00.188 GMT-0500,53.022,53.008,0.0008,0.1
06.04.2021 08:45:00.619 GMT-0500,53.013000000000005,52.997,0.1,0.1
06.04.2021 08:45:00.770 GMT-0500,53.003,52.987,0.1,0.1
06.04.2021 08:45:00.981 GMT-0500,53.002,52.978,0.1,0.1
06.04.2021 08:45:01.132 GMT-0500,53.002,52.988,0.1,0.0008
06.04.2021 08:45:02.665 GMT-0500,52.992,52.978,0.1,0.1
06.04.2021 08:45:06.321 GMT-0500,52.993,52.987,0.075,0.0008
06.04.2021 08:45:06.372 GMT-0500,53.003,52.987,0.1,0.1
06.04.2021 08:45:19.976 GMT-0500,53.003,52.977,0.1,0.1
06.04.2021 08:45:20.026 GMT-0500,53.003,52.987,0.1,0.1
06.04.2021 08:45:20.409 GMT-0500,52.993,52.977,0.1,0.1
06.04.2021 08:45:43.642 GMT-0500,53.003,52.987,0.1,0.1
06.04.2021 08:45:43.743 GMT-0500,53.013000000000005,52.987,0.1,0.1
06.04.2021 08:45:46.250 GMT-0500,53.013000000000005,52.997,0.1,0.0008
06.04.2021 08:45:46.300 GMT-0500,53.012,52.988,0.1,0.1
06.04.2021 08:45:46.353 GMT-0500,53.013000000000005,52.997,0.1,0.0008
06.04.2021 08:45:46.403 GMT-0500,53.012,52.988,0.1,0.1
06.04.2021 08:45:47.905 GMT-0500,53.012,52.998000000000005,0.1,0.075
06.04.2021 08:45:48.806 GMT-0500,53.013000000000005,52.987,0.1,0.1
06.04.2021 08:45:49.580 GMT-0500,53.012,52.998000000000005,0.1,0.1
06.04.2021 08:45:49.714 GMT-0500,53.013000000000005,52.987,0.1,0.1
06.04.2021 08:45:49.933 GMT-0500,53.002,52.988,0.1,0.1
06.04.2021 08:45:53.409 GMT-0500,53.012,52.998000000000005,0.1,0.1
06.04.2021 08:45:54.455 GMT-0500,53.013000000000005,52.987,0.1,0.1
06.04.2021 08:45:55.871 GMT-0500,53.013000000000005,52.997,0.1,0.075
06.04.2021 08:45:56.715 GMT-0500,53.013000000000005,52.987,0.1,0.1
06.04.2021 08:45:56.922 GMT-0500,53.013000000000005,52.997,0.1,0.075
06.04.2021 08:46:00.205 GMT-0500,53.012,52.988,0.1,0.1
06.04.2021 08:46:00.348 GMT-0500,53.002,52.988,0.075,0.1
06.04.2021 08:46:02.716 GMT-0500,53.012,52.988,0.1,0.1
06.04.2021 08:46:03.009 GMT-0500,53.002,52.988,0.0008,0.1
06.04.2021 08:46:03.334 GMT-0500,53.012,52.988,0.1,0.1
06.04.2021 08:46:03.735 GMT-0500,53.002,52.988,0.0008,0.1
06.04.2021 08:46:05.664 GMT-0500,53.013000000000005,52.987,0.1,0.1
06.04.2021 08:46:06.063 GMT-0500,53.012,52.998000000000005,0.1,0.075
06.04.2021 08:46:18.085 GMT-0500,53.022,53.008,0.1,0.1
06.04.2021 08:46:22.583 GMT-0500,53.022,52.998000000000005,0.1,0.1
06.04.2021 08:46:23.341 GMT-0500,53.012,52.998000000000005,0.075,0.1
06.04.2021 08:46:25.195 GMT-0500,53.013000000000005,53.007,0.075,0.0008
06.04.2021 08:46:25.245 GMT-0500,53.022,53.008,0.1,0.1
06.04.2021 08:46:27.777 GMT-0500,53.022,52.998000000000005,0.1,0.1
06.04.2021 08:46:27.941 GMT-0500,53.022,53.008,0.1,0.0008
06.04.2021 08:46:28.782 GMT-0500,53.012,52.998000000000005,0.1,0.1
06.04.2021 08:46:29.130 GMT-0500,53.022,53.008,0.1,0.1
06.04.2021 08:46:29.180 GMT-0500,53.023,52.997,0.1,0.1
06.04.2021 08:46:29.761 GMT-0500,53.022,53.008,0.1,0.1
06.04.2021 08:46:30.858 GMT-0500,53.022,52.998000000000005,0.1,0.1
06.04.2021 08:46:31.415 GMT-0500,53.023,53.007,0.1,0.1
06.04.2021 08:46:31.753 GMT-0500,53.013000000000005,52.997,0.1,0.1
06.04.2021 08:46:32.189 GMT-0500,53.022,52.998000000000005,0.1,0.1
06.04.2021 08:46:32.696 GMT-0500,53.022,53.008,0.1,0.0008
06.04.2021 08:46:37.960 GMT-0500,53.022,52.998000000000005,0.1,0.1
06.04.2021 08:46:38.386 GMT-0500,53.022,53.008,0.1,0.0008
06.04.2021 08:46:40.614 GMT-0500,53.033,53.016999999999996,0.1,0.1
06.04.2021 08:46:41.007 GMT-0500,53.033,53.007,0.1,0.1
06.04.2021 08:46:42.426 GMT-0500,53.033,53.016999999999996,0.1,0.075
06.04.2021 08:46:42.880 GMT-0500,53.033,53.007,0.1,0.1
06.04.2021 08:46:43.198 GMT-0500,53.033,53.016999999999996,0.1,0.1
06.04.2021 08:46:43.960 GMT-0500,53.032,53.008,0.1,0.1
06.04.2021 08:46:44.385 GMT-0500,53.023,53.007,0.1,0.1
06.04.2021 08:46:47.673 GMT-0500,53.033,53.007,0.1,0.1
06.04.2021 08:46:48.059 GMT-0500,53.022,53.008,0.0008,0.1
06.04.2021 08:46:48.488 GMT-0500,53.033,53.007,0.1,0.1
06.04.2021 08:46:48.805 GMT-0500,53.023,53.007,0.0008,0.1
06.04.2021 08:46:49.880 GMT-0500,53.032,53.008,0.1,0.1
06.04.2021 08:46:50.308 GMT-0500,53.023,53.007,0.0008,0.1
06.04.2021 08:47:23.502 GMT-0500,53.023,53.016999999999996,0.075,0.0008
06.04.2021 08:47:23.552 GMT-0500,53.033,53.016999999999996,0.1,0.1
06.04.2021 08:47:23.602 GMT-0500,53.042,53.028000000000006,0.1,0.1
06.04.2021 08:47:23.653 GMT-0500,53.042,53.018,0.1,0.1
06.04.2021 08:47:23.860 GMT-0500,53.043000000000006,53.027,0.1,0.1
06.04.2021 08:47:26.499 GMT-0500,53.042,53.018,0.1,0.1
06.04.2021 08:47:27.764 GMT-0500,53.033,53.016999999999996,0.0008,0.1
06.04.2021 08:47:28.845 GMT-0500,53.042,53.018,0.1,0.1
06.04.2021 08:47:33.625 GMT-0500,53.033,53.016999999999996,0.1,0.1
06.04.2021 08:48:10.372 GMT-0500,53.032,53.028000000000006,0.075,0.0008
06.04.2021 08:48:10.423 GMT-0500,53.052,53.038000000000004,0.1,0.1
06.04.2021 08:48:10.473 GMT-0500,53.063,53.047,0.1,0.1
06.04.2021 08:48:16.228 GMT-0500,53.062,53.058,0.0008,0.075
06.04.2021 08:48:16.279 GMT-0500,53.072,53.058,0.1,0.1
06.04.2021 08:48:21.405 GMT-0500,53.082,53.058,0.1,0.1
06.04.2021 08:48:21.615 GMT-0500,53.073,53.057,0.0008,0.1
06.04.2021 08:48:25.082 GMT-0500,53.083000000000006,53.057,0.1,0.1
06.04.2021 08:48:25.132 GMT-0500,53.083000000000006,53.067,0.1,0.1
06.04.2021 08:48:27.491 GMT-0500,53.092,53.078,0.1,0.1
06.04.2021 08:48:29.126 GMT-0500,53.103,53.086999999999996,0.1,0.1
06.04.2021 08:48:29.353 GMT-0500,53.103,53.077,0.1,0.1
06.04.2021 08:48:29.681 GMT-0500,53.102,53.088,0.1,0.0008
06.04.2021 08:48:31.909 GMT-0500,53.102,53.078,0.1,0.1
06.04.2021 08:48:32.173 GMT-0500,53.102,53.088,0.1,0.1
06.04.2021 08:48:34.466 GMT-0500,53.113,53.086999999999996,0.1,0.1
06.04.2021 08:48:34.516 GMT-0500,53.123000000000005,53.107,0.1,0.1
06.04.2021 08:48:36.754 GMT-0500,53.133,53.107,0.1,0.1
06.04.2021 08:48:36.855 GMT-0500,53.123000000000005,53.107,0.1,0.1
06.04.2021 08:48:43.023 GMT-0500,53.122,53.118,0.075,0.0008
06.04.2021 08:48:43.073 GMT-0500,53.132,53.118,0.1,0.1
06.04.2021 08:48:43.917 GMT-0500,53.143,53.117,0.1,0.1
06.04.2021 08:48:45.871 GMT-0500,53.133,53.117,0.1,0.1
06.04.2021 08:48:58.063 GMT-0500,53.141999999999996,53.118,0.1,0.1
06.04.2021 08:48:58.323 GMT-0500,53.133,53.117,0.075,0.1
06.04.2021 08:48:58.777 GMT-0500,53.143,53.117,0.1,0.1
06.04.2021 08:48:59.644 GMT-0500,53.133,53.117,0.1,0.1
06.04.2021 08:49:01.274 GMT-0500,53.141999999999996,53.118,0.1,0.1
06.04.2021 08:49:02.519 GMT-0500,53.133,53.117,0.075,0.1
06.04.2021 08:49:03.300 GMT-0500,53.141999999999996,53.118,0.1,0.1
06.04.2021 08:49:05.161 GMT-0500,53.132,53.118,0.075,0.1
06.04.2021 08:49:08.514 GMT-0500,53.143,53.117,0.1,0.1
06.04.2021 08:49:08.727 GMT-0500,53.141999999999996,53.128,0.1,0.1
06.04.2021 08:49:09.604 GMT-0500,53.141999999999996,53.138000000000005,0.0008,0.075
06.04.2021 08:49:09.654 GMT-0500,53.153000000000006,53.137,0.1,0.1
06.04.2021 08:49:18.820 GMT-0500,53.163000000000004,53.147,0.1,0.1
06.04.2021 08:49:18.998 GMT-0500,53.173,53.147,0.1,0.1
06.04.2021 08:49:19.229 GMT-0500,53.163000000000004,53.147,0.1,0.1
06.04.2021 08:49:24.180 GMT-0500,53.172,53.148,0.1,0.1
06.04.2021 08:49:24.230 GMT-0500,53.172,53.158,0.1,0.1
06.04.2021 08:49:27.623 GMT-0500,53.162,53.148,0.1,0.1
06.04.2021 08:49:28.031 GMT-0500,53.162,53.138000000000005,0.1,0.1
06.04.2021 08:49:28.952 GMT-0500,53.163000000000004,53.147,0.1,0.0008
06.04.2021 08:49:32.400 GMT-0500,53.173,53.147,0.1,0.1
06.04.2021 08:49:32.965 GMT-0500,53.162,53.148,0.1,0.1
06.04.2021 08:49:34.007 GMT-0500,53.172,53.148,0.1,0.1
06.04.2021 08:49:34.833 GMT-0500,53.162,53.148,0.0008,0.1
06.04.2021 08:49:44.271 GMT-0500,53.183,53.157,0.1,0.1
06.04.2021 08:49:45.327 GMT-0500,53.173,53.157,0.0008,0.1
06.04.2021 08:49:47.773 GMT-0500,53.183,53.157,0.1,0.1
06.04.2021 08:49:56.657 GMT-0500,53.183,53.167,0.1,0.0008
06.04.2021 08:49:58.784 GMT-0500,53.193000000000005,53.167,0.1,0.1
06.04.2021 08:49:59.301 GMT-0500,53.183,53.167,0.075,0.1
06.04.2021 08:50:00.467 GMT-0500,53.192,53.168000000000006,0.1,0.1
06.04.2021 08:50:00.551 GMT-0500,53.182,53.168000000000006,0.0008,0.1
06.04.2021 08:50:01.661 GMT-0500,53.192,53.168000000000006,0.1,0.1
06.04.2021 08:50:03.847 GMT-0500,53.183,53.167,0.075,0.1
06.04.2021 08:50:06.178 GMT-0500,53.193000000000005,53.167,0.1,0.1
06.04.2021 08:50:06.256 GMT-0500,53.183,53.167,0.1,0.1
06.04.2021 08:50:06.701 GMT-0500,53.193000000000005,53.167,0.1,0.1
06.04.2021 08:50:07.267 GMT-0500,53.182,53.168000000000006,0.1,0.1
06.04.2021 08:50:08.566 GMT-0500,53.182,53.178000000000004,0.075,0.0008
06.04.2021 08:50:08.616 GMT-0500,53.193000000000005,53.177,0.1,0.1
06.04.2021 08:50:08.949 GMT-0500,53.202,53.178000000000004,0.1,0.1
06.04.2021 08:50:09.484 GMT-0500,53.202,53.188,0.1,0.1
06.04.2021 08:50:12.200 GMT-0500,53.202,53.178000000000004,0.1,0.1
06.04.2021 08:50:12.795 GMT-0500,53.193000000000005,53.177,0.1,0.1
06.04.2021 08:50:13.165 GMT-0500,53.203,53.177,0.1,0.1
06.04.2021 08:50:20.596 GMT-0500,53.202,53.188,0.1,0.075
06.04.2021 08:50:20.749 GMT-0500,53.192,53.178000000000004,0.1,0.1
06.04.2021 08:50:21.780 GMT-0500,53.203,53.177,0.1,0.1
06.04.2021 08:50:24.011 GMT-0500,53.193000000000005,53.177,0.0008,0.1
06.04.2021 08:50:29.925 GMT-0500,53.192,53.168000000000006,0.1,0.1
06.04.2021 08:50:30.672 GMT-0500,53.192,53.178000000000004,0.1,0.0008
06.04.2021 08:50:32.907 GMT-0500,53.193000000000005,53.167,0.1,0.1
06.04.2021 08:50:33.008 GMT-0500,53.182,53.168000000000006,0.1,0.1
06.04.2021 08:50:35.933 GMT-0500,53.182,53.158,0.1,0.1
06.04.2021 08:50:35.983 GMT-0500,53.182,53.168000000000006,0.1,0.1
06.04.2021 08:50:36.051 GMT-0500,53.183,53.157,0.1,0.1
06.04.2021 08:50:37.231 GMT-0500,53.173,53.157,0.1,0.1
06.04.2021 08:50:37.837 GMT-0500,53.182,53.158,0.1,0.1
06.04.2021 08:50:38.057 GMT-0500,53.183,53.167,0.1,0.1
06.04.2021 08:50:38.521 GMT-0500,53.183,53.157,0.1,0.1
06.04.2021 08:50:38.571 GMT-0500,53.182,53.168000000000006,0.1,0.1
06.04.2021 08:50:38.672 GMT-0500,53.182,53.158,0.1,0.1
06.04.2021 08:50:38.880 GMT-0500,53.172,53.158,0.075,0.1
06.04.2021 08:50:38.930 GMT-0500,53.182,53.158,0.1,0.1
06.04.2021 08:50:39.110 GMT-0500,53.182,53.168000000000006,0.1,0.0008
06.04.2021 08:50:41.736 GMT-0500,53.182,53.158,0.1,0.1
06.04.2021 08:50:45.033 GMT-0500,53.183,53.167,0.1,0.0008
06.04.2021 08:50:45.234 GMT-0500,53.193000000000005,53.167,0.1,0.1
06.04.2021 08:50:45.923 GMT-0500,53.183,53.167,0.0008,0.1
06.04.2021 08:50:46.023 GMT-0500,53.192,53.168000000000006,0.1,0.1
06.04.2021 08:50:46.074 GMT-0500,53.192,53.178000000000004,0.1,0.1
06.04.2021 08:50:46.147 GMT-0500,53.192,53.168000000000006,0.1,0.1
06.04.2021 08:50:46.580 GMT-0500,53.183,53.167,0.1,0.1
06.04.2021 08:50:46.630 GMT-0500,53.193000000000005,53.167,0.1,0.1
06.04.2021 08:50:46.681 GMT-0500,53.193000000000005,53.177,0.1,0.1
06.04.2021 08:50:46.792 GMT-0500,53.192,53.168000000000006,0.1,0.1
06.04.2021 08:50:47.071 GMT-0500,53.193000000000005,53.177,0.1,0.0008
06.04.2021 08:50:47.172 GMT-0500,53.193000000000005,53.167,0.1,0.1
06.04.2021 08:50:47.375 GMT-0500,53.183,53.167,0.1,0.1
06.04.2021 08:50:47.987 GMT-0500,53.192,53.168000000000006,0.1,0.1
06.04.2021 08:50:48.144 GMT-0500,53.182,53.168000000000006,0.075,0.1
06.04.2021 08:50:48.268 GMT-0500,53.192,53.168000000000006,0.1,0.1
06.04.2021 08:50:48.515 GMT-0500,53.183,53.167,0.075,0.1
06.04.2021 08:50:50.692 GMT-0500,53.192,53.168000000000006,0.1,0.1
06.04.2021 08:50:51.221 GMT-0500,53.182,53.168000000000006,0.1,0.1
06.04.2021 08:50:52.685 GMT-0500,53.182,53.158,0.1,0.1
06.04.2021 08:50:55.042 GMT-0500,53.172,53.158,0.0008,0.1
06.04.2021 08:51:00.573 GMT-0500,53.172,53.168000000000006,0.0008,0.075
06.04.2021 08:51:00.623 GMT-0500,53.183,53.167,0.1,0.1
06.04.2021 08:51:01.141 GMT-0500,53.182,53.158,0.1,0.1
06.04.2021 08:51:02.474 GMT-0500,53.182,53.168000000000006,0.1,0.075
06.04.2021 08:51:02.804 GMT-0500,53.182,53.158,0.1,0.1
06.04.2021 08:51:06.044 GMT-0500,53.183,53.167,0.1,0.075
06.04.2021 08:51:06.291 GMT-0500,53.183,53.157,0.1,0.1
06.04.2021 08:51:06.539 GMT-0500,53.182,53.168000000000006,0.1,0.0008
06.04.2021 08:51:06.895 GMT-0500,53.183,53.157,0.1,0.1
06.04.2021 08:51:09.371 GMT-0500,53.172,53.158,0.0008,0.1
06.04.2021 08:51:11.480 GMT-0500,53.183,53.157,0.1,0.1
06.04.2021 08:51:12.255 GMT-0500,53.172,53.158,0.075,0.1
06.04.2021 08:51:12.406 GMT-0500,53.182,53.158,0.1,0.1
06.04.2021 08:51:12.826 GMT-0500,53.172,53.158,0.075,0.1
06.04.2021 08:51:12.877 GMT-0500,53.183,53.157,0.1,0.1
06.04.2021 08:51:12.927 GMT-0500,53.172,53.158,0.1,0.1
06.04.2021 08:51:14.743 GMT-0500,53.183,53.157,0.1,0.1
06.04.2021 08:51:15.271 GMT-0500,53.182,53.168000000000006,0.1,0.0008
06.04.2021 08:51:15.321 GMT-0500,53.183,53.157,0.1,0.1
06.04.2021 08:51:15.599 GMT-0500,53.173,53.157,0.0008,0.1
06.04.2021 08:51:15.923 GMT-0500,53.182,53.158,0.1,0.1
06.04.2021 08:51:24.129 GMT-0500,53.173,53.157,0.1,0.1
06.04.2021 08:51:24.315 GMT-0500,53.183,53.157,0.1,0.1
06.04.2021 08:51:25.159 GMT-0500,53.183,53.167,0.1,0.075
06.04.2021 08:51:25.842 GMT-0500,53.192,53.178000000000004,0.1,0.1
06.04.2021 08:51:25.943 GMT-0500,53.192,53.168000000000006,0.1,0.1
06.04.2021 08:51:26.203 GMT-0500,53.192,53.178000000000004,0.1,0.1
06.04.2021 08:51:27.091 GMT-0500,53.193000000000005,53.187,0.075,0.0008
06.04.2021 08:51:27.141 GMT-0500,53.202,53.178000000000004,0.1,0.1
06.04.2021 08:51:31.249 GMT-0500,53.202,53.188,0.1,0.075
06.04.2021 08:51:34.621 GMT-0500,53.193000000000005,53.177,0.1,0.1
06.04.2021 08:51:34.859 GMT-0500,53.203,53.177,0.1,0.1
06.04.2021 08:51:35.270 GMT-0500,53.192,53.178000000000004,0.0008,0.1
06.04.2021 08:51:49.792 GMT-0500,53.202,53.188,0.1,0.1
06.04.2021 08:51:50.586 GMT-0500,53.203,53.177,0.1,0.1
06.04.2021 08:51:50.637 GMT-0500,53.203,53.187,0.1,0.1
06.04.2021 08:51:51.401 GMT-0500,53.203,53.177,0.1,0.1
06.04.2021 08:51:52.885 GMT-0500,53.202,53.188,0.1,0.0008
06.04.2021 08:51:55.281 GMT-0500,53.211999999999996,53.188,0.1,0.1
06.04.2021 08:51:55.332 GMT-0500,53.223000000000006,53.197,0.1,0.1
06.04.2021 08:51:58.565 GMT-0500,53.211999999999996,53.198,0.0008,0.1
06.04.2021 08:52:13.800 GMT-0500,53.213,53.207,0.075,0.0008
06.04.2021 08:52:13.850 GMT-0500,53.223000000000006,53.207,0.1,0.1
06.04.2021 08:52:13.952 GMT-0500,53.233000000000004,53.207,0.1,0.1
06.04.2021 08:52:14.003 GMT-0500,53.222,53.208000000000006,0.1,0.1
06.04.2021 08:52:14.221 GMT-0500,53.233000000000004,53.207,0.1,0.1
06.04.2021 08:52:14.536 GMT-0500,53.223000000000006,53.207,0.1,0.1
06.04.2021 08:52:14.587 GMT-0500,53.232,53.208000000000006,0.1,0.1
06.04.2021 08:52:15.882 GMT-0500,53.233000000000004,53.217,0.1,0.1
06.04.2021 08:52:16.100 GMT-0500,53.242,53.228,0.1,0.1
06.04.2021 08:52:16.151 GMT-0500,53.243,53.217,0.1,0.1
06.04.2021 08:52:16.201 GMT-0500,53.243,53.227,0.1,0.1
06.04.2021 08:52:32.247 GMT-0500,53.243,53.217,0.1,0.1
06.04.2021 08:52:34.394 GMT-0500,53.233000000000004,53.217,0.075,0.1
06.04.2021 08:52:34.494 GMT-0500,53.243,53.217,0.1,0.1
06.04.2021 08:52:34.685 GMT-0500,53.242,53.228,0.1,0.075
06.04.2021 08:52:41.109 GMT-0500,53.253,53.237,0.1,0.1
06.04.2021 08:52:41.262 GMT-0500,53.252,53.228,0.1,0.1
06.04.2021 08:52:42.165 GMT-0500,53.253,53.237,0.1,0.1
06.04.2021 08:52:46.121 GMT-0500,53.253,53.227,0.1,0.1
06.04.2021 08:52:46.421 GMT-0500,53.253,53.237,0.1,0.1
06.04.2021 08:52:46.856 GMT-0500,53.252,53.228,0.1,0.1
06.04.2021 08:52:47.393 GMT-0500,53.252,53.238,0.1,0.075
06.04.2021 08:52:47.493 GMT-0500,53.252,53.228,0.1,0.1
06.04.2021 08:52:51.017 GMT-0500,53.242,53.228,0.0008,0.1
06.04.2021 08:52:51.067 GMT-0500,53.252,53.228,0.1,0.1
06.04.2021 08:52:51.175 GMT-0500,53.252,53.238,0.1,0.1
06.04.2021 08:52:51.473 GMT-0500,53.243,53.227,0.1,0.1
06.04.2021 08:52:51.574 GMT-0500,53.253,53.227,0.1,0.1
06.04.2021 08:52:58.978 GMT-0500,53.243,53.227,0.0008,0.1
06.04.2021 08:52:59.284 GMT-0500,53.252,53.228,0.1,0.1
06.04.2021 08:53:00.057 GMT-0500,53.242,53.228,0.0008,0.1
06.04.2021 08:53:02.417 GMT-0500,53.243,53.217,0.1,0.1
06.04.2021 08:53:04.489 GMT-0500,53.232,53.218,0.1,0.1
06.04.2021 08:53:05.721 GMT-0500,53.243,53.217,0.1,0.1
06.04.2021 08:53:06.540 GMT-0500,53.233000000000004,53.217,0.0008,0.1
06.04.2021 08:53:07.450 GMT-0500,53.243,53.217,0.1,0.1
06.04.2021 08:53:10.725 GMT-0500,53.242,53.228,0.1,0.075
06.04.2021 08:53:10.775 GMT-0500,53.243,53.217,0.1,0.1
06.04.2021 08:53:11.452 GMT-0500,53.232,53.218,0.1,0.1
06.04.2021 08:53:16.402 GMT-0500,53.233000000000004,53.207,0.1,0.1
06.04.2021 08:53:16.852 GMT-0500,53.232,53.218,0.1,0.0008
06.04.2021 08:53:25.154 GMT-0500,53.242,53.218,0.1,0.1
06.04.2021 08:53:25.207 GMT-0500,53.232,53.218,0.0008,0.1
06.04.2021 08:53:30.056 GMT-0500,53.223000000000006,53.217,0.0008,0.075
06.04.2021 08:53:30.106 GMT-0500,53.222,53.208000000000006,0.1,0.1
06.04.2021 08:53:30.253 GMT-0500,53.222,53.198,0.1,0.1
06.04.2021 08:53:31.020 GMT-0500,53.222,53.208000000000006,0.1,0.075
06.04.2021 08:53:31.748 GMT-0500,53.232,53.208000000000006,0.1,0.1
06.04.2021 08:53:31.850 GMT-0500,53.223000000000006,53.207,0.1,0.1
06.04.2021 08:53:33.232 GMT-0500,53.222,53.198,0.1,0.1
06.04.2021 08:53:33.282 GMT-0500,53.222,53.208000000000006,0.1,0.1
06.04.2021 08:53:33.616 GMT-0500,53.223000000000006,53.197,0.1,0.1
06.04.2021 08:53:33.717 GMT-0500,53.223000000000006,53.207,0.1,0.1
06.04.2021 08:53:33.897 GMT-0500,53.222,53.198,0.1,0.1
06.04.2021 08:53:33.952 GMT-0500,53.223000000000006,53.207,0.1,0.1
06.04.2021 08:53:34.588 GMT-0500,53.222,53.198,0.1,0.1
06.04.2021 08:53:34.872 GMT-0500,53.222,53.208000000000006,0.1,0.1
06.04.2021 08:53:34.922 GMT-0500,53.223000000000006,53.197,0.1,0.1
06.04.2021 08:53:36.214 GMT-0500,53.213,53.197,0.1,0.1
06.04.2021 08:53:36.506 GMT-0500,53.202,53.188,0.1,0.1
06.04.2021 08:53:39.250 GMT-0500,53.211999999999996,53.188,0.1,0.1
06.04.2021 08:53:43.677 GMT-0500,53.213,53.197,0.1,0.075
06.04.2021 08:53:44.632 GMT-0500,53.223000000000006,53.207,0.1,0.1
06.04.2021 08:53:48.274 GMT-0500,53.232,53.218,0.1,0.1
06.04.2021 08:53:50.537 GMT-0500,53.232,53.228,0.0008,0.075
06.04.2021 08:53:50.587 GMT-0500,53.243,53.227,0.1,0.1
06.04.2021 08:53:51.144 GMT-0500,53.253,53.227,0.1,0.1
06.04.2021 08:53:51.243 GMT-0500,53.243,53.227,0.0008,0.1
06.04.2021 08:53:52.002 GMT-0500,53.243,53.237,0.0008,0.075
06.04.2021 08:53:52.052 GMT-0500,53.252,53.228,0.1,0.1
06.04.2021 08:53:53.741 GMT-0500,53.252,53.238,0.1,0.0008
06.04.2021 08:53:57.198 GMT-0500,53.253,53.227,0.1,0.1
06.04.2021 08:53:57.248 GMT-0500,53.243,53.227,0.1,0.1
06.04.2021 08:53:58.607 GMT-0500,53.252,53.228,0.1,0.1
06.04.2021 08:53:58.722 GMT-0500,53.242,53.228,0.1,0.1
06.04.2021 08:53:59.612 GMT-0500,53.253,53.237,0.1,0.1
06.04.2021 08:54:00.586 GMT-0500,53.252,53.228,0.1,0.1
06.04.2021 08:54:00.934 GMT-0500,53.252,53.238,0.1,0.0008
06.04.2021 08:54:01.492 GMT-0500,53.262,53.238,0.1,0.1
06.04.2021 08:54:01.543 GMT-0500,53.262,53.248000000000005,0.1,0.1
06.04.2021 08:54:02.523 GMT-0500,53.273,53.247,0.1,0.1
06.04.2021 08:54:03.534 GMT-0500,53.263000000000005,53.247,0.075,0.1
06.04.2021 08:54:03.973 GMT-0500,53.272,53.248000000000005,0.1,0.1
06.04.2021 08:54:04.780 GMT-0500,53.262,53.248000000000005,0.1,0.1
06.04.2021 08:54:05.686 GMT-0500,53.263000000000005,53.257,0.075,0.0008
06.04.2021 08:54:05.737 GMT-0500,53.272,53.258,0.1,0.1
06.04.2021 08:54:10.416 GMT-0500,53.283,53.257,0.1,0.1
06.04.2021 08:54:10.525 GMT-0500,53.282,53.268,0.1,0.1
06.04.2021 08:54:17.394 GMT-0500,53.292,53.268,0.1,0.1
06.04.2021 08:54:19.810 GMT-0500,53.293000000000006,53.277,0.1,0.1
06.04.2021 08:54:24.562 GMT-0500,53.302,53.278000000000006,0.1,0.1
06.04.2021 08:54:24.612 GMT-0500,53.293000000000006,53.277,0.1,0.1
06.04.2021 08:54:25.815 GMT-0500,53.303000000000004,53.277,0.1,0.1
06.04.2021 08:54:26.813 GMT-0500,53.302,53.288000000000004,0.1,0.1
06.04.2021 08:54:29.460 GMT-0500,53.313,53.287,0.1,0.1
06.04.2021 08:54:30.237 GMT-0500,53.302,53.288000000000004,0.0008,0.1
06.04.2021 08:54:30.662 GMT-0500,53.312,53.288000000000004,0.1,0.1
06.04.2021 08:54:33.401 GMT-0500,53.313,53.297,0.1,0.0008
06.04.2021 08:54:36.345 GMT-0500,53.323,53.297,0.1,0.1
06.04.2021 08:54:38.403 GMT-0500,53.312,53.298,0.075,0.1
06.04.2021 08:55:00.109 GMT-0500,53.323,53.307,0.1,0.1
06.04.2021 08:55:07.107 GMT-0500,53.322,53.318000000000005,0.075,0.0008
06.04.2021 08:55:07.157 GMT-0500,53.333000000000006,53.317,0.1,0.1
06.04.2021 08:55:19.270 GMT-0500,53.342,53.318000000000005,0.1,0.1
06.04.2021 08:55:19.353 GMT-0500,53.332,53.318000000000005,0.0008,0.1
06.04.2021 08:55:32.118 GMT-0500,53.313,53.297,0.1,0.1
06.04.2021 08:55:34.153 GMT-0500,53.323,53.297,0.1,0.1
06.04.2021 08:55:34.471 GMT-0500,53.313,53.297,0.075,0.1
06.04.2021 08:55:34.654 GMT-0500,53.323,53.307,0.1,0.1
06.04.2021 08:55:34.915 GMT-0500,53.312,53.308,0.0008,0.075
06.04.2021 08:55:34.965 GMT-0500,53.313,53.297,0.1,0.1
06.04.2021 08:55:35.016 GMT-0500,53.323,53.297,0.1,0.1
06.04.2021 08:55:35.414 GMT-0500,53.313,53.297,0.0008,0.1
06.04.2021 08:55:37.905 GMT-0500,53.303000000000004,53.297,0.0008,0.075
06.04.2021 08:55:37.955 GMT-0500,53.302,53.288000000000004,0.1,0.1
06.04.2021 08:55:38.261 GMT-0500,53.303000000000004,53.277,0.1,0.1
06.04.2021 08:55:41.452 GMT-0500,53.303000000000004,53.287,0.1,0.075
06.04.2021 08:55:42.445 GMT-0500,53.302,53.278000000000006,0.1,0.1
06.04.2021 08:55:43.494 GMT-0500,53.293000000000006,53.277,0.0008,0.1
06.04.2021 08:55:43.544 GMT-0500,53.292,53.268,0.1,0.1
06.04.2021 08:55:44.596 GMT-0500,53.282,53.268,0.0008,0.1
06.04.2021 08:55:49.329 GMT-0500,53.292,53.268,0.1,0.1
06.04.2021 08:55:49.613 GMT-0500,53.293000000000006,53.277,0.1,0.0008
06.04.2021 08:55:49.764 GMT-0500,53.303000000000004,53.287,0.1,0.1
06.04.2021 08:55:49.926 GMT-0500,53.302,53.278000000000006,0.1,0.1
06.04.2021 08:55:51.399 GMT-0500,53.292,53.278000000000006,0.075,0.1
06.04.2021 08:55:51.702 GMT-0500,53.292,53.288000000000004,0.075,0.0008
06.04.2021 08:55:51.753 GMT-0500,53.302,53.288000000000004,0.1,0.1
06.04.2021 08:55:52.036 GMT-0500,53.302,53.278000000000006,0.1,0.1
06.04.2021 08:55:52.723 GMT-0500,53.293000000000006,53.277,0.1,0.1
06.04.2021 08:55:52.836 GMT-0500,53.302,53.288000000000004,0.1,0.0008
06.04.2021 08:55:52.887 GMT-0500,53.303000000000004,53.277,0.1,0.1
06.04.2021 08:55:55.046 GMT-0500,53.292,53.278000000000006,0.075,0.1
06.04.2021 08:55:55.147 GMT-0500,53.303000000000004,53.277,0.1,0.1
06.04.2021 08:55:55.946 GMT-0500,53.293000000000006,53.277,0.1,0.1
06.04.2021 08:55:56.267 GMT-0500,53.293000000000006,53.266999999999996,0.1,0.1
06.04.2021 08:56:00.098 GMT-0500,53.292,53.278000000000006,0.1,0.0008
06.04.2021 08:56:00.199 GMT-0500,53.303000000000004,53.277,0.1,0.1
06.04.2021 08:56:00.249 GMT-0500,53.292,53.278000000000006,0.1,0.1
06.04.2021 08:56:00.685 GMT-0500,53.303000000000004,53.277,0.1,0.1
06.04.2021 08:56:02.314 GMT-0500,53.292,53.278000000000006,0.075,0.1
06.04.2021 08:56:02.554 GMT-0500,53.302,53.278000000000006,0.1,0.1
06.04.2021 08:56:04.152 GMT-0500,53.292,53.278000000000006,0.0008,0.1
06.04.2021 08:56:14.339 GMT-0500,53.283,53.266999999999996,0.1,0.1
06.04.2021 08:56:20.788 GMT-0500,53.272,53.258,0.1,0.1
06.04.2021 08:56:21.041 GMT-0500,53.272,53.268,0.075,0.0008
06.04.2021 08:56:21.091 GMT-0500,53.282,53.268,0.1,0.1
06.04.2021 08:56:21.496 GMT-0500,53.292,53.268,0.1,0.1
06.04.2021 08:56:21.598 GMT-0500,53.293000000000006,53.277,0.1,0.1
06.04.2021 08:56:22.302 GMT-0500,53.293000000000006,53.266999999999996,0.1,0.1
06.04.2021 08:56:24.875 GMT-0500,53.292,53.278000000000006,0.1,0.1
06.04.2021 08:56:25.005 GMT-0500,53.302,53.288000000000004,0.1,0.1
06.04.2021 08:56:25.536 GMT-0500,53.312,53.288000000000004,0.1,0.1
06.04.2021 08:56:25.587 GMT-0500,53.313,53.297,0.1,0.075
06.04.2021 08:56:25.637 GMT-0500,53.322,53.298,0.1,0.1
06.04.2021 08:56:27.545 GMT-0500,53.313,53.297,0.075,0.1
06.04.2021 08:56:28.548 GMT-0500,53.313,53.287,0.1,0.1
06.04.2021 08:56:31.311 GMT-0500,53.303000000000004,53.287,0.075,0.1
06.04.2021 08:56:31.538 GMT-0500,53.312,53.288000000000004,0.1,0.1
06.04.2021 08:56:31.756 GMT-0500,53.303000000000004,53.287,0.0008,0.1
06.04.2021 08:56:32.539 GMT-0500,53.312,53.288000000000004,0.1,0.1
06.04.2021 08:56:33.395 GMT-0500,53.313,53.297,0.1,0.0008
06.04.2021 08:56:35.856 GMT-0500,53.323,53.297,0.1,0.1
06.04.2021 08:56:37.329 GMT-0500,53.313,53.297,0.0008,0.1
06.04.2021 08:56:37.661 GMT-0500,53.322,53.298,0.1,0.1
06.04.2021 08:56:39.661 GMT-0500,53.323,53.307,0.1,0.075
06.04.2021 08:56:39.766 GMT-0500,53.323,53.317,0.075,0.0008
06.04.2021 08:56:39.816 GMT-0500,53.332,53.318000000000005,0.1,0.1
06.04.2021 08:56:39.867 GMT-0500,53.312,53.298,0.1,0.1
06.04.2021 08:56:39.917 GMT-0500,53.322,53.298,0.1,0.1
06.04.2021 08:56:40.095 GMT-0500,53.313,53.297,0.1,0.1
06.04.2021 08:56:41.074 GMT-0500,53.323,53.297,0.1,0.1
06.04.2021 08:56:41.124 GMT-0500,53.312,53.298,0.1,0.1
06.04.2021 08:56:41.786 GMT-0500,53.323,53.297,0.1,0.1
06.04.2021 08:56:41.969 GMT-0500,53.312,53.298,0.1,0.1
06.04.2021 08:56:42.873 GMT-0500,53.322,53.298,0.1,0.1
06.04.2021 08:56:45.309 GMT-0500,53.313,53.297,0.075,0.1
06.04.2021 08:56:45.680 GMT-0500,53.323,53.297,0.1,0.1
06.04.2021 08:56:45.879 GMT-0500,53.312,53.298,0.075,0.1
06.04.2021 08:56:51.019 GMT-0500,53.313,53.307,0.075,0.0008
06.04.2021 08:56:51.069 GMT-0500,53.323,53.307,0.1,0.1
06.04.2021 08:56:51.486 GMT-0500,53.312,53.298,0.1,0.1
06.04.2021 08:56:51.713 GMT-0500,53.322,53.298,0.1,0.1
06.04.2021 08:56:51.816 GMT-0500,53.313,53.297,0.075,0.1
06.04.2021 08:56:55.516 GMT-0500,53.323,53.297,0.1,0.1
06.04.2021 08:56:56.048 GMT-0500,53.313,53.297,0.075,0.1
06.04.2021 08:56:56.267 GMT-0500,53.322,53.298,0.1,0.1
06.04.2021 08:56:58.884 GMT-0500,53.323,53.307,0.1,0.075
06.04.2021 08:56:58.985 GMT-0500,53.312,53.298,0.1,0.1
06.04.2021 08:56:59.153 GMT-0500,53.322,53.298,0.1,0.1
06.04.2021 08:56:59.562 GMT-0500,53.323,53.307,0.1,0.1
06.04.2021 08:56:59.613 GMT-0500,53.323,53.297,0.1,0.1
06.04.2021 08:56:59.752 GMT-0500,53.322,53.308,0.1,0.075
06.04.2021 08:57:00.060 GMT-0500,53.322,53.298,0.1,0.1
06.04.2021 08:57:00.140 GMT-0500,53.322,53.308,0.1,0.0008
06.04.2021 08:57:00.241 GMT-0500,53.323,53.297,0.1,0.1
06.04.2021 08:57:00.323 GMT-0500,53.322,53.308,0.1,0.075
06.04.2021 08:57:00.819 GMT-0500,53.333000000000006,53.307,0.1,0.1
06.04.2021 08:57:02.032 GMT-0500,53.322,53.308,0.0008,0.1
06.04.2021 08:57:02.183 GMT-0500,53.323,53.297,0.1,0.1
06.04.2021 08:57:02.341 GMT-0500,53.323,53.307,0.1,0.1
06.04.2021 08:57:02.514 GMT-0500,53.332,53.308,0.1,0.1
06.04.2021 08:57:02.662 GMT-0500,53.323,53.307,0.0008,0.1
06.04.2021 08:57:02.971 GMT-0500,53.333000000000006,53.307,0.1,0.1
06.04.2021 08:57:04.912 GMT-0500,53.322,53.308,0.1,0.1
06.04.2021 08:57:05.251 GMT-0500,53.332,53.308,0.1,0.1
06.04.2021 08:57:11.842 GMT-0500,53.332,53.318000000000005,0.1,0.1
06.04.2021 08:57:12.196 GMT-0500,53.342,53.318000000000005,0.1,0.1
06.04.2021 08:57:12.569 GMT-0500,53.333000000000006,53.317,0.075,0.1
06.04.2021 08:57:12.620 GMT-0500,53.342,53.318000000000005,0.1,0.1
06.04.2021 08:57:13.793 GMT-0500,53.332,53.318000000000005,0.0008,0.1
06.04.2021 08:57:14.214 GMT-0500,53.342,53.318000000000005,0.1,0.1
06.04.2021 08:57:14.460 GMT-0500,53.332,53.318000000000005,0.1,0.1
06.04.2021 08:57:14.957 GMT-0500,53.343,53.317,0.1,0.1
06.04.2021 08:57:15.114 GMT-0500,53.333000000000006,53.317,0.0008,0.1
06.04.2021 08:57:17.267 GMT-0500,53.343,53.317,0.1,0.1
06.04.2021 08:57:17.779 GMT-0500,53.332,53.318000000000005,0.075,0.1
06.04.2021 08:57:24.203 GMT-0500,53.343,53.317,0.1,0.1
06.04.2021 08:57:24.337 GMT-0500,53.332,53.318000000000005,0.0008,0.1
06.04.2021 08:57:28.354 GMT-0500,53.332,53.308,0.1,0.1
06.04.2021 08:57:29.353 GMT-0500,53.332,53.318000000000005,0.1,0.075
06.04.2021 08:57:29.578 GMT-0500,53.332,53.308,0.1,0.1
06.04.2021 08:57:29.994 GMT-0500,53.333000000000006,53.317,0.1,0.075
06.04.2021 08:57:30.095 GMT-0500,53.332,53.308,0.1,0.1
06.04.2021 08:57:30.942 GMT-0500,53.323,53.307,0.1,0.1
06.04.2021 08:57:36.853 GMT-0500,53.312,53.308,0.0008,0.075
06.04.2021 08:57:36.903 GMT-0500,53.313,53.297,0.1,0.1
06.04.2021 08:57:37.902 GMT-0500,53.323,53.307,0.1,0.1
06.04.2021 08:57:38.006 GMT-0500,53.322,53.298,0.1,0.1
06.04.2021 08:57:38.283 GMT-0500,53.323,53.307,0.1,0.075
06.04.2021 08:57:38.384 GMT-0500,53.322,53.298,0.1,0.1
06.04.2021 08:57:38.487 GMT-0500,53.312,53.298,0.0008,0.1
06.04.2021 08:57:38.990 GMT-0500,53.323,53.297,0.1,0.1
06.04.2021 08:57:39.159 GMT-0500,53.312,53.298,0.0008,0.1
06.04.2021 08:57:39.507 GMT-0500,53.322,53.298,0.1,0.1
06.04.2021 08:57:40.608 GMT-0500,53.322,53.308,0.1,0.1
06.04.2021 08:57:40.659 GMT-0500,53.322,53.298,0.1,0.1
06.04.2021 08:57:41.914 GMT-0500,53.313,53.297,0.075,0.1
06.04.2021 08:57:43.375 GMT-0500,53.323,53.297,0.1,0.1
06.04.2021 08:57:44.181 GMT-0500,53.312,53.298,0.1,0.1
06.04.2021 08:57:44.529 GMT-0500,53.322,53.298,0.1,0.1
06.04.2021 08:57:45.067 GMT-0500,53.313,53.297,0.075,0.1
06.04.2021 08:57:45.426 GMT-0500,53.322,53.298,0.1,0.1
06.04.2021 08:57:46.135 GMT-0500,53.313,53.297,0.075,0.1
06.04.2021 08:57:46.185 GMT-0500,53.312,53.288000000000004,0.1,0.1
06.04.2021 08:57:46.235 GMT-0500,53.303000000000004,53.287,0.1,0.1
06.04.2021 08:57:50.754 GMT-0500,53.303000000000004,53.277,0.1,0.1
06.04.2021 08:57:51.647 GMT-0500,53.302,53.288000000000004,0.1,0.1
06.04.2021 08:57:51.772 GMT-0500,53.292,53.278000000000006,0.1,0.1
06.04.2021 08:57:55.020 GMT-0500,53.292,53.288000000000004,0.0008,0.075
06.04.2021 08:57:55.071 GMT-0500,53.302,53.288000000000004,0.1,0.1
06.04.2021 08:57:57.013 GMT-0500,53.313,53.287,0.1,0.1
06.04.2021 08:57:57.409 GMT-0500,53.293000000000006,53.277,0.1,0.1
06.04.2021 08:57:58.245 GMT-0500,53.293000000000006,53.266999999999996,0.1,0.1
06.04.2021 08:57:58.295 GMT-0500,53.292,53.278000000000006,0.1,0.1
06.04.2021 08:57:59.793 GMT-0500,53.292,53.268,0.1,0.1
06.04.2021 08:57:59.855 GMT-0500,53.293000000000006,53.277,0.1,0.0008
06.04.2021 08:58:00.193 GMT-0500,53.292,53.268,0.1,0.1
06.04.2021 08:58:00.243 GMT-0500,53.293000000000006,53.277,0.1,0.1
06.04.2021 08:58:06.663 GMT-0500,53.292,53.268,0.1,0.1
06.04.2021 08:58:06.817 GMT-0500,53.282,53.268,0.0008,0.1
06.04.2021 08:58:07.510 GMT-0500,53.293000000000006,53.266999999999996,0.1,0.1
06.04.2021 08:58:08.746 GMT-0500,53.283,53.266999999999996,0.075,0.1
06.04.2021 08:58:17.642 GMT-0500,53.273,53.266999999999996,0.0008,0.075
06.04.2021 08:58:17.692 GMT-0500,53.273,53.257,0.1,0.1
06.04.2021 08:58:26.357 GMT-0500,53.282,53.268,0.1,0.1
06.04.2021 08:58:31.250 GMT-0500,53.283,53.257,0.1,0.1
06.04.2021 08:58:32.176 GMT-0500,53.273,53.257,0.075,0.1
06.04.2021 08:58:45.152 GMT-0500,53.263000000000005,53.247,0.1,0.1
06.04.2021 08:58:56.585 GMT-0500,53.252,53.238,0.1,0.1
06.04.2021 08:59:01.855 GMT-0500,53.242,53.228,0.1,0.1
06.04.2021 08:59:02.340 GMT-0500,53.233000000000004,53.217,0.1,0.1
06.04.2021 08:59:03.533 GMT-0500,53.242,53.228,0.1,0.1
06.04.2021 08:59:03.870 GMT-0500,53.242,53.218,0.1,0.1
06.04.2021 08:59:04.271 GMT-0500,53.243,53.227,0.1,0.075
06.04.2021 08:59:05.195 GMT-0500,53.243,53.217,0.1,0.1
06.04.2021 08:59:05.957 GMT-0500,53.243,53.227,0.1,0.0008
06.04.2021 08:59:07.316 GMT-0500,53.252,53.238,0.1,0.1
06.04.2021 08:59:07.466 GMT-0500,53.242,53.228,0.1,0.1
06.04.2021 08:59:09.818 GMT-0500,53.253,53.237,0.1,0.1
06.04.2021 08:59:10.021 GMT-0500,53.263000000000005,53.237,0.1,0.1
06.04.2021 08:59:10.511 GMT-0500,53.252,53.238,0.1,0.1
06.04.2021 08:59:14.256 GMT-0500,53.263000000000005,53.237,0.1,0.1
06.04.2021 08:59:14.306 GMT-0500,53.253,53.237,0.1,0.1
06.04.2021 08:59:15.141 GMT-0500,53.262,53.238,0.1,0.1
06.04.2021 08:59:15.241 GMT-0500,53.252,53.238,0.1,0.1
06.04.2021 08:59:16.753 GMT-0500,53.262,53.248000000000005,0.1,0.1
06.04.2021 08:59:17.112 GMT-0500,53.273,53.247,0.1,0.1
06.04.2021 08:59:17.212 GMT-0500,53.262,53.248000000000005,0.1,0.1
06.04.2021 08:59:21.000 GMT-0500,53.272,53.248000000000005,0.1,0.1
06.04.2021 08:59:21.938 GMT-0500,53.263000000000005,53.247,0.0008,0.1
06.04.2021 08:59:22.800 GMT-0500,53.273,53.247,0.1,0.1
06.04.2021 08:59:26.908 GMT-0500,53.272,53.258,0.1,0.1
06.04.2021 08:59:27.115 GMT-0500,53.283,53.257,0.1,0.1
06.04.2021 08:59:27.166 GMT-0500,53.282,53.268,0.1,0.1
06.04.2021 08:59:27.591 GMT-0500,53.283,53.257,0.1,0.1
06.04.2021 08:59:27.766 GMT-0500,53.272,53.258,0.1,0.1
06.04.2021 08:59:27.903 GMT-0500,53.283,53.257,0.1,0.1
06.04.2021 08:59:28.450 GMT-0500,53.273,53.257,0.1,0.1
06.04.2021 08:59:30.910 GMT-0500,53.263000000000005,53.247,0.1,0.1
06.04.2021 08:59:31.825 GMT-0500,53.272,53.248000000000005,0.1,0.1
06.04.2021 08:59:32.463 GMT-0500,53.263000000000005,53.247,0.0008,0.1
06.04.2021 08:59:32.647 GMT-0500,53.273,53.257,0.1,0.1
06.04.2021 08:59:32.697 GMT-0500,53.272,53.248000000000005,0.1,0.1
06.04.2021 08:59:33.839 GMT-0500,53.273,53.257,0.1,0.0008
06.04.2021 08:59:35.801 GMT-0500,53.283,53.257,0.1,0.1
06.04.2021 08:59:36.129 GMT-0500,53.282,53.268,0.1,0.075
06.04.2021 08:59:36.561 GMT-0500,53.293000000000006,53.266999999999996,0.1,0.1
06.04.2021 08:59:37.154 GMT-0500,53.282,53.268,0.0008,0.1
06.04.2021 09:00:00.515 GMT-0500,53.293000000000006,53.277,0.1,0.1
06.04.2021 09:00:04.417 GMT-0500,53.283,53.266999999999996,0.1,0.1
06.04.2021 09:00:05.038 GMT-0500,53.272,53.258,0.1,0.1
06.04.2021 09:00:05.355 GMT-0500,53.282,53.258,0.1,0.1
06.04.2021 09:00:05.599 GMT-0500,53.272,53.258,0.075,0.1
06.04.2021 09:00:06.118 GMT-0500,53.282,53.258,0.1,0.1
06.04.2021 09:00:06.849 GMT-0500,53.283,53.266999999999996,0.1,0.0008
06.04.2021 09:00:07.549 GMT-0500,53.293000000000006,53.266999999999996,0.1,0.1
06.04.2021 09:00:07.849 GMT-0500,53.292,53.278000000000006,0.1,0.1
06.04.2021 09:00:10.308 GMT-0500,53.303000000000004,53.277,0.1,0.1
06.04.2021 09:00:10.370 GMT-0500,53.292,53.278000000000006,0.0008,0.1
06.04.2021 09:00:10.529 GMT-0500,53.303000000000004,53.277,0.1,0.1
06.04.2021 09:00:11.250 GMT-0500,53.302,53.288000000000004,0.1,0.1
06.04.2021 09:00:11.367 GMT-0500,53.293000000000006,53.277,0.1,0.1
06.04.2021 09:00:11.810 GMT-0500,53.293000000000006,53.266999999999996,0.1,0.1
06.04.2021 09:00:12.233 GMT-0500,53.293000000000006,53.277,0.1,0.075
06.04.2021 09:00:12.505 GMT-0500,53.282,53.268,0.1,0.1
06.04.2021 09:00:20.297 GMT-0500,53.293000000000006,53.277,0.1,0.1
06.04.2021 09:00:21.213 GMT-0500,53.303000000000004,53.277,0.1,0.1
06.04.2021 09:00:21.308 GMT-0500,53.303000000000004,53.287,0.1,0.0008
06.04.2021 09:00:22.410 GMT-0500,53.302,53.298,0.0008,0.075
06.04.2021 09:00:22.463 GMT-0500,53.312,53.298,0.1,0.1
06.04.2021 09:00:22.586 GMT-0500,53.312,53.288000000000004,0.1,0.1
06.04.2021 09:00:23.210 GMT-0500,53.302,53.288000000000004,0.1,0.1
06.04.2021 09:00:23.462 GMT-0500,53.312,53.288000000000004,0.1,0.1
06.04.2021 09:00:23.773 GMT-0500,53.302,53.288000000000004,0.0008,0.1
06.04.2021 09:00:23.873 GMT-0500,53.312,53.288000000000004,0.1,0.1
06.04.2021 09:00:27.453 GMT-0500,53.313,53.297,0.1,0.1
06.04.2021 09:00:30.652 GMT-0500,53.322,53.298,0.1,0.1
06.04.2021 09:00:30.822 GMT-0500,53.313,53.297,0.0008,0.1
06.04.2021 09:00:32.889 GMT-0500,53.322,53.298,0.1,0.1
06.04.2021 09:00:32.965 GMT-0500,53.312,53.298,0.0008,0.1
06.04.2021 09:00:34.497 GMT-0500,53.322,53.298,0.1,0.1
06.04.2021 09:00:35.342 GMT-0500,53.323,53.307,0.1,0.1
06.04.2021 09:00:35.442 GMT-0500,53.322,53.298,0.1,0.1
06.04.2021 09:00:35.492 GMT-0500,53.323,53.307,0.1,0.1
06.04.2021 09:00:35.749 GMT-0500,53.332,53.308,0.1,0.1
06.04.2021 09:00:36.109 GMT-0500,53.322,53.308,0.1,0.1
06.04.2021 09:00:41.502 GMT-0500,53.312,53.308,0.075,0.0008
06.04.2021 09:00:41.552 GMT-0500,53.312,53.298,0.1,0.1
06.04.2021 09:00:42.489 GMT-0500,53.322,53.298,0.1,0.1
06.04.2021 09:00:43.100 GMT-0500,53.312,53.298,0.1,0.1
06.04.2021 09:00:47.065 GMT-0500,53.323,53.297,0.1,0.1
06.04.2021 09:00:49.890 GMT-0500,53.323,53.307,0.1,0.075
06.04.2021 09:00:51.296 GMT-0500,53.312,53.308,0.0008,0.075
06.04.2021 09:00:51.347 GMT-0500,53.313,53.297,0.1,0.1
06.04.2021 09:00:56.715 GMT-0500,53.303000000000004,53.287,0.1,0.1
06.04.2021 09:00:56.966 GMT-0500,53.313,53.287,0.1,0.1
06.04.2021 09:00:57.229 GMT-0500,53.303000000000004,53.287,0.1,0.1
06.04.2021 09:00:57.382 GMT-0500,53.313,53.297,0.1,0.1
06.04.2021 09:00:57.676 GMT-0500,53.302,53.288000000000004,0.1,0.1
06.04.2021 09:00:57.727 GMT-0500,53.313,53.287,0.1,0.1
06.04.2021 09:00:57.939 GMT-0500,53.303000000000004,53.287,0.1,0.1
06.04.2021 09:00:58.490 GMT-0500,53.313,53.287,0.1,0.1
06.04.2021 09:00:59.269 GMT-0500,53.302,53.288000000000004,0.075,0.1
06.04.2021 09:01:01.313 GMT-0500,53.302,53.278000000000006,0.1,0.1
06.04.2021 09:01:01.740 GMT-0500,53.292,53.278000000000006,0.1,0.1
06.04.2021 09:01:03.187 GMT-0500,53.303000000000004,53.277,0.1,0.1
06.04.2021 09:01:04.200 GMT-0500,53.293000000000006,53.277,0.075,0.1
06.04.2021 09:01:05.084 GMT-0500,53.303000000000004,53.277,0.1,0.1
06.04.2021 09:01:08.221 GMT-0500,53.303000000000004,53.287,0.1,0.1
06.04.2021 09:01:08.399 GMT-0500,53.302,53.278000000000006,0.1,0.1
06.04.2021 09:01:08.820 GMT-0500,53.292,53.278000000000006,0.075,0.1
06.04.2021 09:01:09.290 GMT-0500,53.303000000000004,53.277,0.1,0.1
06.04.2021 09:01:10.612 GMT-0500,53.303000000000004,53.287,0.1,0.1
06.04.2021 09:01:12.377 GMT-0500,53.302,53.278000000000006,0.1,0.1
06.04.2021 09:01:12.638 GMT-0500,53.303000000000004,53.287,0.1,0.075
06.04.2021 09:01:14.131 GMT-0500,53.313,53.287,0.1,0.1
06.04.2021 09:01:15.665 GMT-0500,53.303000000000004,53.287,0.1,0.1
06.04.2021 09:01:17.069 GMT-0500,53.292,53.288000000000004,0.0008,0.075
06.04.2021 09:01:17.120 GMT-0500,53.293000000000006,53.277,0.1,0.1
06.04.2021 09:01:18.920 GMT-0500,53.292,53.268,0.1,0.1
06.04.2021 09:01:20.187 GMT-0500,53.292,53.278000000000006,0.1,0.1
06.04.2021 09:01:22.792 GMT-0500,53.302,53.278000000000006,0.1,0.1
06.04.2021 09:01:22.842 GMT-0500,53.293000000000006,53.277,0.1,0.1
06.04.2021 09:01:23.166 GMT-0500,53.302,53.278000000000006,0.1,0.1
06.04.2021 09:01:25.288 GMT-0500,53.303000000000004,53.287,0.1,0.0008
06.04.2021 09:01:25.565 GMT-0500,53.302,53.278000000000006,0.1,0.1
06.04.2021 09:01:26.269 GMT-0500,53.302,53.288000000000004,0.1,0.075
06.04.2021 09:01:26.319 GMT-0500,53.303000000000004,53.277,0.1,0.1
06.04.2021 09:01:26.548 GMT-0500,53.303000000000004,53.287,0.1,0.0008
06.04.2021 09:01:26.716 GMT-0500,53.303000000000004,53.277,0.1,0.1
06.04.2021 09:01:27.541 GMT-0500,53.292,53.278000000000006,0.0008,0.1
06.04.2021 09:01:27.942 GMT-0500,53.302,53.278000000000006,0.1,0.1
06.04.2021 09:01:28.843 GMT-0500,53.302,53.288000000000004,0.1,0.075
06.04.2021 09:01:35.297 GMT-0500,53.302,53.298,0.075,0.0008
06.04.2021 09:01:35.348 GMT-0500,53.312,53.298,0.1,0.1
06.04.2021 09:01:37.362 GMT-0500,53.312,53.288000000000004,0.1,0.1
06.04.2021 09:01:37.829 GMT-0500,53.312,53.298,0.1,0.0008
06.04.2021 09:02:11.834 GMT-0500,53.322,53.298,0.1,0.1
06.04.2021 09:02:11.896 GMT-0500,53.313,53.297,0.0008,0.1
06.04.2021 09:02:12.096 GMT-0500,53.323,53.307,0.1,0.1
06.04.2021 09:02:17.984 GMT-0500,53.322,53.298,0.1,0.1
06.04.2021 09:02:18.034 GMT-0500,53.323,53.307,0.1,0.1
06.04.2021 09:02:18.084 GMT-0500,53.322,53.298,0.1,0.1
06.04.2021 09:02:18.499 GMT-0500,53.323,53.307,0.1,0.0008
06.04.2021 09:02:25.215 GMT-0500,53.333000000000006,53.307,0.1,0.1
06.04.2021 09:02:25.546 GMT-0500,53.323,53.307,0.1,0.1
06.04.2021 09:02:25.718 GMT-0500,53.333000000000006,53.307,0.1,0.1
06.04.2021 09:02:34.639 GMT-0500,53.322,53.308,0.1,0.1
06.04.2021 09:02:34.861 GMT-0500,53.333000000000006,53.307,0.1,0.1
06.04.2021 09:02:36.168 GMT-0500,53.322,53.308,0.1,0.1
06.04.2021 09:02:38.861 GMT-0500,53.332,53.308,0.1,0.1
06.04.2021 09:02:40.233 GMT-0500,53.323,53.307,0.075,0.1
06.04.2021 09:02:40.706 GMT-0500,53.332,53.308,0.1,0.1
06.04.2021 09:02:40.860 GMT-0500,53.322,53.308,0.1,0.1
06.04.2021 09:02:43.092 GMT-0500,53.303000000000004,53.287,0.1,0.1
06.04.2021 09:02:44.940 GMT-0500,53.313,53.287,0.1,0.1
