Local time,Ask,Bid,AskVolume,BidVolume
07.04.2021 08:30:00.026 GMT-0500,53.382,53.318000000000005,0.075,0.1
07.04.2021 08:30:00.146 GMT-0500,53.493,53.107,0.1,0.1
07.04.2021 08:30:00.385 GMT-0500,53.503,53.107,0.1,0.1
07.04.2021 08:30:01.216 GMT-0500,53.383,53.107,0.0008,0.1
07.04.2021 08:30:01.267 GMT-0500,53.503,53.107,0.1,0.1
07.04.2021 08:30:01.367 GMT-0500,53.503,53.187,0.1,0.1
07.04.2021 08:30:01.817 GMT-0500,53.292,53.257,0.1,0.0008
07.04.2021 08:30:01.867 GMT-0500,53.292,53.188,0.1,0.1
07.04.2021 08:30:02.018 GMT-0500,53.292,53.257,0.1,0.075
07.04.2021 08:30:02.349 GMT-0500,53.283,53.257,0.075,0.1
07.04.2021 08:30:02.399 GMT-0500,53.363,53.247,0.1,0.1
07.04.2021 08:30:02.466 GMT-0500,53.27,53.247,0.075,0.0008
07.04.2021 08:30:02.517 GMT-0500,53.262,53.238,0.1,0.1
07.04.2021 08:30:03.065 GMT-0500,53.362,53.238,0.1,0.1
07.04.2021 08:30:03.135 GMT-0500,53.278000000000006,53.238,0.0008,0.1
07.04.2021 08:30:03.603 GMT-0500,53.273,53.207,0.1,0.1
07.04.2021 08:30:03.917 GMT-0500,53.273,53.247,0.1,0.075
07.04.2021 08:30:04.250 GMT-0500,53.272,53.238,0.1,0.1
07.04.2021 08:30:04.420 GMT-0500,53.252,53.238,0.0008,0.1
07.04.2021 08:30:04.985 GMT-0500,53.253,53.227,0.1,0.1
07.04.2021 08:30:05.656 GMT-0500,53.253,53.237,0.1,0.075
07.04.2021 08:30:05.707 GMT-0500,53.352,53.258,0.1,0.1
07.04.2021 08:30:05.962 GMT-0500,53.283,53.258,0.0008,0.075
07.04.2021 08:30:06.012 GMT-0500,53.273,53.237,0.1,0.1
07.04.2021 08:30:06.218 GMT-0500,53.272,53.248000000000005,0.1,0.0008
07.04.2021 08:30:06.268 GMT-0500,53.272,53.238,0.1,0.1
07.04.2021 08:30:06.455 GMT-0500,53.292,53.258,0.0008,0.1
07.04.2021 08:30:09.768 GMT-0500,53.298,53.288000000000004,0.0008,0.075
07.04.2021 08:30:09.818 GMT-0500,53.353,53.287,0.1,0.1
07.04.2021 08:30:09.869 GMT-0500,53.362,53.288000000000004,0.1,0.1
07.04.2021 08:30:09.975 GMT-0500,53.363,53.277,0.1,0.1
07.04.2021 08:30:10.407 GMT-0500,53.353,53.277,0.075,0.1
07.04.2021 08:30:10.558 GMT-0500,53.363,53.277,0.1,0.1
07.04.2021 08:30:11.081 GMT-0500,53.312,53.278000000000006,0.1,0.1
07.04.2021 08:30:12.039 GMT-0500,53.362,53.278000000000006,0.1,0.1
07.04.2021 08:30:12.142 GMT-0500,53.313,53.277,0.1,0.1
07.04.2021 08:30:12.192 GMT-0500,53.362,53.278000000000006,0.1,0.1
07.04.2021 08:30:12.845 GMT-0500,53.352,53.278000000000006,0.0008,0.1
07.04.2021 08:30:12.895 GMT-0500,53.362,53.278000000000006,0.1,0.1
07.04.2021 08:30:14.220 GMT-0500,53.313,53.277,0.0008,0.1
07.04.2021 08:30:23.661 GMT-0500,53.313,53.207,0.1,0.1
07.04.2021 08:30:24.031 GMT-0500,53.312,53.268,0.1,0.1
07.04.2021 08:30:24.143 GMT-0500,53.313,53.277,0.1,0.1
07.04.2021 08:30:31.332 GMT-0500,53.312,53.298,0.1,0.075
07.04.2021 08:30:31.383 GMT-0500,53.333000000000006,53.307,0.1,0.1
07.04.2021 08:30:34.125 GMT-0500,53.343,53.307,0.1,0.1
07.04.2021 08:30:36.017 GMT-0500,53.332,53.308,0.0008,0.1
07.04.2021 08:30:36.068 GMT-0500,53.332,53.298,0.1,0.1
07.04.2021 08:30:36.373 GMT-0500,53.322,53.298,0.1,0.1
07.04.2021 08:30:36.865 GMT-0500,53.313,53.277,0.1,0.1
07.04.2021 08:30:38.571 GMT-0500,53.313,53.266999999999996,0.1,0.1
07.04.2021 08:30:39.718 GMT-0500,53.313,53.277,0.1,0.1
07.04.2021 08:30:39.854 GMT-0500,53.313,53.266999999999996,0.1,0.1
07.04.2021 08:30:40.257 GMT-0500,53.292,53.268,0.0008,0.1
07.04.2021 08:30:40.307 GMT-0500,53.303000000000004,53.266999999999996,0.1,0.1
07.04.2021 08:30:41.654 GMT-0500,53.313,53.266999999999996,0.1,0.1
07.04.2021 08:30:42.060 GMT-0500,53.313,53.277,0.1,0.1
07.04.2021 08:30:42.693 GMT-0500,53.313,53.287,0.1,0.0008
07.04.2021 08:30:47.319 GMT-0500,53.312,53.298,0.1,0.1
07.04.2021 08:30:49.403 GMT-0500,53.322,53.288000000000004,0.1,0.1
07.04.2021 08:30:49.804 GMT-0500,53.322,53.298,0.1,0.075
07.04.2021 08:30:49.854 GMT-0500,53.332,53.298,0.1,0.1
07.04.2021 08:30:49.905 GMT-0500,53.322,53.288000000000004,0.1,0.1
07.04.2021 08:30:50.990 GMT-0500,53.313,53.287,0.075,0.1
07.04.2021 08:30:51.143 GMT-0500,53.322,53.288000000000004,0.1,0.1
07.04.2021 08:30:51.193 GMT-0500,53.313,53.277,0.1,0.1
07.04.2021 08:30:52.713 GMT-0500,53.312,53.307,0.0008,0.075
07.04.2021 08:30:52.763 GMT-0500,53.333000000000006,53.297,0.1,0.1
07.04.2021 08:30:53.303 GMT-0500,53.322,53.288000000000004,0.1,0.1
07.04.2021 08:30:56.271 GMT-0500,53.332,53.288000000000004,0.1,0.1
07.04.2021 08:30:56.800 GMT-0500,53.333000000000006,53.297,0.1,0.1
07.04.2021 08:30:57.705 GMT-0500,53.323,53.297,0.075,0.0008
07.04.2021 08:30:57.756 GMT-0500,53.322,53.288000000000004,0.1,0.1
07.04.2021 08:30:58.219 GMT-0500,53.322,53.298,0.1,0.1
07.04.2021 08:30:58.270 GMT-0500,53.333000000000006,53.287,0.1,0.1
07.04.2021 08:30:58.320 GMT-0500,53.323,53.287,0.1,0.1
07.04.2021 08:30:58.809 GMT-0500,53.302,53.278000000000006,0.1,0.1
07.04.2021 08:30:59.693 GMT-0500,53.303000000000004,53.287,0.0008,0.075
07.04.2021 08:31:00.205 GMT-0500,53.313,53.287,0.1,0.1
07.04.2021 08:31:03.556 GMT-0500,53.313,53.277,0.1,0.1
07.04.2021 08:31:05.697 GMT-0500,53.302,53.278000000000006,0.075,0.1
07.04.2021 08:31:09.803 GMT-0500,53.313,53.277,0.1,0.1
07.04.2021 08:31:10.016 GMT-0500,53.302,53.278000000000006,0.1,0.1
07.04.2021 08:31:11.393 GMT-0500,53.302,53.288000000000004,0.075,0.0008
07.04.2021 08:31:11.443 GMT-0500,53.313,53.287,0.1,0.1
07.04.2021 08:31:11.915 GMT-0500,53.312,53.278000000000006,0.1,0.1
07.04.2021 08:31:12.876 GMT-0500,53.313,53.287,0.1,0.1
07.04.2021 08:31:12.927 GMT-0500,53.313,53.277,0.1,0.1
07.04.2021 08:31:13.454 GMT-0500,53.313,53.297,0.1,0.075
07.04.2021 08:31:13.809 GMT-0500,53.312,53.288000000000004,0.1,0.1
07.04.2021 08:31:14.107 GMT-0500,53.312,53.308,0.075,0.0008
07.04.2021 08:31:14.158 GMT-0500,53.333000000000006,53.297,0.1,0.1
07.04.2021 08:31:14.571 GMT-0500,53.333000000000006,53.307,0.1,0.0008
07.04.2021 08:31:14.622 GMT-0500,53.333000000000006,53.297,0.1,0.1
07.04.2021 08:31:16.280 GMT-0500,53.333000000000006,53.307,0.1,0.075
07.04.2021 08:31:16.953 GMT-0500,53.333000000000006,53.317,0.1,0.0008
07.04.2021 08:31:18.046 GMT-0500,53.362,53.328,0.1,0.1
07.04.2021 08:31:18.193 GMT-0500,53.362,53.338,0.1,0.0008
07.04.2021 08:31:18.243 GMT-0500,53.373000000000005,53.327,0.1,0.1
07.04.2021 08:31:18.293 GMT-0500,53.373000000000005,53.336999999999996,0.1,0.1
07.04.2021 08:31:20.071 GMT-0500,53.362,53.338,0.0008,0.1
07.04.2021 08:31:20.895 GMT-0500,53.373000000000005,53.347,0.1,0.0008
07.04.2021 08:31:20.946 GMT-0500,53.372,53.338,0.1,0.1
07.04.2021 08:31:21.872 GMT-0500,53.363,53.327,0.1,0.1
07.04.2021 08:31:22.252 GMT-0500,53.363,53.336999999999996,0.1,0.0008
07.04.2021 08:31:22.353 GMT-0500,53.362,53.328,0.1,0.1
07.04.2021 08:31:22.641 GMT-0500,53.353,53.327,0.1,0.1
07.04.2021 08:31:22.743 GMT-0500,53.353,53.317,0.1,0.1
07.04.2021 08:31:24.916 GMT-0500,53.343,53.317,0.1,0.1
07.04.2021 08:31:32.180 GMT-0500,53.343,53.327,0.1,0.075
07.04.2021 08:31:34.489 GMT-0500,53.362,53.328,0.1,0.1
07.04.2021 08:31:34.900 GMT-0500,53.353,53.327,0.075,0.1
07.04.2021 08:31:36.096 GMT-0500,53.352,53.318000000000005,0.1,0.1
07.04.2021 08:31:37.406 GMT-0500,53.333000000000006,53.317,0.0008,0.075
07.04.2021 08:31:37.457 GMT-0500,53.333000000000006,53.307,0.1,0.1
07.04.2021 08:31:37.557 GMT-0500,53.333000000000006,53.297,0.1,0.1
07.04.2021 08:31:39.643 GMT-0500,53.342,53.318000000000005,0.1,0.1
07.04.2021 08:31:39.790 GMT-0500,53.332,53.318000000000005,0.075,0.0008
07.04.2021 08:31:39.840 GMT-0500,53.332,53.298,0.1,0.1
07.04.2021 08:31:40.339 GMT-0500,53.332,53.308,0.1,0.075
07.04.2021 08:31:44.627 GMT-0500,53.342,53.318000000000005,0.1,0.1
07.04.2021 08:31:44.677 GMT-0500,53.343,53.307,0.1,0.1
07.04.2021 08:31:45.346 GMT-0500,53.342,53.318000000000005,0.1,0.1
07.04.2021 08:31:45.396 GMT-0500,53.342,53.308,0.1,0.1
07.04.2021 08:31:46.068 GMT-0500,53.343,53.317,0.1,0.075
07.04.2021 08:31:46.119 GMT-0500,53.342,53.308,0.1,0.1
07.04.2021 08:31:46.777 GMT-0500,53.342,53.318000000000005,0.1,0.0008
07.04.2021 08:31:46.877 GMT-0500,53.343,53.307,0.1,0.1
07.04.2021 08:31:47.192 GMT-0500,53.332,53.308,0.0008,0.1
07.04.2021 08:31:47.436 GMT-0500,53.333000000000006,53.297,0.1,0.1
07.04.2021 08:31:49.484 GMT-0500,53.332,53.308,0.1,0.0008
07.04.2021 08:31:54.330 GMT-0500,53.332,53.318000000000005,0.1,0.0008
07.04.2021 08:31:54.983 GMT-0500,53.352,53.328,0.1,0.1
07.04.2021 08:31:55.916 GMT-0500,53.363,53.327,0.1,0.1
07.04.2021 08:31:56.504 GMT-0500,53.362,53.338,0.1,0.075
07.04.2021 08:31:56.690 GMT-0500,53.363,53.347,0.1,0.1
07.04.2021 08:31:58.991 GMT-0500,53.383,53.347,0.1,0.1
07.04.2021 08:31:59.041 GMT-0500,53.383,53.357,0.1,0.1
07.04.2021 08:32:00.130 GMT-0500,53.391999999999996,53.358000000000004,0.1,0.1
07.04.2021 08:32:00.217 GMT-0500,53.383,53.357,0.1,0.1
07.04.2021 08:32:00.268 GMT-0500,53.393,53.357,0.1,0.1
07.04.2021 08:32:00.748 GMT-0500,53.383,53.357,0.1,0.1
07.04.2021 08:32:01.068 GMT-0500,53.373000000000005,53.357,0.0008,0.075
07.04.2021 08:32:01.119 GMT-0500,53.372,53.348000000000006,0.1,0.1
07.04.2021 08:32:01.931 GMT-0500,53.383,53.347,0.1,0.1
07.04.2021 08:32:02.255 GMT-0500,53.373000000000005,53.347,0.0008,0.1
07.04.2021 08:32:05.019 GMT-0500,53.393,53.357,0.1,0.1
07.04.2021 08:32:05.120 GMT-0500,53.383,53.357,0.1,0.1
07.04.2021 08:32:05.319 GMT-0500,53.391999999999996,53.368,0.1,0.1
07.04.2021 08:32:05.436 GMT-0500,53.382,53.368,0.1,0.1
07.04.2021 08:32:06.127 GMT-0500,53.373000000000005,53.357,0.1,0.1
07.04.2021 08:32:06.178 GMT-0500,53.383,53.357,0.1,0.1
07.04.2021 08:32:08.790 GMT-0500,53.372,53.358000000000004,0.0008,0.075
07.04.2021 08:32:08.840 GMT-0500,53.373000000000005,53.347,0.1,0.1
07.04.2021 08:32:10.148 GMT-0500,53.372,53.358000000000004,0.0008,0.075
07.04.2021 08:32:10.198 GMT-0500,53.382,53.358000000000004,0.1,0.1
07.04.2021 08:32:15.073 GMT-0500,53.373000000000005,53.357,0.0008,0.075
07.04.2021 08:32:15.124 GMT-0500,53.373000000000005,53.347,0.1,0.1
07.04.2021 08:32:15.760 GMT-0500,53.372,53.368,0.075,0.0008
07.04.2021 08:32:15.810 GMT-0500,53.382,53.358000000000004,0.1,0.1
07.04.2021 08:32:16.372 GMT-0500,53.382,53.378,0.0008,0.075
07.04.2021 08:32:16.423 GMT-0500,53.402,53.378,0.1,0.1
07.04.2021 08:32:16.883 GMT-0500,53.402,53.368,0.1,0.1
07.04.2021 08:32:16.933 GMT-0500,53.393,53.367,0.1,0.1
07.04.2021 08:32:17.504 GMT-0500,53.383,53.367,0.0008,0.075
07.04.2021 08:32:17.555 GMT-0500,53.391999999999996,53.358000000000004,0.1,0.1
07.04.2021 08:32:21.796 GMT-0500,53.393,53.367,0.1,0.0008
07.04.2021 08:32:22.117 GMT-0500,53.391999999999996,53.358000000000004,0.1,0.1
07.04.2021 08:32:24.672 GMT-0500,53.383,53.357,0.0008,0.1
07.04.2021 08:32:25.081 GMT-0500,53.382,53.368,0.075,0.0008
07.04.2021 08:32:25.132 GMT-0500,53.383,53.357,0.1,0.1
07.04.2021 08:32:27.070 GMT-0500,53.383,53.367,0.075,0.0008
07.04.2021 08:32:27.171 GMT-0500,53.383,53.357,0.1,0.1
07.04.2021 08:32:29.778 GMT-0500,53.382,53.368,0.1,0.0008
07.04.2021 08:32:29.828 GMT-0500,53.393,53.367,0.1,0.1
07.04.2021 08:32:29.886 GMT-0500,53.403000000000006,53.377,0.1,0.1
07.04.2021 08:32:29.987 GMT-0500,53.402,53.388000000000005,0.1,0.1
07.04.2021 08:32:30.827 GMT-0500,53.391999999999996,53.388000000000005,0.0008,0.075
07.04.2021 08:32:30.877 GMT-0500,53.391999999999996,53.378,0.1,0.1
07.04.2021 08:32:30.977 GMT-0500,53.413000000000004,53.377,0.1,0.1
07.04.2021 08:32:31.053 GMT-0500,53.413000000000004,53.387,0.1,0.075
07.04.2021 08:32:31.229 GMT-0500,53.423,53.407,0.0008,0.1
07.04.2021 08:32:31.280 GMT-0500,53.432,53.408,0.1,0.1
07.04.2021 08:32:31.867 GMT-0500,53.433,53.397,0.1,0.1
07.04.2021 08:32:31.957 GMT-0500,53.422,53.398,0.075,0.1
07.04.2021 08:32:37.548 GMT-0500,53.422,53.408,0.1,0.1
07.04.2021 08:32:37.698 GMT-0500,53.432,53.418000000000006,0.1,0.1
07.04.2021 08:32:38.129 GMT-0500,53.433,53.407,0.1,0.1
07.04.2021 08:32:38.322 GMT-0500,53.422,53.408,0.075,0.1
07.04.2021 08:32:38.372 GMT-0500,53.423,53.397,0.1,0.1
07.04.2021 08:32:38.748 GMT-0500,53.433,53.407,0.1,0.1
07.04.2021 08:32:44.786 GMT-0500,53.442,53.408,0.1,0.1
07.04.2021 08:32:44.836 GMT-0500,53.443000000000005,53.417,0.1,0.1
07.04.2021 08:32:48.905 GMT-0500,53.453,53.427,0.1,0.1
07.04.2021 08:32:49.037 GMT-0500,53.461999999999996,53.438,0.1,0.1
07.04.2021 08:32:49.258 GMT-0500,53.452,53.438,0.1,0.1
07.04.2021 08:32:49.308 GMT-0500,53.472,53.448,0.1,0.1
07.04.2021 08:32:49.359 GMT-0500,53.461999999999996,53.438,0.1,0.1
07.04.2021 08:32:50.128 GMT-0500,53.473000000000006,53.437,0.1,0.1
07.04.2021 08:32:51.046 GMT-0500,53.463,53.437,0.075,0.1
07.04.2021 08:32:51.416 GMT-0500,53.463,53.447,0.0008,0.075
07.04.2021 08:32:51.466 GMT-0500,53.473000000000006,53.437,0.1,0.1
07.04.2021 08:32:51.516 GMT-0500,53.463,53.437,0.1,0.1
07.04.2021 08:32:53.269 GMT-0500,53.473000000000006,53.437,0.1,0.1
07.04.2021 08:32:55.070 GMT-0500,53.461999999999996,53.438,0.0008,0.1
07.04.2021 08:32:55.465 GMT-0500,53.463,53.447,0.1,0.1
07.04.2021 08:32:55.516 GMT-0500,53.482,53.458000000000006,0.1,0.1
07.04.2021 08:32:55.566 GMT-0500,53.473000000000006,53.457,0.1,0.1
07.04.2021 08:32:55.667 GMT-0500,53.461999999999996,53.448,0.1,0.1
07.04.2021 08:32:55.791 GMT-0500,53.473000000000006,53.447,0.1,0.1
07.04.2021 08:32:57.177 GMT-0500,53.461999999999996,53.438,0.1,0.1
07.04.2021 08:32:57.277 GMT-0500,53.473000000000006,53.437,0.1,0.1
07.04.2021 08:32:57.496 GMT-0500,53.472,53.448,0.1,0.0008
07.04.2021 08:33:01.559 GMT-0500,53.472,53.438,0.1,0.1
07.04.2021 08:33:02.270 GMT-0500,53.443000000000005,53.427,0.1,0.1
07.04.2021 08:33:02.320 GMT-0500,53.453,53.427,0.1,0.1
07.04.2021 08:33:02.511 GMT-0500,53.442,53.428000000000004,0.1,0.1
07.04.2021 08:33:02.636 GMT-0500,53.452,53.438,0.1,0.1
07.04.2021 08:33:02.754 GMT-0500,53.452,53.428000000000004,0.1,0.1
07.04.2021 08:33:03.020 GMT-0500,53.452,53.418000000000006,0.1,0.1
07.04.2021 08:33:03.970 GMT-0500,53.442,53.428000000000004,0.0008,0.0008
07.04.2021 08:33:04.020 GMT-0500,53.452,53.428000000000004,0.1,0.1
07.04.2021 08:33:06.756 GMT-0500,53.453,53.417,0.1,0.1
07.04.2021 08:33:11.800 GMT-0500,53.452,53.428000000000004,0.1,0.0008
07.04.2021 08:33:15.328 GMT-0500,53.452,53.447,0.0008,0.075
07.04.2021 08:33:15.378 GMT-0500,53.461999999999996,53.448,0.1,0.1
07.04.2021 08:33:15.502 GMT-0500,53.461999999999996,53.438,0.1,0.1
07.04.2021 08:33:16.943 GMT-0500,53.472,53.438,0.1,0.1
07.04.2021 08:33:17.354 GMT-0500,53.472,53.448,0.1,0.0008
07.04.2021 08:33:17.481 GMT-0500,53.472,53.458000000000006,0.1,0.1
07.04.2021 08:33:17.944 GMT-0500,53.472,53.448,0.1,0.1
07.04.2021 08:33:18.040 GMT-0500,53.473000000000006,53.457,0.1,0.075
07.04.2021 08:33:18.386 GMT-0500,53.483000000000004,53.467,0.1,0.1
07.04.2021 08:33:19.204 GMT-0500,53.502,53.478,0.1,0.1
07.04.2021 08:33:19.254 GMT-0500,53.493,53.477,0.1,0.1
07.04.2021 08:33:19.840 GMT-0500,53.482,53.468,0.1,0.1
07.04.2021 08:33:20.018 GMT-0500,53.482,53.458000000000006,0.1,0.1
07.04.2021 08:33:20.078 GMT-0500,53.473000000000006,53.457,0.0008,0.1
07.04.2021 08:33:20.310 GMT-0500,53.482,53.458000000000006,0.1,0.1
07.04.2021 08:33:28.613 GMT-0500,53.492,53.468,0.1,0.1
07.04.2021 08:33:28.908 GMT-0500,53.482,53.468,0.1,0.1
07.04.2021 08:33:30.036 GMT-0500,53.492,53.468,0.1,0.1
07.04.2021 08:33:31.891 GMT-0500,53.482,53.468,0.0008,0.1
07.04.2021 08:33:32.374 GMT-0500,53.493,53.467,0.1,0.1
07.04.2021 08:33:36.655 GMT-0500,53.483000000000004,53.467,0.1,0.1
07.04.2021 08:33:37.267 GMT-0500,53.493,53.467,0.1,0.1
07.04.2021 08:33:40.096 GMT-0500,53.482,53.468,0.0008,0.1
07.04.2021 08:33:41.610 GMT-0500,53.482,53.458000000000006,0.1,0.1
07.04.2021 08:33:43.853 GMT-0500,53.482,53.468,0.075,0.0008
07.04.2021 08:33:43.903 GMT-0500,53.493,53.467,0.1,0.1
07.04.2021 08:33:44.026 GMT-0500,53.483000000000004,53.467,0.075,0.1
07.04.2021 08:33:45.367 GMT-0500,53.493,53.477,0.1,0.1
07.04.2021 08:33:46.548 GMT-0500,53.502,53.478,0.1,0.1
07.04.2021 08:33:47.821 GMT-0500,53.493,53.477,0.075,0.1
07.04.2021 08:33:48.446 GMT-0500,53.503,53.477,0.1,0.1
07.04.2021 08:33:48.603 GMT-0500,53.492,53.478,0.1,0.1
07.04.2021 08:33:48.783 GMT-0500,53.503,53.477,0.1,0.1
07.04.2021 08:33:49.934 GMT-0500,53.492,53.478,0.1,0.1
07.04.2021 08:33:50.691 GMT-0500,53.502,53.478,0.1,0.1
07.04.2021 08:33:51.167 GMT-0500,53.492,53.478,0.0008,0.1
07.04.2021 08:33:53.373 GMT-0500,53.503,53.477,0.1,0.1
07.04.2021 08:33:53.826 GMT-0500,53.493,53.477,0.075,0.1
07.04.2021 08:33:56.051 GMT-0500,53.493,53.467,0.1,0.1
07.04.2021 08:33:56.221 GMT-0500,53.483000000000004,53.467,0.0008,0.1
07.04.2021 08:33:56.271 GMT-0500,53.483000000000004,53.457,0.1,0.1
07.04.2021 08:33:58.297 GMT-0500,53.482,53.477,0.075,0.0008
07.04.2021 08:33:58.347 GMT-0500,53.493,53.477,0.1,0.1
07.04.2021 08:34:00.030 GMT-0500,53.483000000000004,53.467,0.1,0.1
07.04.2021 08:34:00.175 GMT-0500,53.492,53.478,0.1,0.1
07.04.2021 08:34:02.706 GMT-0500,53.482,53.478,0.0008,0.075
07.04.2021 08:34:02.757 GMT-0500,53.492,53.468,0.1,0.1
07.04.2021 08:34:03.106 GMT-0500,53.492,53.458000000000006,0.1,0.1
07.04.2021 08:34:03.156 GMT-0500,53.483000000000004,53.457,0.1,0.1
07.04.2021 08:34:04.119 GMT-0500,53.483000000000004,53.467,0.1,0.075
07.04.2021 08:34:04.726 GMT-0500,53.482,53.458000000000006,0.1,0.1
07.04.2021 08:34:07.783 GMT-0500,53.482,53.468,0.1,0.0008
07.04.2021 08:34:07.833 GMT-0500,53.482,53.458000000000006,0.1,0.1
07.04.2021 08:34:11.665 GMT-0500,53.472,53.458000000000006,0.0008,0.075
07.04.2021 08:34:11.746 GMT-0500,53.473000000000006,53.447,0.1,0.1
07.04.2021 08:34:11.974 GMT-0500,53.461999999999996,53.448,0.0008,0.1
07.04.2021 08:34:12.395 GMT-0500,53.473000000000006,53.447,0.1,0.1
07.04.2021 08:34:12.740 GMT-0500,53.463,53.447,0.0008,0.1
07.04.2021 08:34:13.542 GMT-0500,53.453,53.437,0.1,0.1
07.04.2021 08:34:13.643 GMT-0500,53.461999999999996,53.448,0.1,0.1
07.04.2021 08:34:13.744 GMT-0500,53.461999999999996,53.438,0.1,0.1
07.04.2021 08:34:14.480 GMT-0500,53.452,53.438,0.075,0.1
07.04.2021 08:34:15.390 GMT-0500,53.442,53.428000000000004,0.1,0.1
07.04.2021 08:34:15.493 GMT-0500,53.452,53.438,0.1,0.1
07.04.2021 08:34:17.433 GMT-0500,53.442,53.428000000000004,0.1,0.1
07.04.2021 08:34:17.613 GMT-0500,53.443000000000005,53.417,0.1,0.1
07.04.2021 08:34:22.426 GMT-0500,53.443000000000005,53.427,0.1,0.075
07.04.2021 08:34:22.696 GMT-0500,53.442,53.418000000000006,0.1,0.1
07.04.2021 08:34:23.233 GMT-0500,53.432,53.418000000000006,0.0008,0.1
07.04.2021 08:34:27.096 GMT-0500,53.433,53.407,0.1,0.1
07.04.2021 08:34:27.279 GMT-0500,53.423,53.407,0.1,0.1
07.04.2021 08:34:27.379 GMT-0500,53.432,53.408,0.1,0.1
07.04.2021 08:34:29.771 GMT-0500,53.422,53.408,0.0008,0.1
07.04.2021 08:34:30.548 GMT-0500,53.432,53.408,0.1,0.1
07.04.2021 08:34:30.598 GMT-0500,53.422,53.408,0.1,0.1
07.04.2021 08:34:31.186 GMT-0500,53.432,53.408,0.1,0.1
07.04.2021 08:34:34.289 GMT-0500,53.423,53.407,0.0008,0.075
07.04.2021 08:34:34.557 GMT-0500,53.413000000000004,53.397,0.1,0.1
07.04.2021 08:34:42.151 GMT-0500,53.423,53.407,0.1,0.1
07.04.2021 08:34:46.572 GMT-0500,53.423,53.397,0.1,0.1
07.04.2021 08:34:47.051 GMT-0500,53.423,53.407,0.1,0.1
07.04.2021 08:34:47.592 GMT-0500,53.422,53.398,0.1,0.1
07.04.2021 08:34:48.725 GMT-0500,53.413000000000004,53.397,0.0008,0.1
07.04.2021 08:34:53.906 GMT-0500,53.422,53.398,0.1,0.1
07.04.2021 08:34:56.419 GMT-0500,53.423,53.407,0.1,0.075
07.04.2021 08:34:56.982 GMT-0500,53.433,53.407,0.1,0.1
07.04.2021 08:34:58.393 GMT-0500,53.422,53.408,0.0008,0.1
07.04.2021 08:34:58.953 GMT-0500,53.423,53.397,0.1,0.1
07.04.2021 08:35:01.445 GMT-0500,53.413000000000004,53.397,0.1,0.1
07.04.2021 08:35:07.406 GMT-0500,53.402,53.378,0.1,0.1
07.04.2021 08:35:08.218 GMT-0500,53.391999999999996,53.378,0.075,0.1
07.04.2021 08:35:08.912 GMT-0500,53.402,53.378,0.1,0.1
07.04.2021 08:35:13.734 GMT-0500,53.403000000000006,53.387,0.1,0.1
07.04.2021 08:35:13.784 GMT-0500,53.422,53.408,0.1,0.1
07.04.2021 08:35:14.072 GMT-0500,53.412,53.408,0.0008,0.075
07.04.2021 08:35:14.122 GMT-0500,53.413000000000004,53.397,0.1,0.1
07.04.2021 08:35:15.077 GMT-0500,53.412,53.388000000000005,0.1,0.1
07.04.2021 08:35:15.282 GMT-0500,53.403000000000006,53.387,0.0008,0.1
07.04.2021 08:35:21.281 GMT-0500,53.403000000000006,53.377,0.1,0.1
07.04.2021 08:35:21.577 GMT-0500,53.403000000000006,53.387,0.1,0.075
07.04.2021 08:35:26.627 GMT-0500,53.403000000000006,53.397,0.075,0.0008
07.04.2021 08:35:26.678 GMT-0500,53.423,53.397,0.1,0.1
07.04.2021 08:35:27.050 GMT-0500,53.433,53.407,0.1,0.1
07.04.2021 08:35:27.794 GMT-0500,53.423,53.407,0.0008,0.1
07.04.2021 08:35:27.844 GMT-0500,53.432,53.408,0.1,0.1
07.04.2021 08:35:28.709 GMT-0500,53.423,53.407,0.1,0.1
07.04.2021 08:35:29.246 GMT-0500,53.423,53.418000000000006,0.075,0.0008
07.04.2021 08:35:29.297 GMT-0500,53.432,53.418000000000006,0.1,0.1
07.04.2021 08:35:30.065 GMT-0500,53.432,53.408,0.1,0.1
07.04.2021 08:35:30.579 GMT-0500,53.423,53.407,0.1,0.1
07.04.2021 08:35:31.448 GMT-0500,53.413000000000004,53.397,0.1,0.1
07.04.2021 08:35:32.056 GMT-0500,53.423,53.397,0.1,0.1
07.04.2021 08:35:33.014 GMT-0500,53.422,53.408,0.075,0.0008
07.04.2021 08:35:33.064 GMT-0500,53.433,53.407,0.1,0.1
07.04.2021 08:35:33.278 GMT-0500,53.432,53.418000000000006,0.1,0.0008
07.04.2021 08:35:33.688 GMT-0500,53.442,53.418000000000006,0.1,0.1
07.04.2021 08:35:36.133 GMT-0500,53.453,53.437,0.1,0.1
07.04.2021 08:35:39.571 GMT-0500,53.433,53.417,0.1,0.1
07.04.2021 08:35:39.622 GMT-0500,53.432,53.408,0.1,0.1
07.04.2021 08:35:40.154 GMT-0500,53.422,53.398,0.1,0.1
07.04.2021 08:35:41.057 GMT-0500,53.422,53.408,0.1,0.1
07.04.2021 08:35:41.491 GMT-0500,53.432,53.408,0.1,0.1
07.04.2021 08:35:41.592 GMT-0500,53.433,53.417,0.1,0.075
07.04.2021 08:35:41.766 GMT-0500,53.442,53.418000000000006,0.1,0.1
07.04.2021 08:35:43.302 GMT-0500,53.452,53.428000000000004,0.1,0.1
07.04.2021 08:35:43.792 GMT-0500,53.442,53.428000000000004,0.0008,0.1
07.04.2021 08:35:44.233 GMT-0500,53.442,53.438,0.0008,0.075
07.04.2021 08:35:44.284 GMT-0500,53.453,53.437,0.1,0.1
07.04.2021 08:35:45.302 GMT-0500,53.452,53.448,0.0008,0.075
07.04.2021 08:35:45.352 GMT-0500,53.461999999999996,53.448,0.1,0.1
07.04.2021 08:35:46.789 GMT-0500,53.473000000000006,53.447,0.1,0.1
07.04.2021 08:35:48.244 GMT-0500,53.463,53.447,0.1,0.1
07.04.2021 08:35:48.554 GMT-0500,53.473000000000006,53.457,0.1,0.1
07.04.2021 08:35:48.833 GMT-0500,53.461999999999996,53.448,0.1,0.1
07.04.2021 08:35:49.461 GMT-0500,53.472,53.458000000000006,0.1,0.1
07.04.2021 08:35:50.216 GMT-0500,53.473000000000006,53.447,0.1,0.1
07.04.2021 08:35:50.540 GMT-0500,53.463,53.447,0.0008,0.1
07.04.2021 08:35:50.590 GMT-0500,53.463,53.437,0.1,0.1
07.04.2021 08:35:51.749 GMT-0500,53.461999999999996,53.457,0.075,0.0008
07.04.2021 08:35:51.799 GMT-0500,53.473000000000006,53.457,0.1,0.1
07.04.2021 08:35:54.235 GMT-0500,53.483000000000004,53.457,0.1,0.1
07.04.2021 08:35:54.287 GMT-0500,53.482,53.468,0.1,0.1
07.04.2021 08:35:55.021 GMT-0500,53.472,53.458000000000006,0.1,0.1
07.04.2021 08:35:55.185 GMT-0500,53.482,53.458000000000006,0.1,0.1
07.04.2021 08:35:55.459 GMT-0500,53.472,53.458000000000006,0.0008,0.1
07.04.2021 08:35:55.853 GMT-0500,53.482,53.468,0.1,0.1
07.04.2021 08:35:56.479 GMT-0500,53.492,53.468,0.1,0.1
07.04.2021 08:35:57.140 GMT-0500,53.493,53.477,0.1,0.1
07.04.2021 08:36:00.024 GMT-0500,53.493,53.487,0.075,0.0008
07.04.2021 08:36:00.074 GMT-0500,53.493,53.477,0.1,0.1
07.04.2021 08:36:04.227 GMT-0500,53.502,53.478,0.1,0.1
07.04.2021 08:36:04.636 GMT-0500,53.492,53.478,0.0008,0.1
07.04.2021 08:36:05.524 GMT-0500,53.492,53.468,0.1,0.1
07.04.2021 08:36:07.748 GMT-0500,53.492,53.478,0.1,0.075
07.04.2021 08:36:07.798 GMT-0500,53.503,53.477,0.1,0.1
07.04.2021 08:36:07.954 GMT-0500,53.493,53.477,0.075,0.1
07.04.2021 08:36:09.066 GMT-0500,53.493,53.467,0.1,0.1
07.04.2021 08:36:09.116 GMT-0500,53.492,53.478,0.1,0.1
07.04.2021 08:36:14.889 GMT-0500,53.483000000000004,53.457,0.1,0.1
07.04.2021 08:36:14.993 GMT-0500,53.473000000000006,53.457,0.1,0.1
07.04.2021 08:36:15.044 GMT-0500,53.473000000000006,53.447,0.1,0.1
07.04.2021 08:36:15.146 GMT-0500,53.461999999999996,53.448,0.1,0.1
07.04.2021 08:36:16.010 GMT-0500,53.473000000000006,53.447,0.1,0.1
07.04.2021 08:36:16.105 GMT-0500,53.461999999999996,53.448,0.075,0.1
07.04.2021 08:36:16.673 GMT-0500,53.473000000000006,53.457,0.1,0.1
07.04.2021 08:36:17.149 GMT-0500,53.463,53.447,0.1,0.1
07.04.2021 08:36:18.308 GMT-0500,53.472,53.448,0.1,0.1
07.04.2021 08:36:20.799 GMT-0500,53.482,53.458000000000006,0.1,0.1
07.04.2021 08:36:20.946 GMT-0500,53.482,53.468,0.1,0.1
07.04.2021 08:36:20.996 GMT-0500,53.492,53.468,0.1,0.1
07.04.2021 08:36:23.207 GMT-0500,53.492,53.478,0.1,0.0008
07.04.2021 08:36:23.307 GMT-0500,53.492,53.468,0.1,0.1
07.04.2021 08:36:31.196 GMT-0500,53.483000000000004,53.467,0.075,0.1
07.04.2021 08:36:32.336 GMT-0500,53.483000000000004,53.457,0.1,0.1
07.04.2021 08:36:32.600 GMT-0500,53.483000000000004,53.467,0.1,0.0008
07.04.2021 08:36:32.722 GMT-0500,53.492,53.478,0.1,0.1
07.04.2021 08:36:32.921 GMT-0500,53.492,53.488,0.075,0.0008
07.04.2021 08:36:32.972 GMT-0500,53.503,53.487,0.1,0.1
07.04.2021 08:36:34.870 GMT-0500,53.502,53.478,0.1,0.1
07.04.2021 08:36:34.920 GMT-0500,53.502,53.488,0.1,0.1
07.04.2021 08:36:35.067 GMT-0500,53.502,53.478,0.1,0.1
07.04.2021 08:36:35.117 GMT-0500,53.503,53.487,0.1,0.1
07.04.2021 08:36:38.639 GMT-0500,53.482,53.468,0.1,0.1
07.04.2021 08:36:38.691 GMT-0500,53.482,53.458000000000006,0.1,0.1
07.04.2021 08:36:45.636 GMT-0500,53.473000000000006,53.457,0.0008,0.1
07.04.2021 08:36:46.097 GMT-0500,53.473000000000006,53.447,0.1,0.1
07.04.2021 08:36:46.874 GMT-0500,53.461999999999996,53.448,0.1,0.1
07.04.2021 08:36:46.924 GMT-0500,53.461999999999996,53.438,0.1,0.1
07.04.2021 08:36:50.982 GMT-0500,53.463,53.447,0.1,0.1
07.04.2021 08:36:52.820 GMT-0500,53.461999999999996,53.438,0.1,0.1
07.04.2021 08:36:54.538 GMT-0500,53.452,53.438,0.0008,0.1
07.04.2021 08:36:54.745 GMT-0500,53.453,53.427,0.1,0.1
07.04.2021 08:36:55.074 GMT-0500,53.442,53.428000000000004,0.1,0.1
07.04.2021 08:36:55.833 GMT-0500,53.442,53.418000000000006,0.1,0.1
07.04.2021 08:36:56.587 GMT-0500,53.443000000000005,53.427,0.0008,0.075
07.04.2021 08:36:56.637 GMT-0500,53.453,53.427,0.1,0.1
07.04.2021 08:36:57.450 GMT-0500,53.442,53.428000000000004,0.1,0.1
07.04.2021 08:36:57.556 GMT-0500,53.442,53.418000000000006,0.1,0.1
07.04.2021 08:36:58.025 GMT-0500,53.443000000000005,53.427,0.1,0.0008
07.04.2021 08:36:58.310 GMT-0500,53.442,53.418000000000006,0.1,0.1
07.04.2021 08:36:59.167 GMT-0500,53.442,53.428000000000004,0.1,0.075
07.04.2021 08:36:59.672 GMT-0500,53.442,53.418000000000006,0.1,0.1
07.04.2021 08:37:00.048 GMT-0500,53.442,53.428000000000004,0.1,0.1
07.04.2021 08:37:00.409 GMT-0500,53.442,53.418000000000006,0.1,0.1
07.04.2021 08:37:04.010 GMT-0500,53.442,53.428000000000004,0.1,0.075
07.04.2021 08:37:07.267 GMT-0500,53.442,53.418000000000006,0.1,0.1
07.04.2021 08:37:09.137 GMT-0500,53.433,53.417,0.0008,0.1
07.04.2021 08:37:10.815 GMT-0500,53.443000000000005,53.417,0.1,0.1
07.04.2021 08:37:12.375 GMT-0500,53.442,53.428000000000004,0.1,0.1
07.04.2021 08:37:15.414 GMT-0500,53.453,53.437,0.1,0.1
07.04.2021 08:37:15.516 GMT-0500,53.442,53.428000000000004,0.1,0.1
07.04.2021 08:37:15.889 GMT-0500,53.442,53.438,0.075,0.0008
07.04.2021 08:37:15.939 GMT-0500,53.453,53.437,0.1,0.1
07.04.2021 08:37:16.115 GMT-0500,53.453,53.427,0.1,0.1
07.04.2021 08:37:16.385 GMT-0500,53.453,53.437,0.1,0.0008
07.04.2021 08:37:17.202 GMT-0500,53.463,53.437,0.1,0.1
07.04.2021 08:37:19.489 GMT-0500,53.453,53.437,0.075,0.0008
07.04.2021 08:37:19.539 GMT-0500,53.452,53.428000000000004,0.1,0.1
07.04.2021 08:37:21.248 GMT-0500,53.443000000000005,53.427,0.075,0.1
07.04.2021 08:37:21.298 GMT-0500,53.442,53.418000000000006,0.1,0.1
07.04.2021 08:37:24.754 GMT-0500,53.442,53.428000000000004,0.1,0.1
07.04.2021 08:37:24.855 GMT-0500,53.453,53.437,0.1,0.1
07.04.2021 08:37:25.124 GMT-0500,53.442,53.428000000000004,0.1,0.1
07.04.2021 08:37:25.175 GMT-0500,53.443000000000005,53.417,0.1,0.1
07.04.2021 08:37:29.279 GMT-0500,53.442,53.428000000000004,0.075,0.0008
07.04.2021 08:37:29.329 GMT-0500,53.453,53.427,0.1,0.1
07.04.2021 08:37:29.815 GMT-0500,53.453,53.437,0.1,0.075
07.04.2021 08:37:29.966 GMT-0500,53.461999999999996,53.438,0.1,0.1
07.04.2021 08:37:31.976 GMT-0500,53.452,53.438,0.075,0.1
07.04.2021 08:37:32.402 GMT-0500,53.463,53.437,0.1,0.1
07.04.2021 08:37:33.222 GMT-0500,53.473000000000006,53.447,0.1,0.1
07.04.2021 08:37:34.060 GMT-0500,53.472,53.458000000000006,0.1,0.075
07.04.2021 08:37:34.166 GMT-0500,53.472,53.448,0.1,0.1
07.04.2021 08:37:34.402 GMT-0500,53.461999999999996,53.448,0.1,0.1
07.04.2021 08:37:34.452 GMT-0500,53.472,53.448,0.1,0.1
07.04.2021 08:37:34.615 GMT-0500,53.463,53.447,0.1,0.1
07.04.2021 08:37:34.665 GMT-0500,53.461999999999996,53.438,0.1,0.1
07.04.2021 08:37:36.881 GMT-0500,53.452,53.438,0.0008,0.075
07.04.2021 08:37:36.931 GMT-0500,53.453,53.427,0.1,0.1
07.04.2021 08:37:37.186 GMT-0500,53.452,53.438,0.1,0.1
07.04.2021 08:37:38.509 GMT-0500,53.463,53.437,0.1,0.1
07.04.2021 08:37:45.282 GMT-0500,53.452,53.428000000000004,0.1,0.1
07.04.2021 08:37:46.006 GMT-0500,53.452,53.438,0.1,0.1
07.04.2021 08:37:46.479 GMT-0500,53.452,53.428000000000004,0.1,0.1
07.04.2021 08:37:49.117 GMT-0500,53.452,53.438,0.0008,0.075
07.04.2021 08:37:49.168 GMT-0500,53.461999999999996,53.438,0.1,0.1
07.04.2021 08:37:49.553 GMT-0500,53.461999999999996,53.448,0.1,0.1
07.04.2021 08:37:49.604 GMT-0500,53.461999999999996,53.438,0.1,0.1
07.04.2021 08:37:50.598 GMT-0500,53.463,53.447,0.1,0.075
07.04.2021 08:37:50.649 GMT-0500,53.461999999999996,53.438,0.1,0.1
07.04.2021 08:37:51.155 GMT-0500,53.452,53.438,0.0008,0.1
07.04.2021 08:37:51.542 GMT-0500,53.463,53.437,0.1,0.1
07.04.2021 08:37:51.597 GMT-0500,53.453,53.437,0.075,0.1
07.04.2021 08:37:51.943 GMT-0500,53.453,53.427,0.1,0.1
07.04.2021 08:37:54.002 GMT-0500,53.443000000000005,53.427,0.075,0.1
07.04.2021 08:37:54.131 GMT-0500,53.433,53.427,0.075,0.0008
07.04.2021 08:37:54.181 GMT-0500,53.432,53.418000000000006,0.1,0.1
07.04.2021 08:37:54.694 GMT-0500,53.423,53.407,0.1,0.1
07.04.2021 08:37:55.034 GMT-0500,53.432,53.408,0.1,0.1
07.04.2021 08:37:55.653 GMT-0500,53.432,53.418000000000006,0.1,0.1
07.04.2021 08:37:55.753 GMT-0500,53.432,53.408,0.1,0.1
07.04.2021 08:37:57.827 GMT-0500,53.433,53.417,0.1,0.0008
07.04.2021 08:37:57.928 GMT-0500,53.432,53.408,0.1,0.1
07.04.2021 08:38:00.061 GMT-0500,53.433,53.417,0.1,0.075
07.04.2021 08:38:00.301 GMT-0500,53.442,53.418000000000006,0.1,0.1
07.04.2021 08:38:00.477 GMT-0500,53.433,53.417,0.0008,0.1
07.04.2021 08:38:00.527 GMT-0500,53.443000000000005,53.417,0.1,0.1
07.04.2021 08:38:02.703 GMT-0500,53.433,53.407,0.1,0.1
07.04.2021 08:38:02.993 GMT-0500,53.423,53.407,0.0008,0.1
07.04.2021 08:38:03.475 GMT-0500,53.432,53.408,0.1,0.1
07.04.2021 08:38:03.762 GMT-0500,53.433,53.417,0.1,0.1
07.04.2021 08:38:03.863 GMT-0500,53.443000000000005,53.417,0.1,0.1
07.04.2021 08:38:04.949 GMT-0500,53.433,53.417,0.0008,0.075
07.04.2021 08:38:04.999 GMT-0500,53.433,53.407,0.1,0.1
07.04.2021 08:38:05.797 GMT-0500,53.433,53.417,0.1,0.1
07.04.2021 08:38:06.043 GMT-0500,53.442,53.428000000000004,0.1,0.1
07.04.2021 08:38:06.093 GMT-0500,53.443000000000005,53.417,0.1,0.1
07.04.2021 08:38:07.865 GMT-0500,53.443000000000005,53.427,0.1,0.1
07.04.2021 08:38:10.129 GMT-0500,53.442,53.418000000000006,0.1,0.1
07.04.2021 08:38:11.639 GMT-0500,53.432,53.418000000000006,0.0008,0.1
07.04.2021 08:38:11.689 GMT-0500,53.432,53.408,0.1,0.1
07.04.2021 08:38:13.426 GMT-0500,53.423,53.407,0.1,0.1
07.04.2021 08:38:15.490 GMT-0500,53.413000000000004,53.397,0.1,0.1
07.04.2021 08:38:15.780 GMT-0500,53.423,53.397,0.1,0.1
07.04.2021 08:38:16.098 GMT-0500,53.423,53.407,0.1,0.0008
07.04.2021 08:38:17.626 GMT-0500,53.423,53.397,0.1,0.1
07.04.2021 08:38:21.160 GMT-0500,53.413000000000004,53.397,0.1,0.1
07.04.2021 08:38:21.478 GMT-0500,53.422,53.408,0.1,0.1
07.04.2021 08:38:22.440 GMT-0500,53.422,53.398,0.1,0.1
07.04.2021 08:38:22.510 GMT-0500,53.412,53.398,0.1,0.1
07.04.2021 08:38:23.349 GMT-0500,53.422,53.398,0.1,0.1
07.04.2021 08:38:24.248 GMT-0500,53.422,53.408,0.1,0.1
07.04.2021 08:38:25.869 GMT-0500,53.432,53.418000000000006,0.1,0.1
07.04.2021 08:38:25.969 GMT-0500,53.423,53.397,0.1,0.1
07.04.2021 08:38:26.070 GMT-0500,53.412,53.398,0.1,0.1
07.04.2021 08:38:27.359 GMT-0500,53.413000000000004,53.387,0.1,0.1
07.04.2021 08:38:27.944 GMT-0500,53.412,53.398,0.1,0.075
07.04.2021 08:38:28.696 GMT-0500,53.413000000000004,53.387,0.1,0.1
07.04.2021 08:38:32.239 GMT-0500,53.413000000000004,53.397,0.1,0.1
07.04.2021 08:38:32.411 GMT-0500,53.423,53.397,0.1,0.1
07.04.2021 08:38:32.471 GMT-0500,53.413000000000004,53.397,0.0008,0.1
07.04.2021 08:38:34.175 GMT-0500,53.402,53.388000000000005,0.1,0.1
07.04.2021 08:38:34.551 GMT-0500,53.403000000000006,53.377,0.1,0.1
07.04.2021 08:38:36.255 GMT-0500,53.402,53.388000000000005,0.1,0.0008
07.04.2021 08:38:36.575 GMT-0500,53.402,53.378,0.1,0.1
07.04.2021 08:38:38.235 GMT-0500,53.402,53.388000000000005,0.1,0.075
07.04.2021 08:38:39.142 GMT-0500,53.402,53.378,0.1,0.1
07.04.2021 08:38:39.221 GMT-0500,53.402,53.388000000000005,0.1,0.1
07.04.2021 08:38:40.734 GMT-0500,53.391999999999996,53.388000000000005,0.0008,0.075
07.04.2021 08:38:40.785 GMT-0500,53.391999999999996,53.378,0.1,0.1
07.04.2021 08:38:42.616 GMT-0500,53.393,53.367,0.1,0.1
07.04.2021 08:38:44.718 GMT-0500,53.391999999999996,53.378,0.1,0.0008
07.04.2021 08:38:44.996 GMT-0500,53.391999999999996,53.368,0.1,0.1
07.04.2021 08:38:46.128 GMT-0500,53.393,53.377,0.1,0.0008
07.04.2021 08:38:46.286 GMT-0500,53.391999999999996,53.368,0.1,0.1
07.04.2021 08:38:48.256 GMT-0500,53.382,53.368,0.075,0.0008
07.04.2021 08:38:48.307 GMT-0500,53.383,53.357,0.1,0.1
07.04.2021 08:38:48.548 GMT-0500,53.382,53.368,0.1,0.075
07.04.2021 08:38:49.010 GMT-0500,53.383,53.357,0.1,0.1
07.04.2021 08:38:59.198 GMT-0500,53.372,53.358000000000004,0.0008,0.1
07.04.2021 08:39:00.782 GMT-0500,53.382,53.368,0.1,0.1
07.04.2021 08:39:02.014 GMT-0500,53.391999999999996,53.378,0.1,0.1
07.04.2021 08:39:02.277 GMT-0500,53.382,53.368,0.1,0.1
07.04.2021 08:39:03.019 GMT-0500,53.393,53.377,0.1,0.1
07.04.2021 08:39:03.396 GMT-0500,53.403000000000006,53.377,0.1,0.1
07.04.2021 08:39:03.446 GMT-0500,53.403000000000006,53.387,0.1,0.1
07.04.2021 08:39:04.484 GMT-0500,53.403000000000006,53.377,0.1,0.1
07.04.2021 08:39:04.925 GMT-0500,53.393,53.377,0.0008,0.1
07.04.2021 08:39:05.709 GMT-0500,53.391999999999996,53.368,0.1,0.1
07.04.2021 08:39:07.437 GMT-0500,53.383,53.367,0.075,0.0008
07.04.2021 08:39:07.487 GMT-0500,53.382,53.358000000000004,0.1,0.1
07.04.2021 08:39:07.703 GMT-0500,53.373000000000005,53.357,0.0008,0.1
07.04.2021 08:39:07.803 GMT-0500,53.382,53.358000000000004,0.1,0.1
07.04.2021 08:39:07.865 GMT-0500,53.373000000000005,53.357,0.1,0.1
07.04.2021 08:39:10.720 GMT-0500,53.372,53.348000000000006,0.1,0.1
07.04.2021 08:39:11.394 GMT-0500,53.362,53.348000000000006,0.075,0.1
07.04.2021 08:39:11.834 GMT-0500,53.372,53.358000000000004,0.1,0.075
07.04.2021 08:39:11.884 GMT-0500,53.372,53.348000000000006,0.1,0.1
07.04.2021 08:39:11.985 GMT-0500,53.372,53.358000000000004,0.1,0.1
07.04.2021 08:39:12.035 GMT-0500,53.382,53.358000000000004,0.1,0.1
07.04.2021 08:39:12.086 GMT-0500,53.372,53.358000000000004,0.0008,0.1
07.04.2021 08:39:13.776 GMT-0500,53.393,53.367,0.1,0.1
07.04.2021 08:39:13.964 GMT-0500,53.382,53.368,0.1,0.1
07.04.2021 08:39:15.094 GMT-0500,53.383,53.357,0.1,0.1
07.04.2021 08:39:15.630 GMT-0500,53.383,53.367,0.1,0.1
07.04.2021 08:39:16.005 GMT-0500,53.382,53.358000000000004,0.1,0.1
07.04.2021 08:39:17.109 GMT-0500,53.382,53.368,0.1,0.0008
07.04.2021 08:39:21.559 GMT-0500,53.393,53.377,0.1,0.1
07.04.2021 08:39:21.710 GMT-0500,53.402,53.388000000000005,0.1,0.1
07.04.2021 08:39:22.116 GMT-0500,53.403000000000006,53.377,0.1,0.1
07.04.2021 08:39:22.355 GMT-0500,53.393,53.377,0.075,0.1
07.04.2021 08:39:23.437 GMT-0500,53.403000000000006,53.377,0.1,0.1
07.04.2021 08:39:24.533 GMT-0500,53.393,53.377,0.0008,0.1
07.04.2021 08:39:27.015 GMT-0500,53.393,53.367,0.1,0.1
07.04.2021 08:39:27.066 GMT-0500,53.382,53.368,0.1,0.1
07.04.2021 08:39:27.986 GMT-0500,53.391999999999996,53.368,0.1,0.1
07.04.2021 08:39:28.486 GMT-0500,53.382,53.368,0.0008,0.1
07.04.2021 08:39:28.752 GMT-0500,53.391999999999996,53.368,0.1,0.1
07.04.2021 08:39:29.412 GMT-0500,53.391999999999996,53.378,0.1,0.0008
07.04.2021 08:39:30.011 GMT-0500,53.393,53.367,0.1,0.1
07.04.2021 08:39:30.170 GMT-0500,53.393,53.377,0.1,0.0008
07.04.2021 08:39:32.437 GMT-0500,53.403000000000006,53.377,0.1,0.1
07.04.2021 08:39:36.183 GMT-0500,53.391999999999996,53.378,0.1,0.1
07.04.2021 08:39:37.065 GMT-0500,53.402,53.378,0.1,0.1
07.04.2021 08:39:38.241 GMT-0500,53.391999999999996,53.378,0.1,0.1
07.04.2021 08:39:38.393 GMT-0500,53.383,53.377,0.0008,0.075
07.04.2021 08:39:38.443 GMT-0500,53.382,53.368,0.1,0.1
07.04.2021 08:39:38.595 GMT-0500,53.373000000000005,53.367,0.0008,0.075
07.04.2021 08:39:38.646 GMT-0500,53.372,53.358000000000004,0.1,0.1
07.04.2021 08:39:39.052 GMT-0500,53.373000000000005,53.347,0.1,0.1
07.04.2021 08:39:39.273 GMT-0500,53.372,53.358000000000004,0.1,0.0008
07.04.2021 08:39:39.323 GMT-0500,53.393,53.377,0.1,0.1
07.04.2021 08:39:39.425 GMT-0500,53.382,53.368,0.1,0.1
07.04.2021 08:39:39.526 GMT-0500,53.393,53.367,0.1,0.1
07.04.2021 08:39:41.782 GMT-0500,53.391999999999996,53.378,0.1,0.0008
07.04.2021 08:39:42.259 GMT-0500,53.391999999999996,53.368,0.1,0.1
07.04.2021 08:39:42.395 GMT-0500,53.382,53.368,0.0008,0.1
07.04.2021 08:39:43.266 GMT-0500,53.382,53.358000000000004,0.1,0.1
07.04.2021 08:39:44.228 GMT-0500,53.382,53.368,0.1,0.1
07.04.2021 08:39:44.637 GMT-0500,53.383,53.357,0.1,0.1
07.04.2021 08:39:45.352 GMT-0500,53.373000000000005,53.357,0.1,0.1
07.04.2021 08:39:45.496 GMT-0500,53.383,53.367,0.1,0.1
07.04.2021 08:39:46.058 GMT-0500,53.382,53.358000000000004,0.1,0.1
07.04.2021 08:39:47.987 GMT-0500,53.373000000000005,53.357,0.0008,0.1
07.04.2021 08:39:48.353 GMT-0500,53.383,53.357,0.1,0.1
07.04.2021 08:39:54.276 GMT-0500,53.372,53.358000000000004,0.0008,0.1
07.04.2021 08:39:54.512 GMT-0500,53.382,53.368,0.1,0.1
07.04.2021 08:39:54.746 GMT-0500,53.383,53.357,0.1,0.1
07.04.2021 08:39:54.796 GMT-0500,53.372,53.358000000000004,0.1,0.1
07.04.2021 08:39:55.377 GMT-0500,53.372,53.368,0.075,0.0008
07.04.2021 08:39:55.427 GMT-0500,53.383,53.357,0.1,0.1
07.04.2021 08:39:55.991 GMT-0500,53.383,53.367,0.1,0.075
07.04.2021 08:39:56.091 GMT-0500,53.382,53.358000000000004,0.1,0.1
07.04.2021 08:39:56.444 GMT-0500,53.373000000000005,53.357,0.075,0.1
07.04.2021 08:39:56.678 GMT-0500,53.372,53.348000000000006,0.1,0.1
07.04.2021 08:39:56.729 GMT-0500,53.363,53.347,0.1,0.1
07.04.2021 08:39:56.930 GMT-0500,53.372,53.348000000000006,0.1,0.1
07.04.2021 08:39:58.825 GMT-0500,53.363,53.347,0.075,0.1
07.04.2021 08:39:59.341 GMT-0500,53.372,53.358000000000004,0.1,0.1
07.04.2021 08:39:59.674 GMT-0500,53.372,53.348000000000006,0.1,0.1
07.04.2021 08:40:00.064 GMT-0500,53.372,53.358000000000004,0.1,0.1
07.04.2021 08:40:00.114 GMT-0500,53.383,53.357,0.1,0.1
07.04.2021 08:40:00.164 GMT-0500,53.382,53.368,0.1,0.1
07.04.2021 08:40:00.790 GMT-0500,53.391999999999996,53.368,0.1,0.1
07.04.2021 08:40:00.976 GMT-0500,53.393,53.377,0.1,0.0008
07.04.2021 08:40:01.238 GMT-0500,53.382,53.358000000000004,0.1,0.1
07.04.2021 08:40:02.103 GMT-0500,53.372,53.358000000000004,0.1,0.1
07.04.2021 08:40:02.153 GMT-0500,53.382,53.358000000000004,0.1,0.1
07.04.2021 08:40:03.285 GMT-0500,53.373000000000005,53.357,0.1,0.1
07.04.2021 08:40:04.541 GMT-0500,53.372,53.348000000000006,0.1,0.1
07.04.2021 08:40:05.033 GMT-0500,53.372,53.358000000000004,0.1,0.0008
07.04.2021 08:40:06.054 GMT-0500,53.372,53.348000000000006,0.1,0.1
07.04.2021 08:40:06.670 GMT-0500,53.373000000000005,53.357,0.1,0.1
07.04.2021 08:40:07.165 GMT-0500,53.372,53.348000000000006,0.1,0.1
07.04.2021 08:40:09.109 GMT-0500,53.362,53.348000000000006,0.1,0.1
07.04.2021 08:40:09.488 GMT-0500,53.372,53.348000000000006,0.1,0.1
07.04.2021 08:40:09.540 GMT-0500,53.372,53.358000000000004,0.1,0.0008
07.04.2021 08:40:09.641 GMT-0500,53.383,53.357,0.1,0.1
07.04.2021 08:40:09.691 GMT-0500,53.382,53.368,0.1,0.1
07.04.2021 08:40:10.676 GMT-0500,53.382,53.358000000000004,0.1,0.1
07.04.2021 08:40:12.677 GMT-0500,53.372,53.358000000000004,0.1,0.1
07.04.2021 08:40:12.806 GMT-0500,53.363,53.336999999999996,0.1,0.1
07.04.2021 08:40:12.857 GMT-0500,53.373000000000005,53.347,0.1,0.1
07.04.2021 08:40:12.963 GMT-0500,53.373000000000005,53.357,0.1,0.1
07.04.2021 08:40:13.014 GMT-0500,53.373000000000005,53.347,0.1,0.1
07.04.2021 08:40:13.117 GMT-0500,53.363,53.336999999999996,0.1,0.1
07.04.2021 08:40:13.394 GMT-0500,53.362,53.348000000000006,0.1,0.1
07.04.2021 08:40:13.645 GMT-0500,53.362,53.338,0.1,0.1
07.04.2021 08:40:14.130 GMT-0500,53.362,53.348000000000006,0.1,0.1
07.04.2021 08:40:15.158 GMT-0500,53.363,53.336999999999996,0.1,0.1
07.04.2021 08:40:15.208 GMT-0500,53.363,53.347,0.1,0.1
07.04.2021 08:40:17.482 GMT-0500,53.362,53.358000000000004,0.0008,0.075
07.04.2021 08:40:17.532 GMT-0500,53.373000000000005,53.357,0.1,0.1
07.04.2021 08:40:18.097 GMT-0500,53.382,53.368,0.1,0.1
07.04.2021 08:40:18.159 GMT-0500,53.382,53.358000000000004,0.1,0.1
07.04.2021 08:40:18.378 GMT-0500,53.382,53.368,0.1,0.1
07.04.2021 08:40:18.877 GMT-0500,53.382,53.358000000000004,0.1,0.1
07.04.2021 08:40:21.563 GMT-0500,53.383,53.367,0.1,0.0008
07.04.2021 08:40:22.261 GMT-0500,53.383,53.357,0.1,0.1
07.04.2021 08:40:22.314 GMT-0500,53.383,53.367,0.1,0.0008
07.04.2021 08:40:22.743 GMT-0500,53.383,53.357,0.1,0.1
07.04.2021 08:40:23.650 GMT-0500,53.383,53.367,0.1,0.1
07.04.2021 08:40:25.042 GMT-0500,53.393,53.367,0.1,0.1
07.04.2021 08:40:25.139 GMT-0500,53.393,53.377,0.1,0.075
07.04.2021 08:40:25.189 GMT-0500,53.403000000000006,53.377,0.1,0.1
07.04.2021 08:40:25.557 GMT-0500,53.402,53.388000000000005,0.1,0.0008
07.04.2021 08:40:26.177 GMT-0500,53.412,53.388000000000005,0.1,0.1
07.04.2021 08:40:26.375 GMT-0500,53.403000000000006,53.387,0.075,0.1
07.04.2021 08:40:27.784 GMT-0500,53.412,53.388000000000005,0.1,0.1
07.04.2021 08:40:29.909 GMT-0500,53.402,53.388000000000005,0.075,0.1
07.04.2021 08:40:30.141 GMT-0500,53.391999999999996,53.378,0.1,0.1
07.04.2021 08:40:31.876 GMT-0500,53.391999999999996,53.368,0.1,0.1
07.04.2021 08:40:32.782 GMT-0500,53.383,53.367,0.1,0.1
07.04.2021 08:40:33.053 GMT-0500,53.393,53.367,0.1,0.1
07.04.2021 08:40:34.183 GMT-0500,53.382,53.358000000000004,0.1,0.1
07.04.2021 08:40:34.408 GMT-0500,53.372,53.358000000000004,0.075,0.1
07.04.2021 08:40:34.458 GMT-0500,53.372,53.348000000000006,0.1,0.1
07.04.2021 08:40:34.795 GMT-0500,53.373000000000005,53.357,0.1,0.075
07.04.2021 08:40:35.090 GMT-0500,53.373000000000005,53.347,0.1,0.1
07.04.2021 08:40:35.301 GMT-0500,53.372,53.358000000000004,0.1,0.0008
07.04.2021 08:40:37.346 GMT-0500,53.373000000000005,53.347,0.1,0.1
07.04.2021 08:40:38.541 GMT-0500,53.362,53.348000000000006,0.1,0.1
07.04.2021 08:40:38.591 GMT-0500,53.372,53.348000000000006,0.1,0.1
07.04.2021 08:40:39.258 GMT-0500,53.362,53.348000000000006,0.075,0.1
07.04.2021 08:40:39.309 GMT-0500,53.363,53.336999999999996,0.1,0.1
07.04.2021 08:40:39.425 GMT-0500,53.363,53.347,0.1,0.0008
07.04.2021 08:40:39.618 GMT-0500,53.362,53.338,0.1,0.1
07.04.2021 08:40:41.116 GMT-0500,53.362,53.348000000000006,0.1,0.0008
07.04.2021 08:40:41.982 GMT-0500,53.362,53.338,0.1,0.1
07.04.2021 08:40:45.111 GMT-0500,53.352,53.338,0.0008,0.1
07.04.2021 08:40:45.162 GMT-0500,53.362,53.338,0.1,0.1
07.04.2021 08:40:45.406 GMT-0500,53.352,53.338,0.1,0.1
07.04.2021 08:40:45.456 GMT-0500,53.353,53.327,0.1,0.1
07.04.2021 08:40:45.619 GMT-0500,53.353,53.336999999999996,0.075,0.0008
07.04.2021 08:40:45.669 GMT-0500,53.363,53.336999999999996,0.1,0.1
07.04.2021 08:40:48.353 GMT-0500,53.353,53.336999999999996,0.0008,0.1
07.04.2021 08:40:48.404 GMT-0500,53.352,53.328,0.1,0.1
07.04.2021 08:40:48.853 GMT-0500,53.352,53.338,0.1,0.1
07.04.2021 08:40:50.607 GMT-0500,53.352,53.328,0.1,0.1
07.04.2021 08:40:50.808 GMT-0500,53.353,53.336999999999996,0.1,0.0008
07.04.2021 08:40:50.908 GMT-0500,53.362,53.338,0.1,0.1
07.04.2021 08:40:53.262 GMT-0500,53.353,53.336999999999996,0.0008,0.1
07.04.2021 08:40:53.514 GMT-0500,53.342,53.328,0.075,0.1
07.04.2021 08:40:53.564 GMT-0500,53.352,53.328,0.1,0.1
07.04.2021 08:40:54.023 GMT-0500,53.343,53.327,0.075,0.1
07.04.2021 08:40:54.372 GMT-0500,53.342,53.318000000000005,0.1,0.1
07.04.2021 08:40:55.386 GMT-0500,53.333000000000006,53.307,0.1,0.1
07.04.2021 08:40:55.487 GMT-0500,53.333000000000006,53.317,0.1,0.1
07.04.2021 08:40:57.640 GMT-0500,53.343,53.317,0.1,0.1
07.04.2021 08:40:57.722 GMT-0500,53.332,53.318000000000005,0.1,0.1
07.04.2021 08:41:01.096 GMT-0500,53.332,53.308,0.1,0.1
07.04.2021 08:41:01.613 GMT-0500,53.323,53.307,0.0008,0.1
07.04.2021 08:41:01.664 GMT-0500,53.333000000000006,53.307,0.1,0.1
07.04.2021 08:41:02.254 GMT-0500,53.323,53.307,0.0008,0.1
07.04.2021 08:41:02.305 GMT-0500,53.332,53.308,0.1,0.1
07.04.2021 08:41:03.878 GMT-0500,53.322,53.308,0.0008,0.1
07.04.2021 08:41:04.719 GMT-0500,53.313,53.307,0.0008,0.075
07.04.2021 08:41:04.769 GMT-0500,53.323,53.297,0.1,0.1
07.04.2021 08:41:05.548 GMT-0500,53.313,53.297,0.0008,0.1
07.04.2021 08:41:06.038 GMT-0500,53.322,53.298,0.1,0.1
07.04.2021 08:41:06.928 GMT-0500,53.313,53.297,0.1,0.1
07.04.2021 08:41:10.985 GMT-0500,53.323,53.297,0.1,0.1
07.04.2021 08:41:12.162 GMT-0500,53.313,53.297,0.075,0.1
07.04.2021 08:41:14.506 GMT-0500,53.323,53.297,0.1,0.1
07.04.2021 08:41:14.687 GMT-0500,53.313,53.297,0.075,0.1
07.04.2021 08:41:16.254 GMT-0500,53.323,53.297,0.1,0.1
07.04.2021 08:41:17.446 GMT-0500,53.312,53.298,0.0008,0.1
07.04.2021 08:41:21.565 GMT-0500,53.302,53.288000000000004,0.1,0.1
07.04.2021 08:41:21.955 GMT-0500,53.303000000000004,53.277,0.1,0.1
07.04.2021 08:41:22.501 GMT-0500,53.293000000000006,53.277,0.075,0.1
07.04.2021 08:41:23.720 GMT-0500,53.292,53.268,0.1,0.1
07.04.2021 08:41:25.200 GMT-0500,53.282,53.268,0.075,0.1
07.04.2021 08:41:25.838 GMT-0500,53.282,53.258,0.1,0.1
07.04.2021 08:41:26.158 GMT-0500,53.272,53.258,0.1,0.1
07.04.2021 08:41:26.386 GMT-0500,53.273,53.266999999999996,0.075,0.0008
07.04.2021 08:41:26.436 GMT-0500,53.283,53.266999999999996,0.1,0.1
07.04.2021 08:41:27.523 GMT-0500,53.283,53.257,0.1,0.1
07.04.2021 08:41:28.489 GMT-0500,53.282,53.268,0.1,0.075
07.04.2021 08:41:28.809 GMT-0500,53.293000000000006,53.266999999999996,0.1,0.1
07.04.2021 08:41:29.094 GMT-0500,53.292,53.278000000000006,0.1,0.1
07.04.2021 08:41:29.276 GMT-0500,53.303000000000004,53.277,0.1,0.1
07.04.2021 08:41:33.432 GMT-0500,53.302,53.288000000000004,0.1,0.1
07.04.2021 08:41:33.533 GMT-0500,53.292,53.278000000000006,0.1,0.1
07.04.2021 08:41:33.908 GMT-0500,53.293000000000006,53.266999999999996,0.1,0.1
07.04.2021 08:41:36.555 GMT-0500,53.282,53.268,0.0008,0.1
07.04.2021 08:41:36.705 GMT-0500,53.282,53.258,0.1,0.1
07.04.2021 08:41:37.057 GMT-0500,53.272,53.258,0.075,0.1
07.04.2021 08:41:37.256 GMT-0500,53.292,53.268,0.1,0.1
07.04.2021 08:41:37.322 GMT-0500,53.292,53.278000000000006,0.1,0.075
07.04.2021 08:41:37.422 GMT-0500,53.302,53.278000000000006,0.1,0.1
07.04.2021 08:41:37.518 GMT-0500,53.302,53.288000000000004,0.1,0.075
07.04.2021 08:41:38.261 GMT-0500,53.302,53.278000000000006,0.1,0.1
07.04.2021 08:41:41.495 GMT-0500,53.302,53.288000000000004,0.1,0.0008
07.04.2021 08:41:41.622 GMT-0500,53.302,53.278000000000006,0.1,0.1
07.04.2021 08:41:45.431 GMT-0500,53.302,53.288000000000004,0.1,0.1
07.04.2021 08:41:46.128 GMT-0500,53.303000000000004,53.277,0.1,0.1
07.04.2021 08:41:48.848 GMT-0500,53.292,53.278000000000006,0.1,0.1
07.04.2021 08:41:48.918 GMT-0500,53.292,53.268,0.1,0.1
07.04.2021 08:41:50.420 GMT-0500,53.283,53.266999999999996,0.1,0.1
07.04.2021 08:41:50.470 GMT-0500,53.283,53.257,0.1,0.1
07.04.2021 08:41:51.869 GMT-0500,53.273,53.257,0.075,0.1
07.04.2021 08:41:53.352 GMT-0500,53.263000000000005,53.247,0.1,0.1
07.04.2021 08:41:53.402 GMT-0500,53.272,53.248000000000005,0.1,0.1
07.04.2021 08:41:53.453 GMT-0500,53.273,53.257,0.1,0.1
07.04.2021 08:41:53.694 GMT-0500,53.283,53.257,0.1,0.1
07.04.2021 08:41:54.611 GMT-0500,53.282,53.268,0.1,0.0008
07.04.2021 08:41:54.661 GMT-0500,53.293000000000006,53.266999999999996,0.1,0.1
07.04.2021 08:41:54.712 GMT-0500,53.283,53.266999999999996,0.1,0.1
07.04.2021 08:41:54.908 GMT-0500,53.293000000000006,53.266999999999996,0.1,0.1
07.04.2021 08:41:56.201 GMT-0500,53.293000000000006,53.277,0.1,0.1
07.04.2021 08:41:56.668 GMT-0500,53.303000000000004,53.277,0.1,0.1
07.04.2021 08:41:59.478 GMT-0500,53.302,53.288000000000004,0.075,0.0008
07.04.2021 08:41:59.529 GMT-0500,53.313,53.287,0.1,0.1
07.04.2021 08:41:59.579 GMT-0500,53.303000000000004,53.287,0.1,0.1
07.04.2021 08:41:59.629 GMT-0500,53.302,53.278000000000006,0.1,0.1
07.04.2021 08:42:00.849 GMT-0500,53.292,53.278000000000006,0.1,0.1
07.04.2021 08:42:00.899 GMT-0500,53.303000000000004,53.277,0.1,0.1
07.04.2021 08:42:02.512 GMT-0500,53.292,53.278000000000006,0.1,0.1
07.04.2021 08:42:03.203 GMT-0500,53.303000000000004,53.277,0.1,0.1
07.04.2021 08:42:04.976 GMT-0500,53.292,53.278000000000006,0.075,0.0008
07.04.2021 08:42:05.026 GMT-0500,53.292,53.268,0.1,0.1
07.04.2021 08:42:05.245 GMT-0500,53.282,53.268,0.075,0.1
07.04.2021 08:42:05.296 GMT-0500,53.292,53.268,0.1,0.1
07.04.2021 08:42:05.379 GMT-0500,53.292,53.278000000000006,0.1,0.075
07.04.2021 08:42:05.480 GMT-0500,53.293000000000006,53.266999999999996,0.1,0.1
07.04.2021 08:42:05.889 GMT-0500,53.283,53.266999999999996,0.075,0.1
07.04.2021 08:42:06.279 GMT-0500,53.272,53.268,0.0008,0.075
07.04.2021 08:42:06.329 GMT-0500,53.293000000000006,53.277,0.1,0.1
07.04.2021 08:42:06.496 GMT-0500,53.292,53.288000000000004,0.075,0.0008
07.04.2021 08:42:06.547 GMT-0500,53.302,53.288000000000004,0.1,0.1
07.04.2021 08:42:09.524 GMT-0500,53.293000000000006,53.287,0.0008,0.075
07.04.2021 08:42:09.574 GMT-0500,53.293000000000006,53.277,0.1,0.1
07.04.2021 08:42:09.728 GMT-0500,53.293000000000006,53.266999999999996,0.1,0.1
07.04.2021 08:42:11.367 GMT-0500,53.293000000000006,53.277,0.1,0.0008
07.04.2021 08:42:11.491 GMT-0500,53.303000000000004,53.287,0.1,0.1
07.04.2021 08:42:11.646 GMT-0500,53.312,53.288000000000004,0.1,0.1
07.04.2021 08:42:12.183 GMT-0500,53.303000000000004,53.287,0.075,0.1
07.04.2021 08:42:12.750 GMT-0500,53.303000000000004,53.277,0.1,0.1
07.04.2021 08:42:13.000 GMT-0500,53.303000000000004,53.287,0.1,0.0008
07.04.2021 08:42:13.051 GMT-0500,53.313,53.287,0.1,0.1
07.04.2021 08:42:13.159 GMT-0500,53.302,53.288000000000004,0.075,0.1
07.04.2021 08:42:13.458 GMT-0500,53.312,53.288000000000004,0.1,0.1
07.04.2021 08:42:14.069 GMT-0500,53.302,53.288000000000004,0.1,0.1
07.04.2021 08:42:14.119 GMT-0500,53.302,53.278000000000006,0.1,0.1
07.04.2021 08:42:16.359 GMT-0500,53.292,53.278000000000006,0.075,0.1
07.04.2021 08:42:16.409 GMT-0500,53.303000000000004,53.277,0.1,0.1
07.04.2021 08:42:16.573 GMT-0500,53.303000000000004,53.287,0.1,0.1
07.04.2021 08:42:17.195 GMT-0500,53.293000000000006,53.277,0.1,0.1
07.04.2021 08:42:17.246 GMT-0500,53.293000000000006,53.266999999999996,0.1,0.1
07.04.2021 08:42:19.126 GMT-0500,53.283,53.266999999999996,0.0008,0.1
07.04.2021 08:42:19.328 GMT-0500,53.292,53.278000000000006,0.1,0.1
07.04.2021 08:42:19.737 GMT-0500,53.293000000000006,53.266999999999996,0.1,0.1
07.04.2021 08:42:20.631 GMT-0500,53.283,53.266999999999996,0.075,0.1
07.04.2021 08:42:21.205 GMT-0500,53.282,53.258,0.1,0.1
07.04.2021 08:42:23.039 GMT-0500,53.282,53.268,0.1,0.1
07.04.2021 08:42:25.240 GMT-0500,53.273,53.266999999999996,0.075,0.0008
07.04.2021 08:42:25.290 GMT-0500,53.272,53.258,0.1,0.1
07.04.2021 08:42:26.296 GMT-0500,53.282,53.268,0.1,0.1
07.04.2021 08:42:26.674 GMT-0500,53.273,53.257,0.1,0.1
07.04.2021 08:42:27.225 GMT-0500,53.273,53.247,0.1,0.1
07.04.2021 08:42:28.336 GMT-0500,53.262,53.248000000000005,0.0008,0.1
07.04.2021 08:42:29.146 GMT-0500,53.253,53.247,0.075,0.0008
07.04.2021 08:42:29.196 GMT-0500,53.253,53.237,0.1,0.1
07.04.2021 08:42:32.013 GMT-0500,53.243,53.237,0.0008,0.075
07.04.2021 08:42:32.064 GMT-0500,53.243,53.227,0.1,0.1
07.04.2021 08:42:41.419 GMT-0500,53.252,53.228,0.1,0.1
07.04.2021 08:42:44.563 GMT-0500,53.243,53.227,0.075,0.1
07.04.2021 08:43:00.810 GMT-0500,53.242,53.218,0.1,0.1
07.04.2021 08:43:00.967 GMT-0500,53.243,53.227,0.1,0.0008
07.04.2021 08:43:01.164 GMT-0500,53.242,53.218,0.1,0.1
07.04.2021 08:43:02.120 GMT-0500,53.242,53.228,0.1,0.1
07.04.2021 08:43:04.950 GMT-0500,53.252,53.228,0.1,0.1
07.04.2021 08:43:07.337 GMT-0500,53.252,53.238,0.1,0.1
07.04.2021 08:43:08.684 GMT-0500,53.253,53.227,0.1,0.1
07.04.2021 08:43:10.079 GMT-0500,53.253,53.237,0.1,0.1
07.04.2021 08:43:12.167 GMT-0500,53.262,53.248000000000005,0.1,0.1
07.04.2021 08:43:12.667 GMT-0500,53.263000000000005,53.237,0.1,0.1
07.04.2021 08:43:14.898 GMT-0500,53.263000000000005,53.247,0.1,0.0008
07.04.2021 08:43:15.377 GMT-0500,53.262,53.238,0.1,0.1
07.04.2021 08:43:20.149 GMT-0500,53.262,53.248000000000005,0.1,0.075
07.04.2021 08:43:20.250 GMT-0500,53.272,53.258,0.1,0.1
07.04.2021 08:43:21.139 GMT-0500,53.283,53.257,0.1,0.1
07.04.2021 08:43:21.419 GMT-0500,53.283,53.266999999999996,0.1,0.1
07.04.2021 08:43:24.683 GMT-0500,53.292,53.268,0.1,0.1
07.04.2021 08:43:26.352 GMT-0500,53.283,53.266999999999996,0.1,0.1
07.04.2021 08:43:27.394 GMT-0500,53.292,53.268,0.1,0.1
07.04.2021 08:43:29.868 GMT-0500,53.293000000000006,53.277,0.1,0.1
07.04.2021 08:43:30.018 GMT-0500,53.302,53.288000000000004,0.1,0.1
07.04.2021 08:43:30.119 GMT-0500,53.293000000000006,53.277,0.1,0.1
07.04.2021 08:43:30.812 GMT-0500,53.283,53.266999999999996,0.1,0.1
07.04.2021 08:43:31.670 GMT-0500,53.293000000000006,53.266999999999996,0.1,0.1
07.04.2021 08:43:31.725 GMT-0500,53.292,53.278000000000006,0.1,0.0008
07.04.2021 08:43:31.775 GMT-0500,53.293000000000006,53.266999999999996,0.1,0.1
07.04.2021 08:43:35.194 GMT-0500,53.292,53.287,0.0008,0.075
07.04.2021 08:43:35.245 GMT-0500,53.302,53.288000000000004,0.1,0.1
07.04.2021 08:43:35.346 GMT-0500,53.312,53.288000000000004,0.1,0.1
07.04.2021 08:43:36.160 GMT-0500,53.312,53.298,0.1,0.0008
07.04.2021 08:43:36.676 GMT-0500,53.302,53.298,0.0008,0.075
07.04.2021 08:43:36.726 GMT-0500,53.302,53.288000000000004,0.1,0.1
07.04.2021 08:43:37.121 GMT-0500,53.313,53.287,0.1,0.1
07.04.2021 08:43:37.171 GMT-0500,53.302,53.288000000000004,0.1,0.1
07.04.2021 08:43:37.609 GMT-0500,53.312,53.288000000000004,0.1,0.1
07.04.2021 08:43:38.617 GMT-0500,53.302,53.288000000000004,0.075,0.1
07.04.2021 08:43:38.835 GMT-0500,53.292,53.278000000000006,0.1,0.1
07.04.2021 08:43:39.105 GMT-0500,53.302,53.288000000000004,0.1,0.1
07.04.2021 08:43:39.466 GMT-0500,53.303000000000004,53.297,0.0008,0.075
07.04.2021 08:43:39.516 GMT-0500,53.312,53.298,0.1,0.1
07.04.2021 08:43:40.275 GMT-0500,53.313,53.287,0.1,0.1
07.04.2021 08:43:42.434 GMT-0500,53.303000000000004,53.287,0.1,0.1
07.04.2021 08:43:42.630 GMT-0500,53.302,53.278000000000006,0.1,0.1
07.04.2021 08:43:44.707 GMT-0500,53.303000000000004,53.287,0.1,0.0008
07.04.2021 08:43:44.757 GMT-0500,53.313,53.287,0.1,0.1
07.04.2021 08:43:46.202 GMT-0500,53.313,53.297,0.1,0.1
07.04.2021 08:43:47.935 GMT-0500,53.313,53.287,0.1,0.1
07.04.2021 08:43:52.886 GMT-0500,53.312,53.298,0.075,0.0008
07.04.2021 08:43:52.936 GMT-0500,53.322,53.298,0.1,0.1
07.04.2021 08:43:52.987 GMT-0500,53.322,53.308,0.1,0.1
07.04.2021 08:43:53.751 GMT-0500,53.323,53.297,0.1,0.1
07.04.2021 08:43:54.743 GMT-0500,53.323,53.307,0.1,0.1
07.04.2021 08:43:55.112 GMT-0500,53.333000000000006,53.317,0.1,0.1
07.04.2021 08:43:55.216 GMT-0500,53.322,53.308,0.1,0.1
07.04.2021 08:43:56.477 GMT-0500,53.323,53.297,0.1,0.1
07.04.2021 08:43:57.386 GMT-0500,53.323,53.307,0.1,0.1
07.04.2021 08:43:58.197 GMT-0500,53.322,53.298,0.1,0.1
07.04.2021 08:44:00.580 GMT-0500,53.312,53.298,0.075,0.1
07.04.2021 08:44:00.869 GMT-0500,53.312,53.288000000000004,0.1,0.1
07.04.2021 08:44:05.464 GMT-0500,53.303000000000004,53.287,0.075,0.1
07.04.2021 08:44:06.372 GMT-0500,53.312,53.288000000000004,0.1,0.1
07.04.2021 08:44:07.848 GMT-0500,53.312,53.298,0.1,0.1
07.04.2021 08:44:09.665 GMT-0500,53.302,53.288000000000004,0.1,0.1
07.04.2021 08:44:11.053 GMT-0500,53.312,53.298,0.1,0.1
07.04.2021 08:44:12.535 GMT-0500,53.302,53.298,0.0008,0.075
07.04.2021 08:44:12.586 GMT-0500,53.303000000000004,53.287,0.1,0.1
07.04.2021 08:44:13.006 GMT-0500,53.302,53.298,0.0008,0.075
07.04.2021 08:44:13.056 GMT-0500,53.313,53.297,0.1,0.1
07.04.2021 08:44:13.456 GMT-0500,53.322,53.308,0.1,0.1
07.04.2021 08:44:13.717 GMT-0500,53.322,53.298,0.1,0.1
07.04.2021 08:44:13.818 GMT-0500,53.322,53.308,0.1,0.0008
07.04.2021 08:44:13.868 GMT-0500,53.323,53.297,0.1,0.1
07.04.2021 08:44:14.975 GMT-0500,53.312,53.298,0.1,0.1
07.04.2021 08:44:15.126 GMT-0500,53.312,53.288000000000004,0.1,0.1
07.04.2021 08:44:18.302 GMT-0500,53.302,53.288000000000004,0.0008,0.1
07.04.2021 08:44:19.575 GMT-0500,53.312,53.298,0.1,0.1
07.04.2021 08:44:23.257 GMT-0500,53.313,53.287,0.1,0.1
07.04.2021 08:44:23.357 GMT-0500,53.302,53.288000000000004,0.1,0.1
07.04.2021 08:44:24.187 GMT-0500,53.302,53.278000000000006,0.1,0.1
07.04.2021 08:44:26.025 GMT-0500,53.303000000000004,53.287,0.1,0.075
07.04.2021 08:44:26.384 GMT-0500,53.303000000000004,53.277,0.1,0.1
07.04.2021 08:44:27.495 GMT-0500,53.303000000000004,53.287,0.1,0.0008
07.04.2021 08:44:27.942 GMT-0500,53.313,53.287,0.1,0.1
07.04.2021 08:44:30.625 GMT-0500,53.303000000000004,53.287,0.1,0.1
07.04.2021 08:44:32.975 GMT-0500,53.312,53.298,0.1,0.1
07.04.2021 08:44:33.025 GMT-0500,53.323,53.297,0.1,0.1
07.04.2021 08:44:35.118 GMT-0500,53.312,53.298,0.075,0.1
07.04.2021 08:44:35.169 GMT-0500,53.323,53.297,0.1,0.1
07.04.2021 08:44:36.100 GMT-0500,53.322,53.308,0.1,0.1
07.04.2021 08:44:36.444 GMT-0500,53.332,53.318000000000005,0.1,0.1
07.04.2021 08:44:38.366 GMT-0500,53.323,53.317,0.0008,0.075
07.04.2021 08:44:38.416 GMT-0500,53.323,53.297,0.1,0.1
07.04.2021 08:44:38.606 GMT-0500,53.312,53.298,0.1,0.1
07.04.2021 08:44:42.686 GMT-0500,53.333000000000006,53.307,0.1,0.1
07.04.2021 08:44:43.001 GMT-0500,53.323,53.307,0.1,0.1
07.04.2021 08:44:43.149 GMT-0500,53.333000000000006,53.307,0.1,0.1
07.04.2021 08:44:43.973 GMT-0500,53.322,53.308,0.075,0.1
07.04.2021 08:44:44.023 GMT-0500,53.323,53.297,0.1,0.1
07.04.2021 08:44:45.024 GMT-0500,53.322,53.308,0.075,0.0008
07.04.2021 08:44:45.074 GMT-0500,53.333000000000006,53.307,0.1,0.1
07.04.2021 08:44:46.313 GMT-0500,53.332,53.318000000000005,0.1,0.0008
07.04.2021 08:44:46.935 GMT-0500,53.342,53.318000000000005,0.1,0.1
07.04.2021 08:44:49.566 GMT-0500,53.342,53.328,0.1,0.1
07.04.2021 08:44:50.475 GMT-0500,53.353,53.327,0.1,0.1
07.04.2021 08:44:51.715 GMT-0500,53.342,53.328,0.1,0.1
07.04.2021 08:44:53.202 GMT-0500,53.332,53.308,0.1,0.1
07.04.2021 08:44:55.004 GMT-0500,53.322,53.308,0.0008,0.1
07.04.2021 08:44:55.649 GMT-0500,53.322,53.298,0.1,0.1
07.04.2021 08:44:57.033 GMT-0500,53.323,53.307,0.1,0.0008
07.04.2021 08:44:57.264 GMT-0500,53.332,53.308,0.1,0.1
07.04.2021 08:45:00.119 GMT-0500,53.323,53.307,0.1,0.1
07.04.2021 08:45:00.888 GMT-0500,53.323,53.297,0.1,0.1
07.04.2021 08:45:02.202 GMT-0500,53.323,53.307,0.1,0.1
07.04.2021 08:45:02.619 GMT-0500,53.322,53.298,0.1,0.1
07.04.2021 08:45:02.777 GMT-0500,53.323,53.307,0.1,0.0008
07.04.2021 08:45:03.107 GMT-0500,53.323,53.297,0.1,0.1
07.04.2021 08:45:04.696 GMT-0500,53.323,53.307,0.1,0.1
07.04.2021 08:45:04.969 GMT-0500,53.322,53.298,0.1,0.1
07.04.2021 08:45:05.019 GMT-0500,53.322,53.308,0.1,0.1
07.04.2021 08:45:06.360 GMT-0500,53.323,53.297,0.1,0.1
07.04.2021 08:45:06.410 GMT-0500,53.323,53.307,0.1,0.1
07.04.2021 08:45:06.738 GMT-0500,53.323,53.297,0.1,0.1
07.04.2021 08:45:08.534 GMT-0500,53.322,53.308,0.1,0.075
07.04.2021 08:45:08.775 GMT-0500,53.322,53.298,0.1,0.1
07.04.2021 08:45:10.847 GMT-0500,53.313,53.297,0.1,0.1
07.04.2021 08:45:11.404 GMT-0500,53.303000000000004,53.297,0.0008,0.075
07.04.2021 08:45:11.454 GMT-0500,53.302,53.288000000000004,0.1,0.1
07.04.2021 08:45:11.699 GMT-0500,53.302,53.298,0.0008,0.075
07.04.2021 08:45:11.750 GMT-0500,53.312,53.298,0.1,0.1
07.04.2021 08:45:13.295 GMT-0500,53.312,53.288000000000004,0.1,0.1
07.04.2021 08:45:13.592 GMT-0500,53.303000000000004,53.287,0.0008,0.1
07.04.2021 08:45:13.727 GMT-0500,53.313,53.297,0.1,0.1
07.04.2021 08:45:13.984 GMT-0500,53.322,53.308,0.1,0.1
07.04.2021 08:45:16.144 GMT-0500,53.333000000000006,53.307,0.1,0.1
07.04.2021 08:45:16.508 GMT-0500,53.322,53.308,0.0008,0.1
07.04.2021 08:45:18.409 GMT-0500,53.323,53.297,0.1,0.1
07.04.2021 08:45:20.113 GMT-0500,53.322,53.308,0.1,0.1
07.04.2021 08:45:20.473 GMT-0500,53.332,53.308,0.1,0.1
07.04.2021 08:45:21.094 GMT-0500,53.333000000000006,53.317,0.1,0.075
07.04.2021 08:45:21.144 GMT-0500,53.343,53.317,0.1,0.1
07.04.2021 08:45:27.896 GMT-0500,53.343,53.327,0.1,0.0008
07.04.2021 08:45:28.198 GMT-0500,53.333000000000006,53.317,0.1,0.1
07.04.2021 08:45:29.018 GMT-0500,53.342,53.318000000000005,0.1,0.1
07.04.2021 08:45:30.647 GMT-0500,53.332,53.318000000000005,0.1,0.1
07.04.2021 08:45:30.698 GMT-0500,53.332,53.308,0.1,0.1
07.04.2021 08:45:30.842 GMT-0500,53.322,53.308,0.075,0.1
07.04.2021 08:45:31.119 GMT-0500,53.332,53.308,0.1,0.1
07.04.2021 08:45:33.337 GMT-0500,53.323,53.307,0.075,0.1
07.04.2021 08:45:33.437 GMT-0500,53.333000000000006,53.307,0.1,0.1
07.04.2021 08:45:36.955 GMT-0500,53.333000000000006,53.317,0.1,0.075
07.04.2021 08:45:37.031 GMT-0500,53.333000000000006,53.307,0.1,0.1
07.04.2021 08:45:37.106 GMT-0500,53.322,53.308,0.0008,0.1
07.04.2021 08:45:37.270 GMT-0500,53.332,53.308,0.1,0.1
07.04.2021 08:45:37.623 GMT-0500,53.322,53.308,0.0008,0.1
07.04.2021 08:45:37.724 GMT-0500,53.333000000000006,53.307,0.1,0.1
07.04.2021 08:45:38.413 GMT-0500,53.322,53.308,0.0008,0.075
07.04.2021 08:45:38.564 GMT-0500,53.323,53.297,0.1,0.1
07.04.2021 08:45:39.430 GMT-0500,53.323,53.307,0.1,0.0008
07.04.2021 08:45:39.480 GMT-0500,53.323,53.297,0.1,0.1
07.04.2021 08:45:45.607 GMT-0500,53.322,53.308,0.1,0.0008
07.04.2021 08:45:46.031 GMT-0500,53.322,53.298,0.1,0.1
07.04.2021 08:45:46.724 GMT-0500,53.313,53.297,0.0008,0.1
07.04.2021 08:45:47.388 GMT-0500,53.322,53.298,0.1,0.1
07.04.2021 08:45:49.054 GMT-0500,53.313,53.297,0.1,0.1
07.04.2021 08:45:49.105 GMT-0500,53.312,53.288000000000004,0.1,0.1
07.04.2021 08:45:49.989 GMT-0500,53.302,53.288000000000004,0.1,0.1
07.04.2021 08:45:50.458 GMT-0500,53.313,53.287,0.1,0.1
07.04.2021 08:45:50.987 GMT-0500,53.312,53.298,0.1,0.1
07.04.2021 08:45:51.100 GMT-0500,53.313,53.287,0.1,0.1
07.04.2021 08:45:53.144 GMT-0500,53.312,53.298,0.1,0.075
07.04.2021 08:45:53.546 GMT-0500,53.322,53.298,0.1,0.1
07.04.2021 08:45:54.058 GMT-0500,53.322,53.308,0.1,0.075
07.04.2021 08:45:54.109 GMT-0500,53.322,53.298,0.1,0.1
07.04.2021 08:45:55.408 GMT-0500,53.313,53.297,0.1,0.1
07.04.2021 08:45:55.811 GMT-0500,53.313,53.287,0.1,0.1
07.04.2021 08:45:56.558 GMT-0500,53.302,53.288000000000004,0.1,0.1
07.04.2021 08:45:56.609 GMT-0500,53.312,53.288000000000004,0.1,0.1
07.04.2021 08:45:56.669 GMT-0500,53.312,53.298,0.1,0.1
07.04.2021 08:45:57.123 GMT-0500,53.312,53.288000000000004,0.1,0.1
07.04.2021 08:45:58.483 GMT-0500,53.312,53.298,0.1,0.075
07.04.2021 08:46:00.202 GMT-0500,53.322,53.298,0.1,0.1
07.04.2021 08:46:00.302 GMT-0500,53.313,53.297,0.1,0.1
07.04.2021 08:46:01.053 GMT-0500,53.313,53.287,0.1,0.1
07.04.2021 08:46:02.970 GMT-0500,53.303000000000004,53.287,0.0008,0.1
07.04.2021 08:46:06.559 GMT-0500,53.302,53.278000000000006,0.1,0.1
07.04.2021 08:46:09.265 GMT-0500,53.292,53.278000000000006,0.1,0.1
07.04.2021 08:46:09.420 GMT-0500,53.302,53.288000000000004,0.1,0.1
07.04.2021 08:46:10.059 GMT-0500,53.312,53.298,0.1,0.1
07.04.2021 08:46:11.389 GMT-0500,53.322,53.298,0.1,0.1
07.04.2021 08:46:11.938 GMT-0500,53.312,53.298,0.1,0.1
07.04.2021 08:46:14.374 GMT-0500,53.313,53.287,0.1,0.1
07.04.2021 08:46:15.109 GMT-0500,53.303000000000004,53.287,0.0008,0.1
07.04.2021 08:46:19.543 GMT-0500,53.302,53.298,0.0008,0.075
07.04.2021 08:46:19.593 GMT-0500,53.312,53.298,0.1,0.1
07.04.2021 08:46:22.019 GMT-0500,53.313,53.287,0.1,0.1
07.04.2021 08:46:22.205 GMT-0500,53.303000000000004,53.287,0.0008,0.1
07.04.2021 08:46:24.299 GMT-0500,53.313,53.287,0.1,0.1
07.04.2021 08:46:31.104 GMT-0500,53.303000000000004,53.287,0.1,0.1
07.04.2021 08:46:31.355 GMT-0500,53.303000000000004,53.277,0.1,0.1
07.04.2021 08:46:33.020 GMT-0500,53.302,53.288000000000004,0.1,0.1
07.04.2021 08:46:35.765 GMT-0500,53.302,53.278000000000006,0.1,0.1
07.04.2021 08:46:37.850 GMT-0500,53.302,53.288000000000004,0.1,0.1
07.04.2021 08:46:43.499 GMT-0500,53.292,53.278000000000006,0.1,0.1
07.04.2021 08:46:59.388 GMT-0500,53.283,53.277,0.075,0.0008
07.04.2021 08:46:59.439 GMT-0500,53.282,53.268,0.1,0.1
07.04.2021 08:47:01.608 GMT-0500,53.282,53.258,0.1,0.1
07.04.2021 08:47:05.539 GMT-0500,53.282,53.268,0.1,0.1
07.04.2021 08:47:05.900 GMT-0500,53.283,53.257,0.1,0.1
07.04.2021 08:47:06.195 GMT-0500,53.282,53.268,0.1,0.0008
07.04.2021 08:47:07.744 GMT-0500,53.293000000000006,53.266999999999996,0.1,0.1
07.04.2021 08:47:10.702 GMT-0500,53.292,53.278000000000006,0.1,0.075
07.04.2021 08:47:12.567 GMT-0500,53.293000000000006,53.287,0.075,0.0008
07.04.2021 08:47:12.617 GMT-0500,53.303000000000004,53.287,0.1,0.1
07.04.2021 08:47:13.645 GMT-0500,53.313,53.297,0.1,0.1
07.04.2021 08:47:13.759 GMT-0500,53.302,53.288000000000004,0.1,0.1
07.04.2021 08:47:18.847 GMT-0500,53.313,53.287,0.1,0.1
07.04.2021 08:47:19.427 GMT-0500,53.303000000000004,53.287,0.1,0.1
07.04.2021 08:47:20.012 GMT-0500,53.303000000000004,53.297,0.075,0.0008
07.04.2021 08:47:20.063 GMT-0500,53.313,53.287,0.1,0.1
07.04.2021 08:47:20.996 GMT-0500,53.312,53.298,0.1,0.1
07.04.2021 08:47:21.097 GMT-0500,53.312,53.288000000000004,0.1,0.1
07.04.2021 08:47:23.316 GMT-0500,53.302,53.288000000000004,0.075,0.1
07.04.2021 08:47:30.505 GMT-0500,53.302,53.278000000000006,0.1,0.1
07.04.2021 08:47:31.007 GMT-0500,53.293000000000006,53.277,0.075,0.1
07.04.2021 08:47:37.937 GMT-0500,53.293000000000006,53.266999999999996,0.1,0.1
07.04.2021 08:47:37.987 GMT-0500,53.293000000000006,53.277,0.1,0.1
07.04.2021 08:47:43.625 GMT-0500,53.292,53.288000000000004,0.075,0.0008
07.04.2021 08:47:43.676 GMT-0500,53.302,53.288000000000004,0.1,0.1
07.04.2021 08:48:11.607 GMT-0500,53.293000000000006,53.277,0.1,0.1
07.04.2021 08:48:13.342 GMT-0500,53.292,53.268,0.1,0.1
07.04.2021 08:48:17.416 GMT-0500,53.293000000000006,53.277,0.1,0.0008
07.04.2021 08:48:19.285 GMT-0500,53.293000000000006,53.266999999999996,0.1,0.1
07.04.2021 08:48:19.788 GMT-0500,53.292,53.278000000000006,0.1,0.0008
07.04.2021 08:48:25.355 GMT-0500,53.293000000000006,53.266999999999996,0.1,0.1
07.04.2021 08:48:25.405 GMT-0500,53.292,53.278000000000006,0.1,0.1
07.04.2021 08:48:26.707 GMT-0500,53.292,53.268,0.1,0.1
07.04.2021 08:48:26.956 GMT-0500,53.292,53.278000000000006,0.1,0.0008
07.04.2021 08:48:30.351 GMT-0500,53.293000000000006,53.266999999999996,0.1,0.1
07.04.2021 08:48:36.345 GMT-0500,53.283,53.266999999999996,0.1,0.1
07.04.2021 08:48:41.441 GMT-0500,53.272,53.258,0.1,0.1
07.04.2021 08:49:01.770 GMT-0500,53.262,53.248000000000005,0.1,0.1
07.04.2021 08:49:05.408 GMT-0500,53.253,53.247,0.0008,0.075
07.04.2021 08:49:05.458 GMT-0500,53.253,53.237,0.1,0.1
07.04.2021 08:49:09.072 GMT-0500,53.262,53.248000000000005,0.1,0.1
07.04.2021 08:49:11.405 GMT-0500,53.262,53.238,0.1,0.1
07.04.2021 08:49:12.981 GMT-0500,53.263000000000005,53.247,0.1,0.075
07.04.2021 08:49:13.284 GMT-0500,53.262,53.238,0.1,0.1
07.04.2021 08:49:14.092 GMT-0500,53.263000000000005,53.247,0.1,0.1
07.04.2021 08:49:14.143 GMT-0500,53.262,53.238,0.1,0.1
07.04.2021 08:49:15.899 GMT-0500,53.252,53.238,0.075,0.1
07.04.2021 08:49:16.345 GMT-0500,53.252,53.248000000000005,0.075,0.0008
07.04.2021 08:49:16.395 GMT-0500,53.263000000000005,53.247,0.1,0.1
07.04.2021 08:49:17.381 GMT-0500,53.263000000000005,53.237,0.1,0.1
07.04.2021 08:49:17.639 GMT-0500,53.263000000000005,53.247,0.1,0.0008
07.04.2021 08:49:18.673 GMT-0500,53.262,53.238,0.1,0.1
07.04.2021 08:49:19.372 GMT-0500,53.262,53.248000000000005,0.1,0.0008
07.04.2021 08:49:19.496 GMT-0500,53.263000000000005,53.257,0.0008,0.075
07.04.2021 08:49:19.547 GMT-0500,53.273,53.257,0.1,0.1
07.04.2021 08:49:29.745 GMT-0500,53.283,53.266999999999996,0.1,0.1
07.04.2021 08:49:31.337 GMT-0500,53.293000000000006,53.266999999999996,0.1,0.1
07.04.2021 08:49:31.722 GMT-0500,53.292,53.278000000000006,0.1,0.0008
07.04.2021 08:49:39.061 GMT-0500,53.293000000000006,53.266999999999996,0.1,0.1
07.04.2021 08:49:39.427 GMT-0500,53.293000000000006,53.277,0.1,0.0008
07.04.2021 08:49:40.004 GMT-0500,53.293000000000006,53.266999999999996,0.1,0.1
07.04.2021 08:49:46.961 GMT-0500,53.292,53.278000000000006,0.1,0.1
07.04.2021 08:49:52.822 GMT-0500,53.302,53.288000000000004,0.1,0.1
07.04.2021 08:49:57.182 GMT-0500,53.302,53.278000000000006,0.1,0.1
07.04.2021 08:49:59.417 GMT-0500,53.293000000000006,53.277,0.1,0.1
07.04.2021 08:50:01.753 GMT-0500,53.283,53.266999999999996,0.1,0.1
07.04.2021 08:50:01.865 GMT-0500,53.283,53.257,0.1,0.1
07.04.2021 08:50:02.837 GMT-0500,53.272,53.258,0.075,0.1
07.04.2021 08:50:04.268 GMT-0500,53.272,53.268,0.075,0.0008
07.04.2021 08:50:04.318 GMT-0500,53.283,53.266999999999996,0.1,0.1
07.04.2021 08:50:04.777 GMT-0500,53.282,53.258,0.1,0.1
07.04.2021 08:50:05.112 GMT-0500,53.273,53.257,0.1,0.1
07.04.2021 08:50:08.963 GMT-0500,53.273,53.247,0.1,0.1
07.04.2021 08:50:10.066 GMT-0500,53.272,53.258,0.1,0.1
07.04.2021 08:50:11.865 GMT-0500,53.273,53.247,0.1,0.1
07.04.2021 08:50:12.209 GMT-0500,53.272,53.258,0.1,0.0008
07.04.2021 08:50:15.989 GMT-0500,53.272,53.248000000000005,0.1,0.1
07.04.2021 08:50:16.421 GMT-0500,53.273,53.257,0.1,0.0008
07.04.2021 08:50:21.472 GMT-0500,53.272,53.248000000000005,0.1,0.1
07.04.2021 08:50:22.863 GMT-0500,53.272,53.258,0.1,0.1
07.04.2021 08:50:24.764 GMT-0500,53.273,53.247,0.1,0.1
07.04.2021 08:50:24.932 GMT-0500,53.273,53.257,0.1,0.1
07.04.2021 08:50:30.101 GMT-0500,53.273,53.247,0.1,0.1
07.04.2021 08:50:30.378 GMT-0500,53.272,53.258,0.1,0.075
07.04.2021 08:50:31.520 GMT-0500,53.273,53.247,0.1,0.1
07.04.2021 08:50:31.775 GMT-0500,53.262,53.248000000000005,0.075,0.1
07.04.2021 08:50:37.814 GMT-0500,53.262,53.238,0.1,0.1
07.04.2021 08:50:39.040 GMT-0500,53.262,53.248000000000005,0.1,0.0008
07.04.2021 08:50:39.141 GMT-0500,53.263000000000005,53.237,0.1,0.1
07.04.2021 08:50:40.383 GMT-0500,53.253,53.237,0.075,0.1
07.04.2021 08:50:40.546 GMT-0500,53.263000000000005,53.247,0.1,0.1
07.04.2021 08:50:48.868 GMT-0500,53.252,53.248000000000005,0.075,0.0008
07.04.2021 08:50:48.918 GMT-0500,53.253,53.237,0.1,0.1
07.04.2021 08:50:49.287 GMT-0500,53.253,53.227,0.1,0.1
07.04.2021 08:50:49.595 GMT-0500,53.252,53.238,0.1,0.0008
07.04.2021 08:50:49.919 GMT-0500,53.252,53.228,0.1,0.1
07.04.2021 08:50:50.231 GMT-0500,53.253,53.237,0.1,0.0008
07.04.2021 08:50:56.273 GMT-0500,53.243,53.227,0.1,0.1
07.04.2021 08:50:56.971 GMT-0500,53.253,53.237,0.1,0.1
07.04.2021 08:50:59.102 GMT-0500,53.253,53.227,0.1,0.1
07.04.2021 08:50:59.278 GMT-0500,53.252,53.238,0.1,0.1
07.04.2021 08:50:59.328 GMT-0500,53.253,53.227,0.1,0.1
07.04.2021 08:50:59.637 GMT-0500,53.252,53.238,0.1,0.075
07.04.2021 08:51:02.812 GMT-0500,53.243,53.227,0.1,0.1
07.04.2021 08:51:05.871 GMT-0500,53.233000000000004,53.217,0.1,0.1
07.04.2021 08:51:06.440 GMT-0500,53.233000000000004,53.227,0.075,0.0008
07.04.2021 08:51:06.490 GMT-0500,53.243,53.227,0.1,0.1
07.04.2021 08:51:08.582 GMT-0500,53.242,53.218,0.1,0.1
07.04.2021 08:51:08.714 GMT-0500,53.243,53.227,0.1,0.1
07.04.2021 08:51:08.936 GMT-0500,53.242,53.218,0.1,0.1
07.04.2021 08:51:09.272 GMT-0500,53.243,53.227,0.1,0.075
07.04.2021 08:51:09.948 GMT-0500,53.253,53.237,0.1,0.1
07.04.2021 08:51:11.019 GMT-0500,53.253,53.227,0.1,0.1
07.04.2021 08:51:11.247 GMT-0500,53.252,53.238,0.1,0.075
07.04.2021 08:51:17.354 GMT-0500,53.252,53.228,0.1,0.1
07.04.2021 08:51:17.611 GMT-0500,53.243,53.227,0.0008,0.1
07.04.2021 08:51:19.445 GMT-0500,53.242,53.238,0.075,0.0008
07.04.2021 08:51:19.496 GMT-0500,53.253,53.237,0.1,0.1
07.04.2021 08:51:23.711 GMT-0500,53.252,53.248000000000005,0.075,0.0008
07.04.2021 08:51:23.762 GMT-0500,53.263000000000005,53.247,0.1,0.1
07.04.2021 08:51:32.346 GMT-0500,53.262,53.238,0.1,0.1
07.04.2021 08:51:32.767 GMT-0500,53.253,53.237,0.075,0.1
07.04.2021 08:51:33.119 GMT-0500,53.263000000000005,53.237,0.1,0.1
07.04.2021 08:51:34.483 GMT-0500,53.263000000000005,53.247,0.1,0.1
07.04.2021 08:51:35.487 GMT-0500,53.263000000000005,53.237,0.1,0.1
07.04.2021 08:51:35.713 GMT-0500,53.262,53.248000000000005,0.1,0.1
07.04.2021 08:51:36.490 GMT-0500,53.262,53.238,0.1,0.1
07.04.2021 08:51:36.794 GMT-0500,53.263000000000005,53.247,0.1,0.1
07.04.2021 08:51:42.070 GMT-0500,53.263000000000005,53.237,0.1,0.1
07.04.2021 08:51:42.320 GMT-0500,53.262,53.248000000000005,0.1,0.0008
07.04.2021 08:51:46.133 GMT-0500,53.273,53.257,0.1,0.1
07.04.2021 08:51:57.619 GMT-0500,53.262,53.248000000000005,0.1,0.1
07.04.2021 08:52:00.571 GMT-0500,53.263000000000005,53.237,0.1,0.1
07.04.2021 08:52:01.846 GMT-0500,53.252,53.238,0.075,0.1
07.04.2021 08:52:02.147 GMT-0500,53.263000000000005,53.237,0.1,0.1
07.04.2021 08:52:02.337 GMT-0500,53.253,53.237,0.0008,0.1
07.04.2021 08:52:06.125 GMT-0500,53.262,53.248000000000005,0.1,0.1
07.04.2021 08:52:10.279 GMT-0500,53.253,53.237,0.1,0.1
07.04.2021 08:52:14.049 GMT-0500,53.263000000000005,53.237,0.1,0.1
07.04.2021 08:52:15.279 GMT-0500,53.253,53.237,0.0008,0.1
07.04.2021 08:52:17.988 GMT-0500,53.263000000000005,53.237,0.1,0.1
07.04.2021 08:52:25.696 GMT-0500,53.252,53.238,0.075,0.1
07.04.2021 08:52:25.797 GMT-0500,53.262,53.238,0.1,0.1
07.04.2021 08:52:30.177 GMT-0500,53.262,53.248000000000005,0.1,0.0008
07.04.2021 08:52:30.278 GMT-0500,53.273,53.257,0.1,0.1
07.04.2021 08:52:35.482 GMT-0500,53.272,53.248000000000005,0.1,0.1
07.04.2021 08:52:38.629 GMT-0500,53.262,53.248000000000005,0.0008,0.1
07.04.2021 08:52:43.046 GMT-0500,53.252,53.248000000000005,0.075,0.0008
07.04.2021 08:52:43.096 GMT-0500,53.253,53.237,0.1,0.1
07.04.2021 08:52:47.938 GMT-0500,53.262,53.238,0.1,0.1
07.04.2021 08:52:48.622 GMT-0500,53.253,53.237,0.0008,0.1
07.04.2021 08:52:51.092 GMT-0500,53.262,53.248000000000005,0.1,0.1
07.04.2021 08:52:54.469 GMT-0500,53.263000000000005,53.237,0.1,0.1
07.04.2021 08:52:54.725 GMT-0500,53.262,53.248000000000005,0.1,0.075
07.04.2021 08:52:55.068 GMT-0500,53.263000000000005,53.237,0.1,0.1
07.04.2021 08:52:55.305 GMT-0500,53.253,53.237,0.0008,0.1
07.04.2021 08:52:56.278 GMT-0500,53.262,53.248000000000005,0.1,0.1
07.04.2021 08:52:56.871 GMT-0500,53.273,53.247,0.1,0.1
07.04.2021 08:52:57.928 GMT-0500,53.262,53.248000000000005,0.0008,0.1
07.04.2021 08:52:58.287 GMT-0500,53.262,53.238,0.1,0.1
07.04.2021 08:53:00.027 GMT-0500,53.263000000000005,53.247,0.1,0.075
07.04.2021 08:53:00.593 GMT-0500,53.262,53.238,0.1,0.1
07.04.2021 08:53:01.252 GMT-0500,53.263000000000005,53.247,0.1,0.0008
07.04.2021 08:53:01.551 GMT-0500,53.253,53.237,0.1,0.1
07.04.2021 08:53:03.590 GMT-0500,53.252,53.228,0.1,0.1
07.04.2021 08:53:03.911 GMT-0500,53.242,53.228,0.1,0.1
07.04.2021 08:53:04.811 GMT-0500,53.252,53.238,0.1,0.1
07.04.2021 08:53:05.409 GMT-0500,53.252,53.228,0.1,0.1
07.04.2021 08:53:06.367 GMT-0500,53.252,53.238,0.1,0.1
07.04.2021 08:53:07.689 GMT-0500,53.253,53.227,0.1,0.1
07.04.2021 08:53:08.223 GMT-0500,53.252,53.238,0.1,0.1
07.04.2021 08:53:12.972 GMT-0500,53.253,53.227,0.1,0.1
07.04.2021 08:53:14.033 GMT-0500,53.252,53.238,0.1,0.1
07.04.2021 08:53:15.987 GMT-0500,53.253,53.227,0.1,0.1
07.04.2021 08:53:16.273 GMT-0500,53.253,53.237,0.1,0.0008
07.04.2021 08:53:26.700 GMT-0500,53.252,53.228,0.1,0.1
07.04.2021 08:53:26.888 GMT-0500,53.253,53.237,0.1,0.1
07.04.2021 08:53:29.006 GMT-0500,53.253,53.227,0.1,0.1
07.04.2021 08:53:29.258 GMT-0500,53.253,53.237,0.1,0.1
07.04.2021 08:53:40.498 GMT-0500,53.252,53.228,0.1,0.1
07.04.2021 08:53:41.622 GMT-0500,53.252,53.238,0.1,0.1
07.04.2021 08:53:51.834 GMT-0500,53.253,53.247,0.0008,0.075
07.04.2021 08:53:51.885 GMT-0500,53.262,53.248000000000005,0.1,0.1
07.04.2021 08:53:56.215 GMT-0500,53.262,53.238,0.1,0.1
07.04.2021 08:53:57.943 GMT-0500,53.262,53.248000000000005,0.1,0.0008
07.04.2021 08:53:58.369 GMT-0500,53.263000000000005,53.237,0.1,0.1
07.04.2021 08:53:58.872 GMT-0500,53.263000000000005,53.247,0.1,0.0008
07.04.2021 08:54:00.426 GMT-0500,53.263000000000005,53.237,0.1,0.1
07.04.2021 08:54:01.702 GMT-0500,53.253,53.237,0.1,0.1
07.04.2021 08:54:03.898 GMT-0500,53.252,53.228,0.1,0.1
07.04.2021 08:54:04.129 GMT-0500,53.253,53.237,0.1,0.1
07.04.2021 08:54:04.744 GMT-0500,53.262,53.238,0.1,0.1
07.04.2021 08:54:04.795 GMT-0500,53.262,53.248000000000005,0.1,0.1
07.04.2021 08:54:06.957 GMT-0500,53.262,53.238,0.1,0.1
07.04.2021 08:54:07.155 GMT-0500,53.262,53.248000000000005,0.1,0.0008
07.04.2021 08:54:07.205 GMT-0500,53.263000000000005,53.237,0.1,0.1
07.04.2021 08:54:07.344 GMT-0500,53.252,53.238,0.1,0.1
07.04.2021 08:54:12.075 GMT-0500,53.263000000000005,53.247,0.1,0.1
07.04.2021 08:54:21.205 GMT-0500,53.253,53.247,0.075,0.0008
07.04.2021 08:54:21.256 GMT-0500,53.252,53.238,0.1,0.1
07.04.2021 08:54:21.526 GMT-0500,53.262,53.238,0.1,0.1
07.04.2021 08:54:21.610 GMT-0500,53.262,53.248000000000005,0.1,0.0008
07.04.2021 08:54:23.185 GMT-0500,53.262,53.238,0.1,0.1
07.04.2021 08:54:24.784 GMT-0500,53.262,53.248000000000005,0.1,0.075
07.04.2021 08:54:31.389 GMT-0500,53.262,53.238,0.1,0.1
07.04.2021 08:54:31.461 GMT-0500,53.262,53.248000000000005,0.1,0.0008
07.04.2021 08:54:31.561 GMT-0500,53.262,53.238,0.1,0.1
07.04.2021 08:54:32.614 GMT-0500,53.263000000000005,53.247,0.1,0.075
07.04.2021 08:54:40.118 GMT-0500,53.272,53.258,0.1,0.1
07.04.2021 08:54:40.219 GMT-0500,53.283,53.266999999999996,0.1,0.1
07.04.2021 08:55:06.348 GMT-0500,53.283,53.277,0.0008,0.075
07.04.2021 08:55:06.398 GMT-0500,53.292,53.278000000000006,0.1,0.1
07.04.2021 08:55:06.529 GMT-0500,53.303000000000004,53.277,0.1,0.1
07.04.2021 08:55:06.579 GMT-0500,53.303000000000004,53.287,0.1,0.1
07.04.2021 08:55:07.943 GMT-0500,53.302,53.278000000000006,0.1,0.1
07.04.2021 08:55:10.250 GMT-0500,53.303000000000004,53.287,0.1,0.0008
07.04.2021 08:55:12.174 GMT-0500,53.303000000000004,53.297,0.0008,0.075
07.04.2021 08:55:12.224 GMT-0500,53.312,53.298,0.1,0.1
07.04.2021 08:55:18.654 GMT-0500,53.302,53.288000000000004,0.1,0.1
07.04.2021 08:55:25.256 GMT-0500,53.312,53.288000000000004,0.1,0.1
07.04.2021 08:55:30.847 GMT-0500,53.312,53.298,0.1,0.1
07.04.2021 08:55:33.485 GMT-0500,53.313,53.287,0.1,0.1
07.04.2021 08:55:37.154 GMT-0500,53.302,53.288000000000004,0.1,0.1
07.04.2021 08:55:46.265 GMT-0500,53.293000000000006,53.287,0.075,0.0008
07.04.2021 08:55:46.316 GMT-0500,53.293000000000006,53.277,0.1,0.1
07.04.2021 08:55:51.189 GMT-0500,53.302,53.278000000000006,0.1,0.1
07.04.2021 08:55:51.639 GMT-0500,53.292,53.278000000000006,0.0008,0.1
07.04.2021 08:55:56.076 GMT-0500,53.302,53.278000000000006,0.1,0.1
07.04.2021 08:55:56.412 GMT-0500,53.293000000000006,53.277,0.0008,0.1
07.04.2021 08:55:58.472 GMT-0500,53.302,53.278000000000006,0.1,0.1
07.04.2021 08:56:00.657 GMT-0500,53.292,53.278000000000006,0.1,0.1
07.04.2021 08:56:04.063 GMT-0500,53.302,53.278000000000006,0.1,0.1
07.04.2021 08:56:05.123 GMT-0500,53.293000000000006,53.277,0.1,0.1
07.04.2021 08:56:05.433 GMT-0500,53.302,53.278000000000006,0.1,0.1
07.04.2021 08:56:06.974 GMT-0500,53.303000000000004,53.287,0.1,0.075
07.04.2021 08:56:12.446 GMT-0500,53.302,53.278000000000006,0.1,0.1
07.04.2021 08:56:12.496 GMT-0500,53.302,53.288000000000004,0.1,0.1
07.04.2021 08:56:16.985 GMT-0500,53.312,53.288000000000004,0.1,0.1
07.04.2021 08:56:19.684 GMT-0500,53.303000000000004,53.287,0.0008,0.1
07.04.2021 08:56:21.464 GMT-0500,53.312,53.288000000000004,0.1,0.1
07.04.2021 08:56:21.971 GMT-0500,53.303000000000004,53.287,0.1,0.1
07.04.2021 08:56:26.925 GMT-0500,53.302,53.278000000000006,0.1,0.1
07.04.2021 08:56:31.498 GMT-0500,53.292,53.278000000000006,0.1,0.1
07.04.2021 08:56:39.225 GMT-0500,53.303000000000004,53.287,0.1,0.1
07.04.2021 08:56:39.800 GMT-0500,53.312,53.288000000000004,0.1,0.1
07.04.2021 08:56:40.194 GMT-0500,53.302,53.288000000000004,0.075,0.1
07.04.2021 08:56:42.092 GMT-0500,53.302,53.278000000000006,0.1,0.1
07.04.2021 08:56:42.359 GMT-0500,53.302,53.288000000000004,0.1,0.075
07.04.2021 08:56:43.306 GMT-0500,53.302,53.278000000000006,0.1,0.1
07.04.2021 08:56:46.790 GMT-0500,53.303000000000004,53.287,0.1,0.0008
07.04.2021 08:56:49.281 GMT-0500,53.302,53.278000000000006,0.1,0.1
07.04.2021 08:56:51.934 GMT-0500,53.292,53.278000000000006,0.1,0.1
07.04.2021 08:56:52.725 GMT-0500,53.283,53.277,0.0008,0.075
07.04.2021 08:56:52.776 GMT-0500,53.283,53.266999999999996,0.1,0.1
07.04.2021 08:57:08.167 GMT-0500,53.273,53.257,0.1,0.1
07.04.2021 08:57:29.578 GMT-0500,53.272,53.248000000000005,0.1,0.1
07.04.2021 08:57:30.277 GMT-0500,53.273,53.257,0.1,0.1
07.04.2021 08:57:36.556 GMT-0500,53.283,53.266999999999996,0.1,0.1
07.04.2021 08:57:36.953 GMT-0500,53.292,53.268,0.1,0.1
07.04.2021 08:57:40.394 GMT-0500,53.292,53.278000000000006,0.1,0.1
07.04.2021 08:57:40.494 GMT-0500,53.292,53.268,0.1,0.1
07.04.2021 08:57:40.600 GMT-0500,53.283,53.266999999999996,0.0008,0.1
07.04.2021 08:57:41.505 GMT-0500,53.293000000000006,53.266999999999996,0.1,0.1
07.04.2021 08:57:42.816 GMT-0500,53.283,53.266999999999996,0.075,0.1
07.04.2021 08:57:43.137 GMT-0500,53.293000000000006,53.266999999999996,0.1,0.1
07.04.2021 08:57:44.842 GMT-0500,53.283,53.266999999999996,0.0008,0.1
07.04.2021 08:57:44.893 GMT-0500,53.282,53.258,0.1,0.1
07.04.2021 08:57:45.007 GMT-0500,53.273,53.257,0.075,0.1
07.04.2021 08:57:46.977 GMT-0500,53.283,53.257,0.1,0.1
07.04.2021 08:57:49.636 GMT-0500,53.272,53.258,0.075,0.1
07.04.2021 08:57:50.188 GMT-0500,53.273,53.247,0.1,0.1
07.04.2021 08:57:51.794 GMT-0500,53.273,53.257,0.1,0.0008
07.04.2021 08:57:57.183 GMT-0500,53.273,53.247,0.1,0.1
07.04.2021 08:57:59.506 GMT-0500,53.273,53.257,0.1,0.0008
07.04.2021 08:57:59.727 GMT-0500,53.282,53.258,0.1,0.1
07.04.2021 08:58:01.159 GMT-0500,53.272,53.258,0.0008,0.1
07.04.2021 08:58:03.249 GMT-0500,53.273,53.247,0.1,0.1
07.04.2021 08:58:05.017 GMT-0500,53.262,53.248000000000005,0.0008,0.1
07.04.2021 08:58:06.801 GMT-0500,53.273,53.247,0.1,0.1
07.04.2021 08:58:07.055 GMT-0500,53.273,53.257,0.1,0.1
07.04.2021 08:58:08.399 GMT-0500,53.272,53.248000000000005,0.1,0.1
07.04.2021 08:58:09.316 GMT-0500,53.273,53.257,0.1,0.1
07.04.2021 08:58:09.768 GMT-0500,53.273,53.247,0.1,0.1
07.04.2021 08:58:10.444 GMT-0500,53.263000000000005,53.247,0.0008,0.1
07.04.2021 08:58:11.730 GMT-0500,53.272,53.248000000000005,0.1,0.1
07.04.2021 08:58:11.946 GMT-0500,53.272,53.258,0.1,0.075
07.04.2021 08:58:12.279 GMT-0500,53.273,53.247,0.1,0.1
07.04.2021 08:58:12.573 GMT-0500,53.263000000000005,53.247,0.075,0.1
07.04.2021 08:58:14.738 GMT-0500,53.263000000000005,53.237,0.1,0.1
07.04.2021 08:58:16.899 GMT-0500,53.263000000000005,53.247,0.1,0.0008
07.04.2021 08:58:20.539 GMT-0500,53.263000000000005,53.237,0.1,0.1
07.04.2021 08:58:23.776 GMT-0500,53.263000000000005,53.247,0.1,0.1
07.04.2021 08:58:24.414 GMT-0500,53.262,53.238,0.1,0.1
07.04.2021 08:58:24.590 GMT-0500,53.252,53.238,0.1,0.1
07.04.2021 08:58:28.076 GMT-0500,53.252,53.228,0.1,0.1
07.04.2021 08:58:30.392 GMT-0500,53.243,53.227,0.075,0.1
07.04.2021 08:58:37.436 GMT-0500,53.242,53.218,0.1,0.1
07.04.2021 08:58:37.640 GMT-0500,53.242,53.228,0.1,0.075
07.04.2021 08:58:38.049 GMT-0500,53.242,53.218,0.1,0.1
07.04.2021 08:58:38.601 GMT-0500,53.242,53.228,0.1,0.0008
07.04.2021 08:58:40.059 GMT-0500,53.242,53.218,0.1,0.1
07.04.2021 08:58:40.899 GMT-0500,53.243,53.227,0.1,0.075
07.04.2021 08:58:41.469 GMT-0500,53.232,53.228,0.0008,0.075
07.04.2021 08:58:41.520 GMT-0500,53.233000000000004,53.217,0.1,0.1
07.04.2021 08:58:58.645 GMT-0500,53.232,53.228,0.0008,0.075
07.04.2021 08:58:58.695 GMT-0500,53.233000000000004,53.217,0.1,0.1
07.04.2021 08:58:58.746 GMT-0500,53.223000000000006,53.207,0.1,0.1
07.04.2021 08:58:58.913 GMT-0500,53.223000000000006,53.197,0.1,0.1
07.04.2021 08:58:58.964 GMT-0500,53.213,53.197,0.1,0.1
07.04.2021 08:59:05.103 GMT-0500,53.213,53.207,0.0008,0.075
07.04.2021 08:59:05.153 GMT-0500,53.213,53.197,0.1,0.1
07.04.2021 08:59:42.187 GMT-0500,53.213,53.207,0.075,0.0008
07.04.2021 08:59:42.238 GMT-0500,53.222,53.208000000000006,0.1,0.1
07.04.2021 08:59:57.454 GMT-0500,53.222,53.218,0.075,0.0008
07.04.2021 08:59:57.504 GMT-0500,53.233000000000004,53.217,0.1,0.1
07.04.2021 08:59:57.804 GMT-0500,53.243,53.217,0.1,0.1
07.04.2021 08:59:58.499 GMT-0500,53.242,53.228,0.1,0.1
07.04.2021 08:59:59.224 GMT-0500,53.253,53.227,0.1,0.1
07.04.2021 08:59:59.283 GMT-0500,53.242,53.228,0.075,0.1
07.04.2021 09:00:01.160 GMT-0500,53.233000000000004,53.217,0.1,0.1
07.04.2021 09:00:05.683 GMT-0500,53.233000000000004,53.207,0.1,0.1
07.04.2021 09:00:06.145 GMT-0500,53.233000000000004,53.217,0.1,0.075
07.04.2021 09:00:07.171 GMT-0500,53.242,53.218,0.1,0.1
07.04.2021 09:00:10.363 GMT-0500,53.232,53.218,0.0008,0.1
07.04.2021 09:00:12.544 GMT-0500,53.232,53.208000000000006,0.1,0.1
07.04.2021 09:00:12.666 GMT-0500,53.233000000000004,53.217,0.1,0.1
07.04.2021 09:00:15.372 GMT-0500,53.243,53.217,0.1,0.1
07.04.2021 09:00:16.217 GMT-0500,53.232,53.218,0.075,0.1
07.04.2021 09:00:20.190 GMT-0500,53.242,53.218,0.1,0.1
07.04.2021 09:00:23.192 GMT-0500,53.243,53.227,0.1,0.1
07.04.2021 09:00:23.529 GMT-0500,53.253,53.227,0.1,0.1
07.04.2021 09:00:24.510 GMT-0500,53.243,53.227,0.1,0.1
07.04.2021 09:00:27.624 GMT-0500,53.253,53.227,0.1,0.1
07.04.2021 09:00:27.674 GMT-0500,53.252,53.238,0.1,0.1
07.04.2021 09:00:28.723 GMT-0500,53.262,53.238,0.1,0.1
07.04.2021 09:00:28.773 GMT-0500,53.252,53.238,0.1,0.1
07.04.2021 09:00:31.744 GMT-0500,53.242,53.228,0.1,0.1
07.04.2021 09:00:39.950 GMT-0500,53.253,53.227,0.1,0.1
07.04.2021 09:00:40.794 GMT-0500,53.243,53.227,0.0008,0.1
07.04.2021 09:00:41.848 GMT-0500,53.252,53.238,0.1,0.1
07.04.2021 09:00:42.181 GMT-0500,53.263000000000005,53.237,0.1,0.1
07.04.2021 09:00:43.127 GMT-0500,53.253,53.237,0.0008,0.1
07.04.2021 09:00:44.492 GMT-0500,53.243,53.227,0.1,0.1
07.04.2021 09:00:45.015 GMT-0500,53.252,53.228,0.1,0.1
07.04.2021 09:00:45.074 GMT-0500,53.252,53.238,0.1,0.0008
07.04.2021 09:00:46.869 GMT-0500,53.252,53.228,0.1,0.1
07.04.2021 09:00:52.307 GMT-0500,53.253,53.237,0.1,0.1
07.04.2021 09:00:57.366 GMT-0500,53.252,53.228,0.1,0.1
07.04.2021 09:01:00.054 GMT-0500,53.253,53.237,0.1,0.0008
07.04.2021 09:01:02.244 GMT-0500,53.252,53.228,0.1,0.1
07.04.2021 09:01:02.998 GMT-0500,53.252,53.238,0.1,0.0008
07.04.2021 09:01:03.321 GMT-0500,53.253,53.227,0.1,0.1
07.04.2021 09:01:03.492 GMT-0500,53.252,53.238,0.1,0.1
07.04.2021 09:01:03.757 GMT-0500,53.252,53.228,0.1,0.1
07.04.2021 09:01:11.573 GMT-0500,53.243,53.227,0.0008,0.1
07.04.2021 09:01:18.916 GMT-0500,53.253,53.227,0.1,0.1
07.04.2021 09:01:20.040 GMT-0500,53.252,53.238,0.1,0.1
07.04.2021 09:01:24.844 GMT-0500,53.242,53.238,0.075,0.0008
07.04.2021 09:01:24.895 GMT-0500,53.242,53.228,0.1,0.1
07.04.2021 09:01:32.672 GMT-0500,53.252,53.228,0.1,0.1
07.04.2021 09:01:36.935 GMT-0500,53.242,53.228,0.0008,0.1
07.04.2021 09:01:45.117 GMT-0500,53.243,53.237,0.075,0.0008
07.04.2021 09:01:45.167 GMT-0500,53.263000000000005,53.237,0.1,0.1
07.04.2021 09:01:46.105 GMT-0500,53.262,53.248000000000005,0.1,0.1
07.04.2021 09:01:49.550 GMT-0500,53.273,53.247,0.1,0.1
07.04.2021 09:01:51.467 GMT-0500,53.272,53.258,0.1,0.075
07.04.2021 09:01:51.629 GMT-0500,53.263000000000005,53.247,0.1,0.1
07.04.2021 09:01:52.396 GMT-0500,53.272,53.248000000000005,0.1,0.1
07.04.2021 09:01:52.996 GMT-0500,53.272,53.258,0.1,0.1
07.04.2021 09:01:53.674 GMT-0500,53.273,53.247,0.1,0.1
07.04.2021 09:01:53.913 GMT-0500,53.273,53.257,0.1,0.0008
07.04.2021 09:01:54.112 GMT-0500,53.263000000000005,53.247,0.1,0.1
07.04.2021 09:01:54.235 GMT-0500,53.272,53.248000000000005,0.1,0.1
07.04.2021 09:01:54.609 GMT-0500,53.262,53.248000000000005,0.1,0.1
07.04.2021 09:01:55.241 GMT-0500,53.273,53.247,0.1,0.1
07.04.2021 09:01:57.797 GMT-0500,53.272,53.258,0.1,0.1
07.04.2021 09:01:58.893 GMT-0500,53.263000000000005,53.247,0.1,0.1
07.04.2021 09:02:02.074 GMT-0500,53.273,53.247,0.1,0.1
07.04.2021 09:02:02.319 GMT-0500,53.263000000000005,53.247,0.1,0.1
07.04.2021 09:02:10.077 GMT-0500,53.253,53.247,0.0008,0.075
07.04.2021 09:02:10.127 GMT-0500,53.253,53.237,0.1,0.1
07.04.2021 09:02:13.957 GMT-0500,53.263000000000005,53.237,0.1,0.1
07.04.2021 09:02:15.160 GMT-0500,53.253,53.237,0.075,0.1
07.04.2021 09:02:26.128 GMT-0500,53.253,53.247,0.075,0.0008
07.04.2021 09:02:26.179 GMT-0500,53.263000000000005,53.247,0.1,0.1
07.04.2021 09:02:31.934 GMT-0500,53.273,53.257,0.1,0.1
07.04.2021 09:02:32.087 GMT-0500,53.263000000000005,53.247,0.1,0.1
07.04.2021 09:02:32.137 GMT-0500,53.262,53.238,0.1,0.1
07.04.2021 09:02:32.188 GMT-0500,53.253,53.237,0.1,0.1
07.04.2021 09:02:44.107 GMT-0500,53.243,53.237,0.075,0.0008
07.04.2021 09:02:44.158 GMT-0500,53.243,53.227,0.1,0.1
07.04.2021 09:02:47.027 GMT-0500,53.253,53.237,0.1,0.1
07.04.2021 09:02:48.998 GMT-0500,53.262,53.238,0.1,0.1
07.04.2021 09:02:49.274 GMT-0500,53.252,53.238,0.0008,0.1
07.04.2021 09:02:49.324 GMT-0500,53.263000000000005,53.237,0.1,0.1
07.04.2021 09:02:49.986 GMT-0500,53.262,53.248000000000005,0.1,0.0008
07.04.2021 09:02:50.036 GMT-0500,53.262,53.238,0.1,0.1
07.04.2021 09:02:51.602 GMT-0500,53.262,53.248000000000005,0.1,0.075
07.04.2021 09:02:53.076 GMT-0500,53.272,53.248000000000005,0.1,0.1
07.04.2021 09:02:53.995 GMT-0500,53.262,53.248000000000005,0.1,0.1
07.04.2021 09:02:54.559 GMT-0500,53.262,53.238,0.1,0.1
07.04.2021 09:02:55.088 GMT-0500,53.263000000000005,53.247,0.1,0.1
07.04.2021 09:02:55.138 GMT-0500,53.263000000000005,53.237,0.1,0.1
07.04.2021 09:02:56.854 GMT-0500,53.253,53.237,0.1,0.1
07.04.2021 09:03:05.350 GMT-0500,53.242,53.238,0.0008,0.075
07.04.2021 09:03:05.400 GMT-0500,53.242,53.228,0.1,0.1
07.04.2021 09:03:09.942 GMT-0500,53.232,53.218,0.1,0.1
07.04.2021 09:03:15.544 GMT-0500,53.242,53.228,0.1,0.1
07.04.2021 09:03:15.945 GMT-0500,53.242,53.218,0.1,0.1
07.04.2021 09:03:18.844 GMT-0500,53.243,53.227,0.1,0.075
07.04.2021 09:03:20.924 GMT-0500,53.243,53.217,0.1,0.1
07.04.2021 09:03:22.490 GMT-0500,53.233000000000004,53.217,0.075,0.1
07.04.2021 09:03:28.934 GMT-0500,53.223000000000006,53.217,0.075,0.0008
07.04.2021 09:03:28.985 GMT-0500,53.222,53.208000000000006,0.1,0.1
07.04.2021 09:03:29.896 GMT-0500,53.232,53.208000000000006,0.1,0.1
07.04.2021 09:03:30.012 GMT-0500,53.233000000000004,53.217,0.1,0.0008
07.04.2021 09:03:31.650 GMT-0500,53.233000000000004,53.207,0.1,0.1
07.04.2021 09:03:32.012 GMT-0500,53.233000000000004,53.217,0.1,0.0008
07.04.2021 09:03:32.695 GMT-0500,53.233000000000004,53.207,0.1,0.1
07.04.2021 09:03:32.765 GMT-0500,53.232,53.218,0.1,0.0008
07.04.2021 09:03:35.228 GMT-0500,53.233000000000004,53.207,0.1,0.1
07.04.2021 09:03:35.278 GMT-0500,53.222,53.208000000000006,0.1,0.1
07.04.2021 09:03:40.346 GMT-0500,53.222,53.198,0.1,0.1
07.04.2021 09:03:40.396 GMT-0500,53.222,53.208000000000006,0.1,0.1
07.04.2021 09:03:40.795 GMT-0500,53.223000000000006,53.197,0.1,0.1
07.04.2021 09:03:40.845 GMT-0500,53.211999999999996,53.198,0.1,0.1
07.04.2021 09:03:56.634 GMT-0500,53.223000000000006,53.207,0.1,0.1
07.04.2021 09:03:57.359 GMT-0500,53.211999999999996,53.198,0.1,0.1
07.04.2021 09:03:59.250 GMT-0500,53.223000000000006,53.207,0.1,0.1
07.04.2021 09:04:02.791 GMT-0500,53.232,53.218,0.1,0.1
07.04.2021 09:04:04.265 GMT-0500,53.243,53.217,0.1,0.1
07.04.2021 09:04:04.315 GMT-0500,53.242,53.228,0.1,0.1
07.04.2021 09:04:09.282 GMT-0500,53.243,53.217,0.1,0.1
07.04.2021 09:04:11.569 GMT-0500,53.242,53.228,0.1,0.075
07.04.2021 09:04:15.010 GMT-0500,53.242,53.218,0.1,0.1
07.04.2021 09:04:17.411 GMT-0500,53.242,53.228,0.1,0.1
07.04.2021 09:04:20.159 GMT-0500,53.243,53.217,0.1,0.1
07.04.2021 09:04:26.046 GMT-0500,53.243,53.227,0.1,0.1
07.04.2021 09:04:26.284 GMT-0500,53.243,53.217,0.1,0.1
07.04.2021 09:04:26.428 GMT-0500,53.242,53.228,0.1,0.1
07.04.2021 09:04:29.554 GMT-0500,53.243,53.217,0.1,0.1
07.04.2021 09:04:29.994 GMT-0500,53.242,53.228,0.1,0.0008
07.04.2021 09:04:30.045 GMT-0500,53.243,53.217,0.1,0.1
07.04.2021 09:04:30.182 GMT-0500,53.243,53.227,0.1,0.0008
07.04.2021 09:04:40.173 GMT-0500,53.253,53.227,0.1,0.1
07.04.2021 09:04:40.840 GMT-0500,53.252,53.238,0.1,0.1
07.04.2021 09:04:44.071 GMT-0500,53.262,53.238,0.1,0.1
07.04.2021 09:04:47.431 GMT-0500,53.262,53.248000000000005,0.1,0.1
07.04.2021 09:04:47.638 GMT-0500,53.253,53.237,0.1,0.1
07.04.2021 09:04:49.233 GMT-0500,53.253,53.227,0.1,0.1
07.04.2021 09:04:49.924 GMT-0500,53.253,53.237,0.1,0.0008
07.04.2021 09:04:50.887 GMT-0500,53.253,53.227,0.1,0.1
07.04.2021 09:04:50.952 GMT-0500,53.252,53.238,0.1,0.0008
07.04.2021 09:04:52.385 GMT-0500,53.253,53.227,0.1,0.1
07.04.2021 09:04:52.435 GMT-0500,53.252,53.238,0.1,0.1
07.04.2021 09:04:52.929 GMT-0500,53.252,53.228,0.1,0.1
07.04.2021 09:04:53.044 GMT-0500,53.252,53.238,0.1,0.0008
07.04.2021 09:04:53.705 GMT-0500,53.252,53.228,0.1,0.1
07.04.2021 09:04:53.755 GMT-0500,53.252,53.238,0.1,0.1
07.04.2021 09:04:54.108 GMT-0500,53.253,53.227,0.1,0.1
07.04.2021 09:04:54.221 GMT-0500,53.253,53.237,0.1,0.1
07.04.2021 09:04:54.516 GMT-0500,53.252,53.228,0.1,0.1
07.04.2021 09:04:55.432 GMT-0500,53.252,53.238,0.1,0.0008
07.04.2021 09:04:58.710 GMT-0500,53.252,53.228,0.1,0.1
07.04.2021 09:04:58.793 GMT-0500,53.252,53.238,0.1,0.075
07.04.2021 09:04:59.342 GMT-0500,53.253,53.227,0.1,0.1
07.04.2021 09:04:59.402 GMT-0500,53.253,53.237,0.1,0.0008
07.04.2021 09:05:00.226 GMT-0500,53.252,53.228,0.1,0.1
07.04.2021 09:05:01.114 GMT-0500,53.253,53.237,0.1,0.0008
07.04.2021 09:05:01.164 GMT-0500,53.253,53.227,0.1,0.1
07.04.2021 09:05:01.215 GMT-0500,53.252,53.238,0.1,0.1
07.04.2021 09:05:03.215 GMT-0500,53.252,53.228,0.1,0.1
07.04.2021 09:05:03.266 GMT-0500,53.252,53.238,0.1,0.1
07.04.2021 09:05:04.274 GMT-0500,53.252,53.228,0.1,0.1
07.04.2021 09:05:07.589 GMT-0500,53.252,53.238,0.1,0.075
07.04.2021 09:05:09.232 GMT-0500,53.263000000000005,53.237,0.1,0.1
07.04.2021 09:05:09.332 GMT-0500,53.253,53.237,0.1,0.1
07.04.2021 09:05:10.125 GMT-0500,53.263000000000005,53.237,0.1,0.1
07.04.2021 09:05:10.676 GMT-0500,53.263000000000005,53.247,0.1,0.075
07.04.2021 09:05:10.726 GMT-0500,53.272,53.248000000000005,0.1,0.1
07.04.2021 09:05:11.276 GMT-0500,53.273,53.257,0.1,0.1
07.04.2021 09:05:12.558 GMT-0500,53.273,53.247,0.1,0.1
07.04.2021 09:05:13.162 GMT-0500,53.273,53.257,0.1,0.075
07.04.2021 09:05:13.454 GMT-0500,53.273,53.247,0.1,0.1
07.04.2021 09:05:14.721 GMT-0500,53.273,53.257,0.1,0.1
07.04.2021 09:05:15.187 GMT-0500,53.283,53.257,0.1,0.1
07.04.2021 09:05:15.238 GMT-0500,53.272,53.258,0.1,0.1
07.04.2021 09:05:17.795 GMT-0500,53.273,53.247,0.1,0.1
07.04.2021 09:05:22.670 GMT-0500,53.263000000000005,53.247,0.075,0.1
07.04.2021 09:05:22.771 GMT-0500,53.273,53.247,0.1,0.1
07.04.2021 09:05:22.840 GMT-0500,53.263000000000005,53.247,0.075,0.1
07.04.2021 09:05:41.102 GMT-0500,53.272,53.258,0.1,0.1
07.04.2021 09:05:44.307 GMT-0500,53.262,53.248000000000005,0.1,0.1
07.04.2021 09:05:45.800 GMT-0500,53.273,53.247,0.1,0.1
07.04.2021 09:05:46.340 GMT-0500,53.272,53.258,0.1,0.0008
07.04.2021 09:05:53.045 GMT-0500,53.283,53.257,0.1,0.1
07.04.2021 09:05:54.005 GMT-0500,53.273,53.257,0.1,0.1
07.04.2021 09:05:54.347 GMT-0500,53.282,53.258,0.1,0.1
07.04.2021 09:05:54.624 GMT-0500,53.272,53.258,0.1,0.1
07.04.2021 09:05:54.821 GMT-0500,53.283,53.257,0.1,0.1
07.04.2021 09:05:56.464 GMT-0500,53.272,53.258,0.0008,0.1
07.04.2021 09:06:03.769 GMT-0500,53.282,53.258,0.1,0.1
07.04.2021 09:06:04.813 GMT-0500,53.273,53.257,0.1,0.1
07.04.2021 09:06:05.247 GMT-0500,53.282,53.258,0.1,0.1
07.04.2021 09:06:06.459 GMT-0500,53.272,53.258,0.075,0.1
07.04.2021 09:06:06.510 GMT-0500,53.282,53.258,0.1,0.1
07.04.2021 09:06:10.824 GMT-0500,53.272,53.258,0.075,0.1
07.04.2021 09:06:11.266 GMT-0500,53.282,53.258,0.1,0.1
07.04.2021 09:06:11.999 GMT-0500,53.272,53.258,0.1,0.1
07.04.2021 09:06:16.394 GMT-0500,53.283,53.257,0.1,0.1
07.04.2021 09:06:18.998 GMT-0500,53.272,53.258,0.0008,0.1
07.04.2021 09:06:20.441 GMT-0500,53.283,53.257,0.1,0.1
07.04.2021 09:06:20.526 GMT-0500,53.272,53.258,0.075,0.1
07.04.2021 09:06:20.576 GMT-0500,53.282,53.258,0.1,0.1
07.04.2021 09:06:23.829 GMT-0500,53.283,53.266999999999996,0.1,0.1
07.04.2021 09:06:24.160 GMT-0500,53.293000000000006,53.266999999999996,0.1,0.1
07.04.2021 09:06:27.117 GMT-0500,53.292,53.278000000000006,0.1,0.0008
07.04.2021 09:06:31.083 GMT-0500,53.282,53.268,0.1,0.1
07.04.2021 09:06:34.819 GMT-0500,53.293000000000006,53.266999999999996,0.1,0.1
07.04.2021 09:06:35.491 GMT-0500,53.283,53.266999999999996,0.0008,0.1
07.04.2021 09:06:36.137 GMT-0500,53.292,53.268,0.1,0.1
07.04.2021 09:06:42.262 GMT-0500,53.292,53.278000000000006,0.1,0.0008
07.04.2021 09:06:46.002 GMT-0500,53.292,53.268,0.1,0.1
07.04.2021 09:06:46.113 GMT-0500,53.292,53.278000000000006,0.1,0.1
07.04.2021 09:07:07.572 GMT-0500,53.282,53.278000000000006,0.075,0.0008
07.04.2021 09:07:07.622 GMT-0500,53.282,53.268,0.1,0.1
07.04.2021 09:07:08.849 GMT-0500,53.292,53.278000000000006,0.1,0.1
07.04.2021 09:07:10.230 GMT-0500,53.283,53.266999999999996,0.1,0.1
07.04.2021 09:07:10.954 GMT-0500,53.293000000000006,53.266999999999996,0.1,0.1
07.04.2021 09:07:15.312 GMT-0500,53.282,53.268,0.0008,0.1
07.04.2021 09:07:15.362 GMT-0500,53.293000000000006,53.266999999999996,0.1,0.1
07.04.2021 09:07:18.025 GMT-0500,53.283,53.266999999999996,0.1,0.1
07.04.2021 09:07:22.023 GMT-0500,53.293000000000006,53.266999999999996,0.1,0.1
07.04.2021 09:07:22.344 GMT-0500,53.293000000000006,53.277,0.1,0.1
07.04.2021 09:07:30.048 GMT-0500,53.282,53.268,0.1,0.1
07.04.2021 09:07:31.550 GMT-0500,53.292,53.268,0.1,0.1
07.04.2021 09:07:32.178 GMT-0500,53.282,53.268,0.0008,0.1
07.04.2021 09:07:32.627 GMT-0500,53.292,53.268,0.1,0.1
07.04.2021 09:07:33.183 GMT-0500,53.282,53.268,0.1,0.1
07.04.2021 09:07:34.259 GMT-0500,53.293000000000006,53.266999999999996,0.1,0.1
07.04.2021 09:07:35.125 GMT-0500,53.282,53.268,0.0008,0.1
07.04.2021 09:07:35.957 GMT-0500,53.293000000000006,53.277,0.1,0.1
07.04.2021 09:07:36.312 GMT-0500,53.293000000000006,53.266999999999996,0.1,0.1
07.04.2021 09:07:36.922 GMT-0500,53.293000000000006,53.277,0.1,0.1
07.04.2021 09:07:37.051 GMT-0500,53.292,53.268,0.1,0.1
07.04.2021 09:07:37.677 GMT-0500,53.283,53.266999999999996,0.1,0.1
07.04.2021 09:07:40.022 GMT-0500,53.293000000000006,53.277,0.1,0.1
07.04.2021 09:07:42.505 GMT-0500,53.292,53.268,0.1,0.1
07.04.2021 09:07:43.069 GMT-0500,53.293000000000006,53.277,0.1,0.075
07.04.2021 09:07:51.038 GMT-0500,53.293000000000006,53.266999999999996,0.1,0.1
07.04.2021 09:07:54.726 GMT-0500,53.283,53.266999999999996,0.1,0.1
07.04.2021 09:08:03.805 GMT-0500,53.282,53.258,0.1,0.1
07.04.2021 09:08:05.870 GMT-0500,53.272,53.258,0.0008,0.1
07.04.2021 09:08:14.340 GMT-0500,53.262,53.248000000000005,0.1,0.1
07.04.2021 09:08:15.469 GMT-0500,53.272,53.248000000000005,0.1,0.1
07.04.2021 09:08:15.541 GMT-0500,53.262,53.248000000000005,0.0008,0.1
07.04.2021 09:08:16.552 GMT-0500,53.273,53.247,0.1,0.1
07.04.2021 09:08:16.968 GMT-0500,53.263000000000005,53.247,0.075,0.1
07.04.2021 09:08:22.122 GMT-0500,53.273,53.247,0.1,0.1
07.04.2021 09:08:22.294 GMT-0500,53.263000000000005,53.247,0.1,0.1
07.04.2021 09:08:27.834 GMT-0500,53.262,53.238,0.1,0.1
07.04.2021 09:08:28.640 GMT-0500,53.262,53.248000000000005,0.1,0.075
07.04.2021 09:08:33.144 GMT-0500,53.263000000000005,53.237,0.1,0.1
07.04.2021 09:08:36.514 GMT-0500,53.262,53.248000000000005,0.1,0.0008
07.04.2021 09:08:43.528 GMT-0500,53.263000000000005,53.237,0.1,0.1
07.04.2021 09:08:44.688 GMT-0500,53.263000000000005,53.247,0.1,0.0008
07.04.2021 09:08:56.766 GMT-0500,53.262,53.238,0.1,0.1
07.04.2021 09:08:58.793 GMT-0500,53.263000000000005,53.247,0.1,0.1
07.04.2021 09:09:01.336 GMT-0500,53.262,53.238,0.1,0.1
07.04.2021 09:09:02.496 GMT-0500,53.252,53.238,0.1,0.1
07.04.2021 09:09:07.092 GMT-0500,53.263000000000005,53.237,0.1,0.1
07.04.2021 09:09:07.616 GMT-0500,53.253,53.237,0.0008,0.1
07.04.2021 09:09:12.498 GMT-0500,53.263000000000005,53.237,0.1,0.1
07.04.2021 09:09:12.900 GMT-0500,53.263000000000005,53.247,0.1,0.1
07.04.2021 09:09:16.769 GMT-0500,53.272,53.248000000000005,0.1,0.1
07.04.2021 09:09:16.872 GMT-0500,53.263000000000005,53.247,0.0008,0.1
07.04.2021 09:09:20.966 GMT-0500,53.273,53.247,0.1,0.1
07.04.2021 09:09:21.490 GMT-0500,53.272,53.258,0.1,0.0008
07.04.2021 09:09:21.540 GMT-0500,53.273,53.247,0.1,0.1
07.04.2021 09:09:21.948 GMT-0500,53.272,53.258,0.1,0.0008
07.04.2021 09:09:26.339 GMT-0500,53.282,53.258,0.1,0.1
07.04.2021 09:09:27.915 GMT-0500,53.272,53.258,0.075,0.1
07.04.2021 09:09:31.000 GMT-0500,53.283,53.257,0.1,0.1
07.04.2021 09:09:31.613 GMT-0500,53.273,53.257,0.1,0.1
07.04.2021 09:09:34.474 GMT-0500,53.283,53.257,0.1,0.1
07.04.2021 09:09:35.921 GMT-0500,53.272,53.258,0.0008,0.1
07.04.2021 09:09:36.290 GMT-0500,53.283,53.257,0.1,0.1
07.04.2021 09:09:38.052 GMT-0500,53.283,53.266999999999996,0.1,0.0008
07.04.2021 09:09:53.978 GMT-0500,53.273,53.257,0.1,0.1
07.04.2021 09:09:58.511 GMT-0500,53.273,53.247,0.1,0.1
