Local time,Ask,Bid,AskVolume,BidVolume
08.04.2021 08:30:01.055 GMT-0500,53.313,53.047,0.1,0.0008
08.04.2021 08:30:01.322 GMT-0500,53.312,53.058,0.1,0.1
08.04.2021 08:30:01.473 GMT-0500,53.213,53.037,0.1,0.1
08.04.2021 08:30:01.625 GMT-0500,53.243,53.177,0.075,0.1
08.04.2021 08:30:01.675 GMT-0500,53.282,52.998000000000005,0.1,0.1
08.04.2021 08:30:01.726 GMT-0500,53.242,52.998000000000005,0.1,0.1
08.04.2021 08:30:01.860 GMT-0500,53.233000000000004,53.157,0.075,0.1
08.04.2021 08:30:01.961 GMT-0500,53.182,53.158,0.1,0.1
08.04.2021 08:30:02.011 GMT-0500,53.233000000000004,53.157,0.1,0.1
08.04.2021 08:30:02.100 GMT-0500,53.183,53.158,0.075,0.1
08.04.2021 08:30:02.150 GMT-0500,53.193000000000005,53.157,0.1,0.1
08.04.2021 08:30:02.288 GMT-0500,53.182,53.158,0.0008,0.1
08.04.2021 08:30:03.018 GMT-0500,53.182,53.177,0.075,0.0008
08.04.2021 08:30:03.068 GMT-0500,53.232,53.158,0.1,0.1
08.04.2021 08:30:03.247 GMT-0500,53.232,53.178000000000004,0.1,0.075
08.04.2021 08:30:03.718 GMT-0500,53.252,53.178000000000004,0.1,0.1
08.04.2021 08:30:04.309 GMT-0500,53.253,53.197,0.1,0.1
08.04.2021 08:30:04.738 GMT-0500,53.211999999999996,53.098000000000006,0.1,0.1
08.04.2021 08:30:04.789 GMT-0500,53.253,53.127,0.1,0.1
08.04.2021 08:30:04.839 GMT-0500,53.253,53.177,0.1,0.1
08.04.2021 08:30:05.669 GMT-0500,53.193000000000005,53.177,0.075,0.0008
08.04.2021 08:30:05.720 GMT-0500,53.193000000000005,53.097,0.1,0.1
08.04.2021 08:30:05.821 GMT-0500,53.193000000000005,53.177,0.1,0.075
08.04.2021 08:30:07.566 GMT-0500,53.253,53.097,0.1,0.1
08.04.2021 08:30:07.661 GMT-0500,53.253,53.177,0.1,0.1
08.04.2021 08:30:08.359 GMT-0500,53.203,53.177,0.1,0.1
08.04.2021 08:30:08.486 GMT-0500,53.252,53.178000000000004,0.1,0.1
08.04.2021 08:30:09.187 GMT-0500,53.252,53.188,0.1,0.1
08.04.2021 08:30:09.237 GMT-0500,53.252,53.178000000000004,0.1,0.1
08.04.2021 08:30:11.281 GMT-0500,53.243,53.177,0.0008,0.1
08.04.2021 08:30:11.431 GMT-0500,53.243,53.187,0.1,0.1
08.04.2021 08:30:11.707 GMT-0500,53.232,53.188,0.075,0.1
08.04.2021 08:30:12.129 GMT-0500,53.222,53.188,0.1,0.1
08.04.2021 08:30:12.180 GMT-0500,53.253,53.187,0.1,0.1
08.04.2021 08:30:12.560 GMT-0500,53.273,53.187,0.1,0.1
08.04.2021 08:30:12.703 GMT-0500,53.282,53.188,0.1,0.1
08.04.2021 08:30:13.252 GMT-0500,53.272,53.188,0.1,0.1
08.04.2021 08:30:13.901 GMT-0500,53.283,53.187,0.1,0.1
08.04.2021 08:30:14.350 GMT-0500,53.253,53.187,0.1,0.1
08.04.2021 08:30:14.400 GMT-0500,53.273,53.187,0.1,0.1
08.04.2021 08:30:14.454 GMT-0500,53.282,53.188,0.1,0.1
08.04.2021 08:30:14.688 GMT-0500,53.253,53.187,0.075,0.1
08.04.2021 08:30:14.996 GMT-0500,53.273,53.187,0.1,0.1
08.04.2021 08:30:15.048 GMT-0500,53.282,53.188,0.1,0.1
08.04.2021 08:30:15.519 GMT-0500,53.253,53.187,0.0008,0.1
08.04.2021 08:30:15.692 GMT-0500,53.283,53.187,0.1,0.1
08.04.2021 08:30:15.768 GMT-0500,53.252,53.188,0.075,0.1
08.04.2021 08:30:16.557 GMT-0500,53.282,53.188,0.1,0.1
08.04.2021 08:30:16.647 GMT-0500,53.272,53.188,0.075,0.1
08.04.2021 08:30:16.800 GMT-0500,53.283,53.187,0.1,0.1
08.04.2021 08:30:17.373 GMT-0500,53.272,53.188,0.0008,0.1
08.04.2021 08:30:17.473 GMT-0500,53.282,53.188,0.1,0.1
08.04.2021 08:30:18.123 GMT-0500,53.273,53.187,0.1,0.1
08.04.2021 08:30:18.191 GMT-0500,53.282,53.188,0.1,0.1
08.04.2021 08:30:19.207 GMT-0500,53.273,53.187,0.075,0.1
08.04.2021 08:30:19.474 GMT-0500,53.282,53.188,0.1,0.1
08.04.2021 08:30:19.983 GMT-0500,53.273,53.187,0.0008,0.1
08.04.2021 08:30:20.144 GMT-0500,53.223000000000006,53.187,0.075,0.1
08.04.2021 08:30:21.916 GMT-0500,53.203,53.187,0.075,0.1
08.04.2021 08:30:21.966 GMT-0500,53.183,53.107,0.1,0.075
08.04.2021 08:30:22.018 GMT-0500,53.183,53.097,0.0008,0.1
08.04.2021 08:30:22.558 GMT-0500,53.193000000000005,53.157,0.0008,0.0008
08.04.2021 08:30:22.748 GMT-0500,53.211999999999996,53.178000000000004,0.1,0.1
08.04.2021 08:30:22.798 GMT-0500,53.211999999999996,53.168000000000006,0.1,0.1
08.04.2021 08:30:23.204 GMT-0500,53.213,53.177,0.1,0.0008
08.04.2021 08:30:24.115 GMT-0500,53.202,53.178000000000004,0.1,0.0008
08.04.2021 08:30:24.165 GMT-0500,53.203,53.167,0.1,0.1
08.04.2021 08:30:24.286 GMT-0500,53.192,53.168000000000006,0.1,0.1
08.04.2021 08:30:24.862 GMT-0500,53.192,53.158,0.1,0.1
08.04.2021 08:30:25.766 GMT-0500,53.182,53.158,0.0008,0.075
08.04.2021 08:30:25.816 GMT-0500,53.193000000000005,53.147,0.1,0.1
08.04.2021 08:30:26.102 GMT-0500,53.193000000000005,53.157,0.1,0.0008
08.04.2021 08:30:26.319 GMT-0500,53.192,53.148,0.1,0.1
08.04.2021 08:30:26.863 GMT-0500,53.183,53.147,0.075,0.1
08.04.2021 08:30:26.914 GMT-0500,53.193000000000005,53.147,0.1,0.1
08.04.2021 08:30:30.018 GMT-0500,53.193000000000005,53.167,0.1,0.075
08.04.2021 08:30:30.068 GMT-0500,53.192,53.158,0.1,0.1
08.04.2021 08:30:31.387 GMT-0500,53.172,53.158,0.075,0.0008
08.04.2021 08:30:31.438 GMT-0500,53.183,53.137,0.1,0.1
08.04.2021 08:30:31.490 GMT-0500,53.172,53.128,0.1,0.1
08.04.2021 08:30:31.697 GMT-0500,53.153000000000006,53.117,0.075,0.1
08.04.2021 08:30:32.404 GMT-0500,53.153000000000006,53.127,0.1,0.075
08.04.2021 08:30:32.863 GMT-0500,53.153000000000006,53.117,0.1,0.1
08.04.2021 08:30:32.913 GMT-0500,53.141999999999996,53.118,0.1,0.1
08.04.2021 08:30:33.662 GMT-0500,53.141999999999996,53.138000000000005,0.075,0.0008
08.04.2021 08:30:33.713 GMT-0500,53.152,53.138000000000005,0.1,0.1
08.04.2021 08:30:34.055 GMT-0500,53.163000000000004,53.127,0.1,0.1
08.04.2021 08:30:34.534 GMT-0500,53.152,53.118,0.1,0.1
08.04.2021 08:30:34.584 GMT-0500,53.162,53.118,0.1,0.1
08.04.2021 08:30:34.966 GMT-0500,53.162,53.128,0.1,0.1
08.04.2021 08:30:35.736 GMT-0500,53.163000000000004,53.117,0.1,0.1
08.04.2021 08:30:36.539 GMT-0500,53.153000000000006,53.117,0.0008,0.1
08.04.2021 08:30:36.589 GMT-0500,53.162,53.118,0.1,0.1
08.04.2021 08:30:36.864 GMT-0500,53.152,53.118,0.1,0.1
08.04.2021 08:30:37.116 GMT-0500,53.153000000000006,53.127,0.1,0.0008
08.04.2021 08:30:37.273 GMT-0500,53.143,53.127,0.0008,0.075
08.04.2021 08:30:37.323 GMT-0500,53.152,53.118,0.1,0.1
08.04.2021 08:30:37.480 GMT-0500,53.153000000000006,53.107,0.1,0.1
08.04.2021 08:30:37.654 GMT-0500,53.143,53.107,0.1,0.1
08.04.2021 08:30:38.264 GMT-0500,53.132,53.098000000000006,0.1,0.1
08.04.2021 08:30:38.314 GMT-0500,53.141999999999996,53.098000000000006,0.1,0.1
08.04.2021 08:30:38.415 GMT-0500,53.143,53.107,0.1,0.1
08.04.2021 08:30:38.653 GMT-0500,53.113,53.077,0.1,0.1
08.04.2021 08:30:39.042 GMT-0500,53.112,53.088,0.1,0.0008
08.04.2021 08:30:41.082 GMT-0500,53.133,53.107,0.1,0.1
08.04.2021 08:30:41.442 GMT-0500,53.132,53.098000000000006,0.1,0.1
08.04.2021 08:30:41.707 GMT-0500,53.123000000000005,53.097,0.1,0.1
08.04.2021 08:30:43.402 GMT-0500,53.122,53.108000000000004,0.1,0.0008
08.04.2021 08:30:43.948 GMT-0500,53.122,53.098000000000006,0.1,0.1
08.04.2021 08:30:46.311 GMT-0500,53.122,53.088,0.1,0.1
08.04.2021 08:30:46.361 GMT-0500,53.123000000000005,53.097,0.1,0.1
08.04.2021 08:30:47.010 GMT-0500,53.132,53.108000000000004,0.1,0.1
08.04.2021 08:30:47.140 GMT-0500,53.143,53.127,0.1,0.1
08.04.2021 08:30:47.580 GMT-0500,53.163000000000004,53.127,0.1,0.1
08.04.2021 08:30:47.630 GMT-0500,53.143,53.107,0.1,0.1
08.04.2021 08:30:48.166 GMT-0500,53.141999999999996,53.098000000000006,0.1,0.1
08.04.2021 08:30:48.525 GMT-0500,53.141999999999996,53.108000000000004,0.1,0.075
08.04.2021 08:30:49.734 GMT-0500,53.141999999999996,53.098000000000006,0.1,0.1
08.04.2021 08:30:49.810 GMT-0500,53.141999999999996,53.108000000000004,0.1,0.1
08.04.2021 08:30:50.415 GMT-0500,53.141999999999996,53.098000000000006,0.1,0.1
08.04.2021 08:30:51.139 GMT-0500,53.132,53.098000000000006,0.1,0.1
08.04.2021 08:30:51.448 GMT-0500,53.143,53.097,0.1,0.1
08.04.2021 08:30:52.320 GMT-0500,53.132,53.098000000000006,0.075,0.1
08.04.2021 08:30:52.761 GMT-0500,53.122,53.098000000000006,0.1,0.1
08.04.2021 08:30:54.412 GMT-0500,53.113,53.097,0.075,0.1
08.04.2021 08:30:54.658 GMT-0500,53.112,53.078,0.1,0.1
08.04.2021 08:30:54.906 GMT-0500,53.112,53.088,0.1,0.075
08.04.2021 08:30:56.453 GMT-0500,53.112,53.098000000000006,0.1,0.1
08.04.2021 08:30:58.001 GMT-0500,53.112,53.088,0.1,0.1
08.04.2021 08:30:58.870 GMT-0500,53.113,53.077,0.1,0.1
08.04.2021 08:30:59.694 GMT-0500,53.112,53.098000000000006,0.1,0.075
08.04.2021 08:31:00.195 GMT-0500,53.113,53.108000000000004,0.0008,0.075
08.04.2021 08:31:00.245 GMT-0500,53.132,53.098000000000006,0.1,0.1
08.04.2021 08:31:00.296 GMT-0500,53.132,53.088,0.1,0.1
08.04.2021 08:31:00.357 GMT-0500,53.132,53.098000000000006,0.1,0.0008
08.04.2021 08:31:00.489 GMT-0500,53.122,53.098000000000006,0.1,0.1
08.04.2021 08:31:00.540 GMT-0500,53.133,53.097,0.1,0.1
08.04.2021 08:31:00.675 GMT-0500,53.132,53.088,0.1,0.1
08.04.2021 08:31:00.725 GMT-0500,53.122,53.088,0.1,0.1
08.04.2021 08:31:01.460 GMT-0500,53.123000000000005,53.107,0.075,0.0008
08.04.2021 08:31:01.511 GMT-0500,53.133,53.097,0.1,0.1
08.04.2021 08:31:01.983 GMT-0500,53.123000000000005,53.097,0.1,0.1
08.04.2021 08:31:04.964 GMT-0500,53.112,53.098000000000006,0.0008,0.1
08.04.2021 08:31:05.447 GMT-0500,53.123000000000005,53.097,0.1,0.1
08.04.2021 08:31:05.497 GMT-0500,53.123000000000005,53.107,0.1,0.1
08.04.2021 08:31:05.861 GMT-0500,53.122,53.098000000000006,0.1,0.1
08.04.2021 08:31:07.995 GMT-0500,53.123000000000005,53.107,0.1,0.1
08.04.2021 08:31:09.457 GMT-0500,53.141999999999996,53.118,0.1,0.1
08.04.2021 08:31:14.331 GMT-0500,53.143,53.127,0.0008,0.075
08.04.2021 08:31:14.381 GMT-0500,53.152,53.118,0.1,0.1
08.04.2021 08:31:14.458 GMT-0500,53.153000000000006,53.127,0.1,0.075
08.04.2021 08:31:14.508 GMT-0500,53.163000000000004,53.127,0.1,0.1
08.04.2021 08:31:14.628 GMT-0500,53.162,53.138000000000005,0.1,0.1
08.04.2021 08:31:15.264 GMT-0500,53.152,53.138000000000005,0.075,0.0008
08.04.2021 08:31:15.314 GMT-0500,53.152,53.118,0.1,0.1
08.04.2021 08:31:15.371 GMT-0500,53.152,53.128,0.0008,0.075
08.04.2021 08:31:15.421 GMT-0500,53.162,53.118,0.1,0.1
08.04.2021 08:31:15.654 GMT-0500,53.162,53.128,0.1,0.0008
08.04.2021 08:31:16.744 GMT-0500,53.162,53.118,0.1,0.1
08.04.2021 08:31:16.795 GMT-0500,53.162,53.128,0.1,0.1
08.04.2021 08:31:20.401 GMT-0500,53.152,53.128,0.0008,0.1
08.04.2021 08:31:21.571 GMT-0500,53.162,53.128,0.1,0.1
08.04.2021 08:31:22.897 GMT-0500,53.152,53.128,0.1,0.1
08.04.2021 08:31:23.487 GMT-0500,53.162,53.128,0.1,0.1
08.04.2021 08:31:23.619 GMT-0500,53.152,53.128,0.075,0.1
08.04.2021 08:31:23.900 GMT-0500,53.153000000000006,53.137,0.0008,0.075
08.04.2021 08:31:24.329 GMT-0500,53.152,53.128,0.1,0.1
08.04.2021 08:31:24.534 GMT-0500,53.143,53.127,0.075,0.1
08.04.2021 08:31:24.768 GMT-0500,53.141999999999996,53.138000000000005,0.0008,0.075
08.04.2021 08:31:24.819 GMT-0500,53.152,53.138000000000005,0.1,0.1
08.04.2021 08:31:27.611 GMT-0500,53.162,53.138000000000005,0.1,0.1
08.04.2021 08:31:31.715 GMT-0500,53.152,53.138000000000005,0.075,0.1
08.04.2021 08:31:32.008 GMT-0500,53.153000000000006,53.148,0.0008,0.075
08.04.2021 08:31:32.058 GMT-0500,53.163000000000004,53.147,0.1,0.1
08.04.2021 08:31:33.684 GMT-0500,53.152,53.148,0.0008,0.075
08.04.2021 08:31:33.734 GMT-0500,53.132,53.108000000000004,0.1,0.1
08.04.2021 08:31:33.839 GMT-0500,53.132,53.118,0.1,0.1
08.04.2021 08:31:33.979 GMT-0500,53.143,53.127,0.1,0.1
08.04.2021 08:31:34.029 GMT-0500,53.152,53.128,0.1,0.1
08.04.2021 08:31:35.585 GMT-0500,53.143,53.127,0.075,0.1
08.04.2021 08:31:35.929 GMT-0500,53.132,53.118,0.1,0.1
08.04.2021 08:31:37.065 GMT-0500,53.133,53.107,0.1,0.1
08.04.2021 08:31:38.223 GMT-0500,53.122,53.108000000000004,0.0008,0.075
08.04.2021 08:31:38.273 GMT-0500,53.122,53.098000000000006,0.1,0.1
08.04.2021 08:31:43.770 GMT-0500,53.122,53.108000000000004,0.1,0.075
08.04.2021 08:31:45.784 GMT-0500,53.133,53.107,0.1,0.1
08.04.2021 08:31:45.965 GMT-0500,53.123000000000005,53.107,0.0008,0.1
08.04.2021 08:31:49.274 GMT-0500,53.123000000000005,53.117,0.075,0.0008
08.04.2021 08:31:49.324 GMT-0500,53.143,53.127,0.1,0.1
08.04.2021 08:31:50.422 GMT-0500,53.163000000000004,53.137,0.1,0.1
08.04.2021 08:31:57.540 GMT-0500,53.153000000000006,53.137,0.075,0.1
08.04.2021 08:32:06.345 GMT-0500,53.162,53.138000000000005,0.1,0.1
08.04.2021 08:32:16.113 GMT-0500,53.152,53.138000000000005,0.0008,0.075
08.04.2021 08:32:16.213 GMT-0500,53.132,53.118,0.1,0.1
08.04.2021 08:32:16.373 GMT-0500,53.141999999999996,53.118,0.1,0.1
08.04.2021 08:32:16.423 GMT-0500,53.141999999999996,53.128,0.1,0.1
08.04.2021 08:32:18.131 GMT-0500,53.162,53.138000000000005,0.1,0.1
08.04.2021 08:32:20.908 GMT-0500,53.153000000000006,53.137,0.075,0.1
08.04.2021 08:32:30.872 GMT-0500,53.162,53.148,0.1,0.1
08.04.2021 08:32:30.975 GMT-0500,53.152,53.138000000000005,0.1,0.1
08.04.2021 08:32:31.128 GMT-0500,53.163000000000004,53.137,0.1,0.1
08.04.2021 08:32:31.247 GMT-0500,53.152,53.138000000000005,0.0008,0.1
08.04.2021 08:32:32.063 GMT-0500,53.163000000000004,53.137,0.1,0.1
08.04.2021 08:32:32.796 GMT-0500,53.163000000000004,53.147,0.1,0.0008
08.04.2021 08:32:32.846 GMT-0500,53.162,53.138000000000005,0.1,0.1
08.04.2021 08:32:33.564 GMT-0500,53.162,53.148,0.1,0.075
08.04.2021 08:32:33.746 GMT-0500,53.162,53.138000000000005,0.1,0.1
08.04.2021 08:32:39.259 GMT-0500,53.152,53.138000000000005,0.0008,0.075
08.04.2021 08:32:39.309 GMT-0500,53.143,53.117,0.1,0.1
08.04.2021 08:32:39.958 GMT-0500,53.113,53.097,0.1,0.1
08.04.2021 08:32:40.009 GMT-0500,53.112,53.088,0.1,0.1
08.04.2021 08:32:40.109 GMT-0500,53.113,53.097,0.1,0.1
08.04.2021 08:32:41.563 GMT-0500,53.103,53.086999999999996,0.1,0.1
08.04.2021 08:32:42.653 GMT-0500,53.093,53.077,0.1,0.1
08.04.2021 08:32:43.746 GMT-0500,53.082,53.058,0.1,0.1
08.04.2021 08:32:44.101 GMT-0500,53.082,53.068000000000005,0.1,0.0008
08.04.2021 08:32:44.276 GMT-0500,53.093,53.077,0.075,0.1
08.04.2021 08:32:44.326 GMT-0500,53.102,53.078,0.1,0.1
08.04.2021 08:32:44.617 GMT-0500,53.103,53.086999999999996,0.1,0.075
08.04.2021 08:32:44.784 GMT-0500,53.112,53.088,0.1,0.1
08.04.2021 08:32:45.187 GMT-0500,53.103,53.086999999999996,0.075,0.0008
08.04.2021 08:32:45.238 GMT-0500,53.102,53.078,0.1,0.1
08.04.2021 08:32:45.556 GMT-0500,53.093,53.077,0.075,0.1
08.04.2021 08:32:45.964 GMT-0500,53.093,53.067,0.1,0.1
08.04.2021 08:32:46.630 GMT-0500,53.093,53.077,0.075,0.0008
08.04.2021 08:32:46.681 GMT-0500,53.103,53.077,0.1,0.1
08.04.2021 08:32:47.340 GMT-0500,53.102,53.088,0.1,0.1
08.04.2021 08:32:47.742 GMT-0500,53.102,53.078,0.1,0.1
08.04.2021 08:32:48.158 GMT-0500,53.103,53.086999999999996,0.1,0.075
08.04.2021 08:32:48.322 GMT-0500,53.102,53.078,0.1,0.1
08.04.2021 08:32:54.136 GMT-0500,53.103,53.086999999999996,0.1,0.0008
08.04.2021 08:32:58.902 GMT-0500,53.102,53.098000000000006,0.075,0.0008
08.04.2021 08:32:58.952 GMT-0500,53.113,53.097,0.1,0.1
08.04.2021 08:32:59.003 GMT-0500,53.112,53.088,0.1,0.1
08.04.2021 08:33:01.411 GMT-0500,53.112,53.098000000000006,0.1,0.075
08.04.2021 08:33:01.512 GMT-0500,53.112,53.088,0.1,0.1
08.04.2021 08:33:01.562 GMT-0500,53.112,53.098000000000006,0.1,0.1
08.04.2021 08:33:05.257 GMT-0500,53.102,53.088,0.1,0.1
08.04.2021 08:33:05.308 GMT-0500,53.102,53.078,0.1,0.1
08.04.2021 08:33:05.358 GMT-0500,53.093,53.077,0.1,0.1
08.04.2021 08:33:06.159 GMT-0500,53.113,53.086999999999996,0.1,0.1
08.04.2021 08:33:06.210 GMT-0500,53.102,53.088,0.1,0.1
08.04.2021 08:33:07.467 GMT-0500,53.113,53.086999999999996,0.1,0.1
08.04.2021 08:33:07.569 GMT-0500,53.113,53.097,0.1,0.0008
08.04.2021 08:33:11.490 GMT-0500,53.113,53.107,0.0008,0.075
08.04.2021 08:33:11.540 GMT-0500,53.123000000000005,53.097,0.1,0.1
08.04.2021 08:33:11.605 GMT-0500,53.122,53.108000000000004,0.1,0.1
08.04.2021 08:33:11.780 GMT-0500,53.113,53.107,0.075,0.0008
08.04.2021 08:33:11.830 GMT-0500,53.112,53.098000000000006,0.1,0.1
08.04.2021 08:33:13.513 GMT-0500,53.112,53.088,0.1,0.1
08.04.2021 08:33:13.596 GMT-0500,53.113,53.097,0.1,0.0008
08.04.2021 08:33:14.296 GMT-0500,53.112,53.088,0.1,0.1
08.04.2021 08:33:14.346 GMT-0500,53.112,53.098000000000006,0.1,0.075
08.04.2021 08:33:16.715 GMT-0500,53.122,53.098000000000006,0.1,0.1
08.04.2021 08:33:20.157 GMT-0500,53.122,53.108000000000004,0.1,0.1
08.04.2021 08:33:20.530 GMT-0500,53.122,53.098000000000006,0.1,0.1
08.04.2021 08:33:23.516 GMT-0500,53.112,53.098000000000006,0.0008,0.1
08.04.2021 08:33:23.667 GMT-0500,53.122,53.098000000000006,0.1,0.1
08.04.2021 08:33:23.813 GMT-0500,53.122,53.108000000000004,0.1,0.0008
08.04.2021 08:33:25.419 GMT-0500,53.122,53.098000000000006,0.1,0.1
08.04.2021 08:33:26.117 GMT-0500,53.123000000000005,53.107,0.1,0.1
08.04.2021 08:33:26.267 GMT-0500,53.113,53.097,0.1,0.1
08.04.2021 08:33:26.687 GMT-0500,53.112,53.108000000000004,0.0008,0.075
08.04.2021 08:33:26.737 GMT-0500,53.123000000000005,53.107,0.1,0.1
08.04.2021 08:33:26.895 GMT-0500,53.123000000000005,53.097,0.1,0.1
08.04.2021 08:33:27.263 GMT-0500,53.113,53.097,0.0008,0.1
08.04.2021 08:33:27.313 GMT-0500,53.122,53.098000000000006,0.1,0.1
08.04.2021 08:33:29.917 GMT-0500,53.113,53.097,0.0008,0.1
08.04.2021 08:33:30.636 GMT-0500,53.122,53.098000000000006,0.1,0.1
08.04.2021 08:33:31.085 GMT-0500,53.122,53.108000000000004,0.1,0.1
08.04.2021 08:33:31.294 GMT-0500,53.143,53.117,0.1,0.1
08.04.2021 08:33:32.390 GMT-0500,53.132,53.118,0.075,0.1
08.04.2021 08:33:32.789 GMT-0500,53.123000000000005,53.107,0.1,0.1
08.04.2021 08:33:34.842 GMT-0500,53.123000000000005,53.097,0.1,0.1
08.04.2021 08:33:35.055 GMT-0500,53.122,53.108000000000004,0.1,0.1
08.04.2021 08:33:35.929 GMT-0500,53.112,53.098000000000006,0.1,0.1
08.04.2021 08:33:36.811 GMT-0500,53.123000000000005,53.097,0.1,0.1
08.04.2021 08:33:37.698 GMT-0500,53.113,53.097,0.0008,0.1
08.04.2021 08:33:43.406 GMT-0500,53.102,53.088,0.1,0.1
08.04.2021 08:33:43.546 GMT-0500,53.103,53.097,0.0008,0.075
08.04.2021 08:33:43.596 GMT-0500,53.102,53.088,0.1,0.1
08.04.2021 08:33:43.708 GMT-0500,53.113,53.086999999999996,0.1,0.1
08.04.2021 08:33:43.758 GMT-0500,53.103,53.086999999999996,0.1,0.1
08.04.2021 08:33:43.909 GMT-0500,53.113,53.086999999999996,0.1,0.1
08.04.2021 08:33:46.188 GMT-0500,53.113,53.097,0.1,0.1
08.04.2021 08:33:46.600 GMT-0500,53.112,53.088,0.1,0.1
08.04.2021 08:33:47.072 GMT-0500,53.112,53.098000000000006,0.1,0.1
08.04.2021 08:33:48.383 GMT-0500,53.102,53.097,0.0008,0.075
08.04.2021 08:33:48.433 GMT-0500,53.112,53.088,0.1,0.1
08.04.2021 08:33:48.504 GMT-0500,53.103,53.086999999999996,0.075,0.1
08.04.2021 08:33:48.604 GMT-0500,53.113,53.086999999999996,0.1,0.1
08.04.2021 08:33:53.464 GMT-0500,53.113,53.097,0.1,0.0008
08.04.2021 08:33:53.514 GMT-0500,53.113,53.086999999999996,0.1,0.1
08.04.2021 08:33:54.415 GMT-0500,53.113,53.097,0.1,0.075
08.04.2021 08:33:59.246 GMT-0500,53.092,53.078,0.1,0.1
08.04.2021 08:33:59.526 GMT-0500,53.082,53.078,0.075,0.0008
08.04.2021 08:33:59.576 GMT-0500,53.083000000000006,53.067,0.1,0.1
08.04.2021 08:33:59.771 GMT-0500,53.082,53.058,0.1,0.1
08.04.2021 08:33:59.821 GMT-0500,53.083000000000006,53.067,0.1,0.1
08.04.2021 08:33:59.950 GMT-0500,53.083000000000006,53.057,0.1,0.1
08.04.2021 08:34:00.616 GMT-0500,53.083000000000006,53.067,0.1,0.1
08.04.2021 08:34:00.795 GMT-0500,53.092,53.068000000000005,0.1,0.1
08.04.2021 08:34:01.040 GMT-0500,53.083000000000006,53.067,0.1,0.1
08.04.2021 08:34:01.090 GMT-0500,53.092,53.068000000000005,0.1,0.1
08.04.2021 08:34:03.988 GMT-0500,53.083000000000006,53.067,0.1,0.1
08.04.2021 08:34:04.402 GMT-0500,53.092,53.068000000000005,0.1,0.1
08.04.2021 08:34:05.077 GMT-0500,53.083000000000006,53.067,0.1,0.1
08.04.2021 08:34:06.502 GMT-0500,53.083000000000006,53.057,0.1,0.1
08.04.2021 08:34:06.552 GMT-0500,53.073,53.057,0.1,0.1
08.04.2021 08:34:14.216 GMT-0500,53.073,53.068000000000005,0.075,0.0008
08.04.2021 08:34:14.266 GMT-0500,53.093,53.067,0.1,0.1
08.04.2021 08:34:14.333 GMT-0500,53.083000000000006,53.067,0.075,0.1
08.04.2021 08:34:18.602 GMT-0500,53.093,53.067,0.1,0.1
08.04.2021 08:34:24.743 GMT-0500,53.083000000000006,53.067,0.1,0.1
08.04.2021 08:34:24.894 GMT-0500,53.073,53.057,0.1,0.1
08.04.2021 08:34:25.648 GMT-0500,53.083000000000006,53.057,0.1,0.1
08.04.2021 08:34:29.161 GMT-0500,53.083000000000006,53.067,0.1,0.1
08.04.2021 08:34:29.262 GMT-0500,53.093,53.067,0.1,0.1
08.04.2021 08:34:34.559 GMT-0500,53.092,53.078,0.1,0.075
08.04.2021 08:34:36.151 GMT-0500,53.093,53.067,0.1,0.1
08.04.2021 08:34:36.201 GMT-0500,53.092,53.078,0.1,0.1
08.04.2021 08:34:36.333 GMT-0500,53.093,53.067,0.1,0.1
08.04.2021 08:34:37.269 GMT-0500,53.083000000000006,53.067,0.075,0.1
08.04.2021 08:34:37.420 GMT-0500,53.093,53.077,0.1,0.1
08.04.2021 08:34:38.357 GMT-0500,53.093,53.067,0.1,0.1
08.04.2021 08:34:39.912 GMT-0500,53.083000000000006,53.067,0.1,0.1
08.04.2021 08:34:40.028 GMT-0500,53.092,53.068000000000005,0.1,0.1
08.04.2021 08:34:41.672 GMT-0500,53.083000000000006,53.057,0.1,0.1
08.04.2021 08:34:42.323 GMT-0500,53.083000000000006,53.067,0.075,0.0008
08.04.2021 08:34:42.640 GMT-0500,53.082,53.058,0.1,0.1
08.04.2021 08:34:45.220 GMT-0500,53.083000000000006,53.067,0.1,0.0008
08.04.2021 08:34:50.123 GMT-0500,53.092,53.068000000000005,0.1,0.1
08.04.2021 08:34:50.471 GMT-0500,53.092,53.078,0.1,0.075
08.04.2021 08:34:50.934 GMT-0500,53.092,53.068000000000005,0.1,0.1
08.04.2021 08:34:51.993 GMT-0500,53.093,53.077,0.1,0.075
08.04.2021 08:34:52.838 GMT-0500,53.093,53.067,0.1,0.1
08.04.2021 08:34:53.770 GMT-0500,53.093,53.077,0.1,0.075
08.04.2021 08:34:55.125 GMT-0500,53.102,53.078,0.1,0.1
08.04.2021 08:34:55.356 GMT-0500,53.093,53.077,0.075,0.0008
08.04.2021 08:34:55.406 GMT-0500,53.092,53.068000000000005,0.1,0.1
08.04.2021 08:34:55.761 GMT-0500,53.082,53.068000000000005,0.075,0.1
08.04.2021 08:34:59.104 GMT-0500,53.072,53.058,0.1,0.1
08.04.2021 08:35:01.664 GMT-0500,53.062,53.058,0.0008,0.075
08.04.2021 08:35:01.714 GMT-0500,53.063,53.047,0.1,0.1
08.04.2021 08:35:01.845 GMT-0500,53.053000000000004,53.037,0.1,0.1
08.04.2021 08:35:01.955 GMT-0500,53.042,53.038000000000004,0.0008,0.075
08.04.2021 08:35:02.005 GMT-0500,53.043000000000006,53.027,0.1,0.1
08.04.2021 08:35:05.854 GMT-0500,53.032,53.018,0.1,0.1
08.04.2021 08:35:05.905 GMT-0500,53.042,53.018,0.1,0.1
08.04.2021 08:35:06.022 GMT-0500,53.043000000000006,53.027,0.1,0.075
08.04.2021 08:35:06.441 GMT-0500,53.043000000000006,53.016999999999996,0.1,0.1
08.04.2021 08:35:07.347 GMT-0500,53.032,53.018,0.1,0.1
08.04.2021 08:35:08.246 GMT-0500,53.022,53.008,0.1,0.1
08.04.2021 08:35:08.349 GMT-0500,53.033,53.007,0.1,0.1
08.04.2021 08:35:08.399 GMT-0500,53.033,53.016999999999996,0.1,0.1
08.04.2021 08:35:08.449 GMT-0500,53.032,53.008,0.1,0.1
08.04.2021 08:35:09.895 GMT-0500,53.032,53.018,0.1,0.0008
08.04.2021 08:35:09.945 GMT-0500,53.033,53.007,0.1,0.1
08.04.2021 08:35:09.997 GMT-0500,53.033,53.016999999999996,0.1,0.1
08.04.2021 08:35:10.151 GMT-0500,53.032,53.008,0.1,0.1
08.04.2021 08:35:10.237 GMT-0500,53.032,53.018,0.1,0.0008
08.04.2021 08:35:10.692 GMT-0500,53.033,53.007,0.1,0.1
08.04.2021 08:35:11.813 GMT-0500,53.022,53.008,0.1,0.1
08.04.2021 08:35:16.319 GMT-0500,53.013000000000005,53.007,0.0008,0.075
08.04.2021 08:35:16.369 GMT-0500,52.993,52.977,0.1,0.1
08.04.2021 08:35:16.469 GMT-0500,53.003,52.977,0.1,0.1
08.04.2021 08:35:16.570 GMT-0500,52.993,52.977,0.1,0.1
08.04.2021 08:35:17.964 GMT-0500,52.993,52.967,0.1,0.1
08.04.2021 08:35:18.636 GMT-0500,52.982,52.968,0.1,0.1
08.04.2021 08:35:18.686 GMT-0500,52.983000000000004,52.957,0.1,0.1
08.04.2021 08:35:19.223 GMT-0500,52.982,52.978,0.075,0.0008
08.04.2021 08:35:19.273 GMT-0500,52.992,52.978,0.1,0.1
08.04.2021 08:35:21.566 GMT-0500,52.992,52.968,0.1,0.1
08.04.2021 08:35:22.142 GMT-0500,52.982,52.968,0.0008,0.1
08.04.2021 08:35:22.292 GMT-0500,52.992,52.968,0.1,0.1
08.04.2021 08:35:25.313 GMT-0500,52.983000000000004,52.967,0.075,0.0008
08.04.2021 08:35:25.363 GMT-0500,52.982,52.958000000000006,0.1,0.1
08.04.2021 08:35:26.224 GMT-0500,52.982,52.968,0.1,0.0008
08.04.2021 08:35:26.325 GMT-0500,52.983000000000004,52.957,0.1,0.1
08.04.2021 08:35:30.997 GMT-0500,52.983000000000004,52.967,0.1,0.075
08.04.2021 08:35:33.167 GMT-0500,52.993,52.967,0.1,0.1
08.04.2021 08:35:33.218 GMT-0500,52.992,52.978,0.1,0.1
08.04.2021 08:35:33.750 GMT-0500,53.002,52.988,0.1,0.1
08.04.2021 08:35:33.851 GMT-0500,53.003,52.997,0.0008,0.075
08.04.2021 08:35:33.901 GMT-0500,53.013000000000005,52.987,0.1,0.1
08.04.2021 08:35:33.952 GMT-0500,53.002,52.988,0.1,0.1
08.04.2021 08:35:34.107 GMT-0500,53.013000000000005,52.987,0.1,0.1
08.04.2021 08:35:37.031 GMT-0500,53.022,52.998000000000005,0.1,0.1
08.04.2021 08:35:37.953 GMT-0500,53.022,53.008,0.0008,0.075
08.04.2021 08:35:38.004 GMT-0500,53.032,53.008,0.1,0.1
08.04.2021 08:35:38.054 GMT-0500,53.023,53.007,0.1,0.1
08.04.2021 08:35:38.710 GMT-0500,53.032,53.008,0.1,0.1
08.04.2021 08:35:39.334 GMT-0500,53.032,53.018,0.1,0.0008
08.04.2021 08:35:39.872 GMT-0500,53.042,53.018,0.1,0.1
08.04.2021 08:35:41.154 GMT-0500,53.042,53.028000000000006,0.1,0.1
08.04.2021 08:35:42.157 GMT-0500,53.052,53.028000000000006,0.1,0.1
08.04.2021 08:35:44.163 GMT-0500,53.052,53.038000000000004,0.1,0.1
08.04.2021 08:35:44.656 GMT-0500,53.063,53.037,0.1,0.1
08.04.2021 08:35:45.815 GMT-0500,53.063,53.047,0.075,0.0008
08.04.2021 08:35:45.865 GMT-0500,53.073,53.047,0.1,0.1
08.04.2021 08:35:45.950 GMT-0500,53.063,53.047,0.075,0.1
08.04.2021 08:35:46.266 GMT-0500,53.052,53.038000000000004,0.1,0.1
08.04.2021 08:35:48.968 GMT-0500,53.052,53.028000000000006,0.1,0.1
08.04.2021 08:35:49.342 GMT-0500,53.042,53.028000000000006,0.075,0.0008
08.04.2021 08:35:49.392 GMT-0500,53.052,53.008,0.1,0.1
08.04.2021 08:35:49.632 GMT-0500,53.052,53.028000000000006,0.1,0.075
08.04.2021 08:35:49.801 GMT-0500,53.043000000000006,53.027,0.1,0.1
08.04.2021 08:35:50.353 GMT-0500,53.042,53.018,0.1,0.1
08.04.2021 08:35:50.403 GMT-0500,53.033,53.007,0.1,0.1
08.04.2021 08:35:50.787 GMT-0500,53.022,52.978,0.1,0.1
08.04.2021 08:35:50.837 GMT-0500,53.022,53.008,0.1,0.1
08.04.2021 08:35:53.149 GMT-0500,53.032,53.018,0.1,0.1
08.04.2021 08:36:00.188 GMT-0500,53.023,53.007,0.1,0.1
08.04.2021 08:36:01.241 GMT-0500,53.023,52.997,0.1,0.1
08.04.2021 08:36:01.998 GMT-0500,53.022,52.988,0.1,0.1
08.04.2021 08:36:02.099 GMT-0500,53.023,52.997,0.1,0.1
08.04.2021 08:36:02.220 GMT-0500,53.022,53.008,0.1,0.1
08.04.2021 08:36:02.695 GMT-0500,53.032,53.008,0.1,0.1
08.04.2021 08:36:02.828 GMT-0500,53.042,53.018,0.1,0.1
08.04.2021 08:36:05.351 GMT-0500,53.033,53.016999999999996,0.0008,0.075
08.04.2021 08:36:05.401 GMT-0500,53.032,53.008,0.1,0.1
08.04.2021 08:36:05.722 GMT-0500,53.043000000000006,53.007,0.1,0.1
08.04.2021 08:36:06.371 GMT-0500,53.032,53.008,0.075,0.1
08.04.2021 08:36:06.586 GMT-0500,53.043000000000006,53.007,0.1,0.1
08.04.2021 08:36:06.769 GMT-0500,53.032,53.008,0.075,0.1
08.04.2021 08:36:06.820 GMT-0500,53.043000000000006,53.007,0.1,0.1
08.04.2021 08:36:06.959 GMT-0500,53.043000000000006,53.016999999999996,0.1,0.1
08.04.2021 08:36:07.283 GMT-0500,53.033,53.016999999999996,0.075,0.1
08.04.2021 08:36:07.411 GMT-0500,53.042,53.018,0.1,0.1
08.04.2021 08:36:07.815 GMT-0500,53.033,53.016999999999996,0.0008,0.1
08.04.2021 08:36:08.024 GMT-0500,53.043000000000006,53.016999999999996,0.1,0.1
08.04.2021 08:36:10.213 GMT-0500,53.032,53.018,0.0008,0.1
08.04.2021 08:36:10.264 GMT-0500,53.033,53.007,0.1,0.1
08.04.2021 08:36:10.314 GMT-0500,53.032,53.018,0.1,0.1
08.04.2021 08:36:10.936 GMT-0500,53.043000000000006,53.016999999999996,0.1,0.1
08.04.2021 08:36:11.585 GMT-0500,53.033,53.016999999999996,0.0008,0.1
08.04.2021 08:36:12.762 GMT-0500,53.042,53.018,0.1,0.1
08.04.2021 08:36:15.092 GMT-0500,53.032,53.018,0.075,0.1
08.04.2021 08:36:16.788 GMT-0500,53.032,53.008,0.1,0.1
08.04.2021 08:36:17.360 GMT-0500,53.033,53.016999999999996,0.1,0.1
08.04.2021 08:36:17.542 GMT-0500,53.043000000000006,53.027,0.1,0.1
08.04.2021 08:36:17.713 GMT-0500,53.053000000000004,53.027,0.1,0.1
08.04.2021 08:36:19.000 GMT-0500,53.043000000000006,53.027,0.1,0.1
08.04.2021 08:36:19.221 GMT-0500,53.053000000000004,53.027,0.1,0.1
08.04.2021 08:36:21.626 GMT-0500,53.043000000000006,53.027,0.0008,0.1
08.04.2021 08:36:24.754 GMT-0500,53.043000000000006,53.016999999999996,0.1,0.1
08.04.2021 08:36:25.705 GMT-0500,53.042,53.028000000000006,0.1,0.0008
08.04.2021 08:37:10.564 GMT-0500,53.052,53.038000000000004,0.1,0.1
08.04.2021 08:37:10.715 GMT-0500,53.062,53.048,0.1,0.1
08.04.2021 08:37:19.527 GMT-0500,53.072,53.048,0.1,0.1
08.04.2021 08:37:19.577 GMT-0500,53.063,53.047,0.0008,0.1
08.04.2021 08:37:20.670 GMT-0500,53.073,53.047,0.1,0.1
08.04.2021 08:37:21.222 GMT-0500,53.062,53.048,0.0008,0.1
08.04.2021 08:37:22.025 GMT-0500,53.073,53.047,0.1,0.1
08.04.2021 08:37:22.177 GMT-0500,53.063,53.047,0.1,0.1
08.04.2021 08:37:23.639 GMT-0500,53.062,53.058,0.0008,0.075
08.04.2021 08:37:23.689 GMT-0500,53.082,53.068000000000005,0.1,0.1
08.04.2021 08:37:23.924 GMT-0500,53.082,53.078,0.075,0.0008
08.04.2021 08:37:23.974 GMT-0500,53.093,53.077,0.1,0.1
08.04.2021 08:37:27.461 GMT-0500,53.082,53.068000000000005,0.1,0.1
08.04.2021 08:37:30.187 GMT-0500,53.072,53.058,0.1,0.1
08.04.2021 08:37:30.287 GMT-0500,53.072,53.048,0.1,0.1
08.04.2021 08:37:31.172 GMT-0500,53.062,53.048,0.075,0.1
08.04.2021 08:37:32.710 GMT-0500,53.073,53.047,0.1,0.1
08.04.2021 08:37:33.375 GMT-0500,53.072,53.058,0.1,0.1
08.04.2021 08:37:33.551 GMT-0500,53.062,53.048,0.1,0.1
08.04.2021 08:37:33.602 GMT-0500,53.072,53.048,0.1,0.1
08.04.2021 08:37:33.747 GMT-0500,53.063,53.047,0.0008,0.1
08.04.2021 08:37:33.924 GMT-0500,53.073,53.047,0.1,0.1
08.04.2021 08:37:35.042 GMT-0500,53.062,53.048,0.1,0.1
08.04.2021 08:37:38.735 GMT-0500,53.053000000000004,53.037,0.1,0.1
08.04.2021 08:37:38.785 GMT-0500,53.063,53.037,0.1,0.1
08.04.2021 08:37:39.563 GMT-0500,53.052,53.038000000000004,0.0008,0.1
08.04.2021 08:37:39.613 GMT-0500,53.053000000000004,53.016999999999996,0.1,0.1
08.04.2021 08:37:44.997 GMT-0500,53.052,53.028000000000006,0.1,0.0008
08.04.2021 08:37:45.739 GMT-0500,53.043000000000006,53.027,0.0008,0.075
08.04.2021 08:37:45.789 GMT-0500,53.042,53.018,0.1,0.1
08.04.2021 08:37:46.205 GMT-0500,53.043000000000006,53.027,0.075,0.0008
08.04.2021 08:37:46.255 GMT-0500,53.053000000000004,53.027,0.1,0.1
08.04.2021 08:37:47.255 GMT-0500,53.043000000000006,53.027,0.1,0.1
08.04.2021 08:37:48.340 GMT-0500,53.053000000000004,53.027,0.1,0.1
08.04.2021 08:37:48.565 GMT-0500,53.042,53.028000000000006,0.1,0.1
08.04.2021 08:37:49.412 GMT-0500,53.043000000000006,53.016999999999996,0.1,0.1
08.04.2021 08:37:50.531 GMT-0500,53.043000000000006,53.027,0.1,0.075
08.04.2021 08:37:52.871 GMT-0500,53.033,53.007,0.1,0.1
08.04.2021 08:37:55.147 GMT-0500,53.022,53.008,0.075,0.0008
08.04.2021 08:37:56.872 GMT-0500,53.023,52.997,0.1,0.1
08.04.2021 08:37:59.129 GMT-0500,53.022,53.008,0.1,0.075
08.04.2021 08:38:20.014 GMT-0500,53.033,53.016999999999996,0.1,0.1
08.04.2021 08:38:21.696 GMT-0500,53.042,53.028000000000006,0.1,0.1
08.04.2021 08:38:28.367 GMT-0500,53.033,53.016999999999996,0.1,0.1
08.04.2021 08:38:42.761 GMT-0500,53.043000000000006,53.016999999999996,0.1,0.1
08.04.2021 08:38:43.236 GMT-0500,53.032,53.018,0.075,0.1
08.04.2021 08:38:47.443 GMT-0500,53.043000000000006,53.016999999999996,0.1,0.1
08.04.2021 08:38:48.108 GMT-0500,53.033,53.016999999999996,0.075,0.1
08.04.2021 08:38:48.394 GMT-0500,53.042,53.018,0.1,0.1
08.04.2021 08:38:49.614 GMT-0500,53.053000000000004,53.037,0.1,0.1
08.04.2021 08:38:50.252 GMT-0500,53.062,53.038000000000004,0.1,0.1
08.04.2021 08:38:52.248 GMT-0500,53.062,53.048,0.1,0.1
08.04.2021 08:38:52.298 GMT-0500,53.073,53.047,0.1,0.1
08.04.2021 08:38:52.443 GMT-0500,53.063,53.047,0.1,0.1
08.04.2021 08:38:53.151 GMT-0500,53.073,53.047,0.1,0.1
08.04.2021 08:38:56.145 GMT-0500,53.073,53.057,0.1,0.075
08.04.2021 08:39:00.833 GMT-0500,53.072,53.048,0.1,0.1
08.04.2021 08:39:02.079 GMT-0500,53.073,53.057,0.1,0.1
08.04.2021 08:39:08.205 GMT-0500,53.073,53.067,0.075,0.0008
08.04.2021 08:39:08.256 GMT-0500,53.082,53.068000000000005,0.1,0.1
08.04.2021 08:39:08.544 GMT-0500,53.092,53.078,0.1,0.1
08.04.2021 08:39:08.595 GMT-0500,53.103,53.077,0.1,0.1
08.04.2021 08:39:11.317 GMT-0500,53.093,53.077,0.0008,0.1
08.04.2021 08:39:13.519 GMT-0500,53.103,53.077,0.1,0.1
08.04.2021 08:39:15.163 GMT-0500,53.092,53.078,0.0008,0.1
08.04.2021 08:39:15.213 GMT-0500,53.102,53.078,0.1,0.1
08.04.2021 08:39:17.084 GMT-0500,53.093,53.077,0.075,0.1
08.04.2021 08:39:17.204 GMT-0500,53.103,53.077,0.1,0.1
08.04.2021 08:39:17.894 GMT-0500,53.092,53.078,0.1,0.1
08.04.2021 08:39:17.944 GMT-0500,53.102,53.078,0.1,0.1
08.04.2021 08:39:19.083 GMT-0500,53.093,53.077,0.1,0.1
08.04.2021 08:39:22.154 GMT-0500,53.103,53.077,0.1,0.1
08.04.2021 08:39:22.367 GMT-0500,53.093,53.077,0.0008,0.1
08.04.2021 08:39:24.615 GMT-0500,53.083000000000006,53.077,0.075,0.0008
08.04.2021 08:39:24.666 GMT-0500,53.082,53.068000000000005,0.1,0.1
08.04.2021 08:39:27.110 GMT-0500,53.073,53.067,0.075,0.0008
08.04.2021 08:39:27.161 GMT-0500,53.062,53.048,0.1,0.1
08.04.2021 08:39:34.298 GMT-0500,53.053000000000004,53.047,0.0008,0.075
08.04.2021 08:39:34.348 GMT-0500,53.053000000000004,53.037,0.1,0.1
08.04.2021 08:39:34.541 GMT-0500,53.063,53.037,0.1,0.1
08.04.2021 08:39:35.353 GMT-0500,53.052,53.038000000000004,0.0008,0.1
08.04.2021 08:39:48.542 GMT-0500,53.053000000000004,53.047,0.075,0.0008
08.04.2021 08:39:48.592 GMT-0500,53.073,53.057,0.1,0.1
08.04.2021 08:39:53.513 GMT-0500,53.073,53.067,0.0008,0.075
08.04.2021 08:39:53.563 GMT-0500,53.083000000000006,53.067,0.1,0.1
08.04.2021 08:39:55.751 GMT-0500,53.093,53.077,0.1,0.1
08.04.2021 08:39:55.944 GMT-0500,53.102,53.078,0.1,0.1
08.04.2021 08:39:57.798 GMT-0500,53.093,53.077,0.0008,0.1
08.04.2021 08:39:59.773 GMT-0500,53.083000000000006,53.077,0.075,0.0008
08.04.2021 08:39:59.823 GMT-0500,53.083000000000006,53.067,0.1,0.1
08.04.2021 08:40:00.166 GMT-0500,53.072,53.058,0.1,0.1
08.04.2021 08:40:00.216 GMT-0500,53.083000000000006,53.057,0.1,0.1
08.04.2021 08:40:00.267 GMT-0500,53.072,53.058,0.1,0.1
08.04.2021 08:40:00.317 GMT-0500,53.073,53.047,0.1,0.1
08.04.2021 08:40:00.860 GMT-0500,53.062,53.048,0.0008,0.1
08.04.2021 08:40:01.168 GMT-0500,53.073,53.047,0.1,0.1
08.04.2021 08:40:01.636 GMT-0500,53.063,53.047,0.0008,0.1
08.04.2021 08:40:01.686 GMT-0500,53.073,53.047,0.1,0.1
08.04.2021 08:40:02.036 GMT-0500,53.062,53.048,0.0008,0.1
08.04.2021 08:40:02.087 GMT-0500,53.062,53.038000000000004,0.1,0.1
08.04.2021 08:40:02.137 GMT-0500,53.063,53.047,0.1,0.0008
08.04.2021 08:40:04.237 GMT-0500,53.072,53.058,0.1,0.1
08.04.2021 08:40:04.287 GMT-0500,53.082,53.058,0.1,0.1
08.04.2021 08:40:04.337 GMT-0500,53.083000000000006,53.067,0.1,0.1
08.04.2021 08:40:05.750 GMT-0500,53.082,53.058,0.1,0.1
08.04.2021 08:40:05.800 GMT-0500,53.072,53.058,0.1,0.1
08.04.2021 08:40:06.733 GMT-0500,53.072,53.048,0.1,0.1
08.04.2021 08:40:07.609 GMT-0500,53.072,53.058,0.1,0.1
08.04.2021 08:40:07.660 GMT-0500,53.072,53.048,0.1,0.1
08.04.2021 08:40:11.276 GMT-0500,53.072,53.058,0.1,0.075
08.04.2021 08:40:21.397 GMT-0500,53.073,53.047,0.1,0.1
08.04.2021 08:40:21.498 GMT-0500,53.063,53.047,0.1,0.1
08.04.2021 08:40:21.549 GMT-0500,53.072,53.048,0.1,0.1
08.04.2021 08:40:22.618 GMT-0500,53.072,53.058,0.1,0.075
08.04.2021 08:40:22.719 GMT-0500,53.063,53.047,0.1,0.1
08.04.2021 08:40:23.237 GMT-0500,53.073,53.047,0.1,0.1
08.04.2021 08:40:23.359 GMT-0500,53.063,53.047,0.075,0.1
08.04.2021 08:40:23.557 GMT-0500,53.073,53.047,0.1,0.1
08.04.2021 08:40:24.370 GMT-0500,53.062,53.048,0.075,0.1
08.04.2021 08:40:26.120 GMT-0500,53.052,53.038000000000004,0.1,0.1
08.04.2021 08:40:26.341 GMT-0500,53.043000000000006,53.027,0.1,0.1
08.04.2021 08:40:26.613 GMT-0500,53.042,53.018,0.1,0.1
08.04.2021 08:40:29.527 GMT-0500,53.043000000000006,53.027,0.1,0.075
08.04.2021 08:40:30.074 GMT-0500,53.033,53.027,0.0008,0.075
08.04.2021 08:40:30.124 GMT-0500,53.042,53.028000000000006,0.1,0.1
08.04.2021 08:40:31.215 GMT-0500,53.043000000000006,53.016999999999996,0.1,0.1
08.04.2021 08:40:32.299 GMT-0500,53.042,53.028000000000006,0.1,0.0008
08.04.2021 08:40:36.310 GMT-0500,53.053000000000004,53.037,0.1,0.1
08.04.2021 08:40:36.488 GMT-0500,53.062,53.048,0.1,0.1
08.04.2021 08:40:36.881 GMT-0500,53.072,53.048,0.1,0.1
08.04.2021 08:40:38.738 GMT-0500,53.072,53.058,0.1,0.0008
08.04.2021 08:40:40.762 GMT-0500,53.082,53.058,0.1,0.1
08.04.2021 08:40:40.864 GMT-0500,53.082,53.068000000000005,0.1,0.0008
08.04.2021 08:40:41.072 GMT-0500,53.072,53.058,0.1,0.1
08.04.2021 08:40:41.480 GMT-0500,53.082,53.058,0.1,0.1
08.04.2021 08:40:41.812 GMT-0500,53.082,53.068000000000005,0.1,0.0008
08.04.2021 08:40:41.918 GMT-0500,53.083000000000006,53.057,0.1,0.1
08.04.2021 08:40:42.196 GMT-0500,53.072,53.058,0.1,0.1
08.04.2021 08:40:43.683 GMT-0500,53.073,53.047,0.1,0.1
08.04.2021 08:40:44.848 GMT-0500,53.063,53.047,0.0008,0.1
08.04.2021 08:40:45.133 GMT-0500,53.062,53.038000000000004,0.1,0.1
08.04.2021 08:40:45.333 GMT-0500,53.062,53.048,0.1,0.075
08.04.2021 08:40:45.517 GMT-0500,53.063,53.037,0.1,0.1
08.04.2021 08:40:45.617 GMT-0500,53.062,53.048,0.1,0.0008
08.04.2021 08:40:46.103 GMT-0500,53.063,53.037,0.1,0.1
08.04.2021 08:40:46.327 GMT-0500,53.063,53.047,0.1,0.1
08.04.2021 08:40:46.472 GMT-0500,53.063,53.037,0.1,0.1
08.04.2021 08:40:46.880 GMT-0500,53.062,53.048,0.1,0.0008
08.04.2021 08:40:47.465 GMT-0500,53.073,53.047,0.1,0.1
08.04.2021 08:40:48.592 GMT-0500,53.073,53.057,0.1,0.0008
08.04.2021 08:40:48.750 GMT-0500,53.072,53.048,0.1,0.1
08.04.2021 08:40:48.833 GMT-0500,53.072,53.058,0.1,0.075
08.04.2021 08:40:48.934 GMT-0500,53.072,53.048,0.1,0.1
08.04.2021 08:40:49.266 GMT-0500,53.072,53.058,0.1,0.0008
08.04.2021 08:40:49.782 GMT-0500,53.072,53.048,0.1,0.1
08.04.2021 08:40:50.102 GMT-0500,53.073,53.057,0.1,0.075
08.04.2021 08:40:50.152 GMT-0500,53.072,53.048,0.1,0.1
08.04.2021 08:40:51.064 GMT-0500,53.073,53.057,0.1,0.0008
08.04.2021 08:40:51.114 GMT-0500,53.083000000000006,53.057,0.1,0.1
08.04.2021 08:40:51.784 GMT-0500,53.073,53.057,0.0008,0.1
08.04.2021 08:40:53.246 GMT-0500,53.082,53.058,0.1,0.1
08.04.2021 08:40:53.560 GMT-0500,53.073,53.057,0.075,0.1
08.04.2021 08:40:53.711 GMT-0500,53.082,53.058,0.1,0.1
08.04.2021 08:40:53.762 GMT-0500,53.073,53.057,0.1,0.1
08.04.2021 08:40:54.332 GMT-0500,53.073,53.067,0.0008,0.075
08.04.2021 08:40:54.382 GMT-0500,53.082,53.068000000000005,0.1,0.1
08.04.2021 08:40:54.886 GMT-0500,53.092,53.068000000000005,0.1,0.1
08.04.2021 08:40:57.382 GMT-0500,53.092,53.086999999999996,0.075,0.0008
08.04.2021 08:40:57.432 GMT-0500,53.102,53.088,0.1,0.1
08.04.2021 08:40:57.588 GMT-0500,53.112,53.088,0.1,0.1
08.04.2021 08:40:57.895 GMT-0500,53.102,53.088,0.0008,0.1
08.04.2021 08:40:57.946 GMT-0500,53.113,53.086999999999996,0.1,0.1
08.04.2021 08:40:59.795 GMT-0500,53.102,53.088,0.0008,0.1
08.04.2021 08:40:59.973 GMT-0500,53.112,53.088,0.1,0.1
08.04.2021 08:41:00.193 GMT-0500,53.103,53.086999999999996,0.1,0.1
08.04.2021 08:41:00.336 GMT-0500,53.113,53.086999999999996,0.1,0.1
08.04.2021 08:41:00.594 GMT-0500,53.102,53.088,0.075,0.1
08.04.2021 08:41:00.950 GMT-0500,53.112,53.088,0.1,0.1
08.04.2021 08:41:01.073 GMT-0500,53.102,53.088,0.0008,0.1
08.04.2021 08:41:06.704 GMT-0500,53.112,53.098000000000006,0.1,0.1
08.04.2021 08:41:07.165 GMT-0500,53.113,53.086999999999996,0.1,0.1
08.04.2021 08:41:07.462 GMT-0500,53.112,53.098000000000006,0.075,0.0008
08.04.2021 08:41:07.512 GMT-0500,53.123000000000005,53.097,0.1,0.1
08.04.2021 08:41:08.034 GMT-0500,53.113,53.097,0.0008,0.1
08.04.2021 08:41:08.084 GMT-0500,53.122,53.098000000000006,0.1,0.1
08.04.2021 08:41:10.370 GMT-0500,53.112,53.088,0.1,0.1
08.04.2021 08:41:10.486 GMT-0500,53.113,53.097,0.1,0.1
08.04.2021 08:41:10.772 GMT-0500,53.113,53.086999999999996,0.1,0.1
08.04.2021 08:41:10.928 GMT-0500,53.112,53.098000000000006,0.1,0.075
08.04.2021 08:41:11.443 GMT-0500,53.113,53.086999999999996,0.1,0.1
08.04.2021 08:41:11.663 GMT-0500,53.112,53.098000000000006,0.1,0.0008
08.04.2021 08:41:14.601 GMT-0500,53.112,53.088,0.1,0.1
08.04.2021 08:41:14.929 GMT-0500,53.103,53.086999999999996,0.075,0.1
08.04.2021 08:41:15.029 GMT-0500,53.102,53.078,0.1,0.1
08.04.2021 08:41:15.782 GMT-0500,53.103,53.086999999999996,0.1,0.075
08.04.2021 08:41:16.253 GMT-0500,53.102,53.078,0.1,0.1
08.04.2021 08:41:16.400 GMT-0500,53.102,53.088,0.1,0.075
08.04.2021 08:41:18.397 GMT-0500,53.102,53.078,0.1,0.1
08.04.2021 08:41:18.983 GMT-0500,53.113,53.086999999999996,0.1,0.1
08.04.2021 08:41:19.177 GMT-0500,53.103,53.086999999999996,0.1,0.1
08.04.2021 08:41:19.463 GMT-0500,53.102,53.078,0.1,0.1
08.04.2021 08:41:22.343 GMT-0500,53.102,53.088,0.1,0.0008
08.04.2021 08:41:22.394 GMT-0500,53.102,53.078,0.1,0.1
08.04.2021 08:41:22.444 GMT-0500,53.102,53.088,0.1,0.1
08.04.2021 08:41:22.562 GMT-0500,53.102,53.078,0.1,0.1
08.04.2021 08:41:23.110 GMT-0500,53.102,53.088,0.1,0.075
08.04.2021 08:41:23.211 GMT-0500,53.102,53.078,0.1,0.1
08.04.2021 08:41:23.261 GMT-0500,53.103,53.086999999999996,0.1,0.1
08.04.2021 08:41:23.430 GMT-0500,53.103,53.077,0.1,0.1
08.04.2021 08:41:25.063 GMT-0500,53.102,53.088,0.1,0.075
08.04.2021 08:41:25.113 GMT-0500,53.102,53.078,0.1,0.1
08.04.2021 08:41:25.438 GMT-0500,53.103,53.086999999999996,0.1,0.1
08.04.2021 08:41:25.488 GMT-0500,53.102,53.078,0.1,0.1
08.04.2021 08:41:25.684 GMT-0500,53.103,53.086999999999996,0.1,0.075
08.04.2021 08:41:26.090 GMT-0500,53.112,53.088,0.1,0.1
08.04.2021 08:41:26.740 GMT-0500,53.103,53.086999999999996,0.0008,0.1
08.04.2021 08:41:27.495 GMT-0500,53.113,53.086999999999996,0.1,0.1
08.04.2021 08:41:29.372 GMT-0500,53.113,53.097,0.1,0.075
08.04.2021 08:41:29.422 GMT-0500,53.122,53.098000000000006,0.1,0.1
08.04.2021 08:41:34.167 GMT-0500,53.122,53.108000000000004,0.1,0.1
08.04.2021 08:41:34.678 GMT-0500,53.133,53.107,0.1,0.1
08.04.2021 08:41:35.093 GMT-0500,53.122,53.108000000000004,0.1,0.1
08.04.2021 08:41:35.143 GMT-0500,53.123000000000005,53.097,0.1,0.1
08.04.2021 08:41:35.256 GMT-0500,53.112,53.098000000000006,0.075,0.1
08.04.2021 08:41:35.409 GMT-0500,53.112,53.088,0.1,0.1
08.04.2021 08:41:35.459 GMT-0500,53.112,53.098000000000006,0.1,0.1
08.04.2021 08:41:35.592 GMT-0500,53.113,53.086999999999996,0.1,0.1
08.04.2021 08:41:36.077 GMT-0500,53.113,53.097,0.1,0.0008
08.04.2021 08:41:36.227 GMT-0500,53.123000000000005,53.097,0.1,0.1
08.04.2021 08:41:37.499 GMT-0500,53.113,53.097,0.075,0.1
08.04.2021 08:41:38.020 GMT-0500,53.122,53.098000000000006,0.1,0.1
08.04.2021 08:41:38.200 GMT-0500,53.112,53.098000000000006,0.075,0.1
08.04.2021 08:41:38.592 GMT-0500,53.123000000000005,53.097,0.1,0.1
08.04.2021 08:41:38.933 GMT-0500,53.113,53.097,0.0008,0.1
08.04.2021 08:41:39.357 GMT-0500,53.102,53.088,0.1,0.1
08.04.2021 08:41:41.973 GMT-0500,53.102,53.078,0.1,0.1
08.04.2021 08:41:42.607 GMT-0500,53.092,53.078,0.1,0.1
08.04.2021 08:41:42.784 GMT-0500,53.102,53.078,0.1,0.1
08.04.2021 08:41:43.571 GMT-0500,53.092,53.078,0.0008,0.1
08.04.2021 08:41:44.034 GMT-0500,53.102,53.078,0.1,0.1
08.04.2021 08:41:44.583 GMT-0500,53.103,53.086999999999996,0.1,0.0008
08.04.2021 08:41:45.723 GMT-0500,53.102,53.078,0.1,0.1
08.04.2021 08:41:48.742 GMT-0500,53.103,53.086999999999996,0.1,0.075
08.04.2021 08:41:49.159 GMT-0500,53.102,53.078,0.1,0.1
08.04.2021 08:41:49.286 GMT-0500,53.103,53.086999999999996,0.1,0.0008
08.04.2021 08:41:49.514 GMT-0500,53.103,53.077,0.1,0.1
08.04.2021 08:41:50.381 GMT-0500,53.092,53.078,0.1,0.1
08.04.2021 08:41:50.924 GMT-0500,53.102,53.078,0.1,0.1
08.04.2021 08:41:51.990 GMT-0500,53.092,53.078,0.075,0.1
08.04.2021 08:41:53.019 GMT-0500,53.103,53.077,0.1,0.1
08.04.2021 08:41:55.559 GMT-0500,53.093,53.077,0.075,0.1
08.04.2021 08:41:56.042 GMT-0500,53.103,53.077,0.1,0.1
08.04.2021 08:41:56.121 GMT-0500,53.092,53.078,0.1,0.1
08.04.2021 08:41:56.273 GMT-0500,53.092,53.068000000000005,0.1,0.1
08.04.2021 08:41:56.467 GMT-0500,53.092,53.078,0.1,0.1
08.04.2021 08:41:56.713 GMT-0500,53.092,53.068000000000005,0.1,0.1
08.04.2021 08:41:56.806 GMT-0500,53.093,53.077,0.1,0.0008
08.04.2021 08:41:57.279 GMT-0500,53.093,53.067,0.1,0.1
08.04.2021 08:41:57.700 GMT-0500,53.093,53.077,0.1,0.0008
08.04.2021 08:41:57.751 GMT-0500,53.102,53.078,0.1,0.1
08.04.2021 08:41:58.767 GMT-0500,53.092,53.078,0.1,0.1
08.04.2021 08:42:00.883 GMT-0500,53.092,53.068000000000005,0.1,0.1
08.04.2021 08:42:01.528 GMT-0500,53.092,53.078,0.1,0.075
08.04.2021 08:42:04.861 GMT-0500,53.103,53.077,0.1,0.1
08.04.2021 08:42:05.813 GMT-0500,53.092,53.078,0.0008,0.1
08.04.2021 08:42:06.781 GMT-0500,53.082,53.068000000000005,0.1,0.1
08.04.2021 08:42:07.282 GMT-0500,53.083000000000006,53.057,0.1,0.1
08.04.2021 08:42:07.333 GMT-0500,53.072,53.058,0.1,0.1
08.04.2021 08:42:08.997 GMT-0500,53.072,53.048,0.1,0.1
08.04.2021 08:42:09.832 GMT-0500,53.063,53.047,0.0008,0.1
08.04.2021 08:42:13.219 GMT-0500,53.062,53.038000000000004,0.1,0.1
08.04.2021 08:42:13.270 GMT-0500,53.052,53.038000000000004,0.1,0.1
08.04.2021 08:42:14.590 GMT-0500,53.053000000000004,53.027,0.1,0.1
08.04.2021 08:42:15.186 GMT-0500,53.043000000000006,53.027,0.1,0.1
08.04.2021 08:42:15.236 GMT-0500,53.052,53.028000000000006,0.1,0.1
08.04.2021 08:42:17.185 GMT-0500,53.053000000000004,53.037,0.1,0.1
08.04.2021 08:42:23.286 GMT-0500,53.063,53.037,0.1,0.1
08.04.2021 08:42:24.166 GMT-0500,53.053000000000004,53.037,0.075,0.1
08.04.2021 08:42:35.303 GMT-0500,53.052,53.028000000000006,0.1,0.1
08.04.2021 08:42:37.433 GMT-0500,53.053000000000004,53.037,0.1,0.0008
08.04.2021 08:42:39.609 GMT-0500,53.052,53.028000000000006,0.1,0.1
08.04.2021 08:42:39.671 GMT-0500,53.043000000000006,53.027,0.0008,0.1
08.04.2021 08:42:45.789 GMT-0500,53.032,53.018,0.1,0.1
08.04.2021 08:42:46.600 GMT-0500,53.022,53.008,0.1,0.1
08.04.2021 08:42:49.707 GMT-0500,53.022,52.998000000000005,0.1,0.1
08.04.2021 08:42:50.550 GMT-0500,53.013000000000005,52.997,0.075,0.1
08.04.2021 08:42:52.585 GMT-0500,53.022,52.998000000000005,0.1,0.1
08.04.2021 08:42:52.635 GMT-0500,53.012,52.998000000000005,0.1,0.1
08.04.2021 08:43:00.949 GMT-0500,53.013000000000005,53.007,0.0008,0.075
08.04.2021 08:43:00.999 GMT-0500,53.033,53.007,0.1,0.1
08.04.2021 08:43:01.299 GMT-0500,53.022,53.008,0.0008,0.1
08.04.2021 08:43:01.975 GMT-0500,53.033,53.007,0.1,0.1
08.04.2021 08:43:03.102 GMT-0500,53.022,53.008,0.1,0.1
08.04.2021 08:43:04.915 GMT-0500,53.032,53.008,0.1,0.1
08.04.2021 08:43:04.965 GMT-0500,53.022,53.008,0.1,0.1
08.04.2021 08:43:05.302 GMT-0500,53.003,52.987,0.1,0.1
08.04.2021 08:43:05.616 GMT-0500,53.013000000000005,52.987,0.1,0.1
08.04.2021 08:43:06.306 GMT-0500,53.012,52.998000000000005,0.1,0.075
08.04.2021 08:43:06.497 GMT-0500,53.022,52.998000000000005,0.1,0.1
08.04.2021 08:43:06.787 GMT-0500,53.022,53.008,0.1,0.1
08.04.2021 08:43:06.888 GMT-0500,53.022,52.998000000000005,0.1,0.1
08.04.2021 08:43:07.917 GMT-0500,53.013000000000005,52.997,0.075,0.1
08.04.2021 08:43:08.067 GMT-0500,53.022,52.998000000000005,0.1,0.1
08.04.2021 08:43:09.561 GMT-0500,53.022,53.008,0.1,0.075
08.04.2021 08:43:09.949 GMT-0500,53.012,52.998000000000005,0.1,0.1
08.04.2021 08:43:10.050 GMT-0500,53.023,52.997,0.1,0.1
08.04.2021 08:43:10.132 GMT-0500,53.023,53.007,0.1,0.075
08.04.2021 08:43:13.690 GMT-0500,53.032,53.018,0.1,0.1
08.04.2021 08:43:14.026 GMT-0500,53.042,53.018,0.1,0.1
08.04.2021 08:43:17.249 GMT-0500,53.032,53.018,0.0008,0.1
08.04.2021 08:43:17.749 GMT-0500,53.023,53.007,0.075,0.1
08.04.2021 08:43:18.073 GMT-0500,53.022,52.998000000000005,0.1,0.1
08.04.2021 08:43:19.560 GMT-0500,53.013000000000005,52.997,0.0008,0.1
08.04.2021 08:43:20.004 GMT-0500,53.012,53.008,0.0008,0.075
08.04.2021 08:43:20.054 GMT-0500,53.023,53.007,0.1,0.1
08.04.2021 08:43:22.613 GMT-0500,53.032,53.008,0.1,0.1
08.04.2021 08:43:22.757 GMT-0500,53.022,53.008,0.1,0.1
08.04.2021 08:43:24.031 GMT-0500,53.033,53.007,0.1,0.1
08.04.2021 08:43:24.386 GMT-0500,53.033,53.016999999999996,0.1,0.0008
08.04.2021 08:43:26.101 GMT-0500,53.033,53.007,0.1,0.1
08.04.2021 08:43:26.282 GMT-0500,53.032,53.018,0.1,0.0008
08.04.2021 08:43:26.661 GMT-0500,53.032,53.008,0.1,0.1
08.04.2021 08:43:29.951 GMT-0500,53.033,53.016999999999996,0.1,0.1
08.04.2021 08:43:30.736 GMT-0500,53.032,53.008,0.1,0.1
08.04.2021 08:43:34.719 GMT-0500,53.023,53.007,0.1,0.1
08.04.2021 08:43:34.909 GMT-0500,53.022,52.998000000000005,0.1,0.1
08.04.2021 08:43:35.120 GMT-0500,53.023,53.007,0.1,0.0008
08.04.2021 08:43:36.908 GMT-0500,53.022,52.998000000000005,0.1,0.1
08.04.2021 08:43:37.679 GMT-0500,53.022,53.008,0.1,0.1
08.04.2021 08:43:38.064 GMT-0500,53.013000000000005,52.997,0.1,0.1
08.04.2021 08:43:38.114 GMT-0500,53.023,52.997,0.1,0.1
08.04.2021 08:43:41.348 GMT-0500,53.032,53.008,0.1,0.1
08.04.2021 08:43:42.189 GMT-0500,53.033,53.016999999999996,0.1,0.1
08.04.2021 08:43:47.519 GMT-0500,53.042,53.028000000000006,0.1,0.1
08.04.2021 08:43:49.106 GMT-0500,53.033,53.016999999999996,0.1,0.1
08.04.2021 08:43:49.278 GMT-0500,53.023,53.007,0.1,0.1
08.04.2021 08:43:49.605 GMT-0500,53.032,53.008,0.1,0.1
08.04.2021 08:43:52.524 GMT-0500,53.033,53.016999999999996,0.1,0.0008
08.04.2021 08:43:52.574 GMT-0500,53.033,53.007,0.1,0.1
08.04.2021 08:43:55.099 GMT-0500,53.033,53.016999999999996,0.1,0.0008
08.04.2021 08:43:57.342 GMT-0500,53.042,53.018,0.1,0.1
08.04.2021 08:44:02.007 GMT-0500,53.043000000000006,53.027,0.1,0.0008
08.04.2021 08:44:05.056 GMT-0500,53.052,53.028000000000006,0.1,0.1
08.04.2021 08:44:05.617 GMT-0500,53.053000000000004,53.037,0.1,0.1
08.04.2021 08:44:05.668 GMT-0500,53.042,53.018,0.1,0.1
08.04.2021 08:44:05.718 GMT-0500,53.043000000000006,53.027,0.1,0.1
08.04.2021 08:44:06.573 GMT-0500,53.043000000000006,53.016999999999996,0.1,0.1
08.04.2021 08:44:07.732 GMT-0500,53.042,53.028000000000006,0.1,0.0008
08.04.2021 08:44:08.453 GMT-0500,53.043000000000006,53.016999999999996,0.1,0.1
08.04.2021 08:44:09.276 GMT-0500,53.042,53.028000000000006,0.1,0.0008
08.04.2021 08:44:14.913 GMT-0500,53.053000000000004,53.037,0.1,0.1
08.04.2021 08:44:16.592 GMT-0500,53.062,53.048,0.1,0.1
08.04.2021 08:44:16.983 GMT-0500,53.072,53.048,0.1,0.1
08.04.2021 08:44:19.536 GMT-0500,53.062,53.048,0.0008,0.1
08.04.2021 08:44:19.686 GMT-0500,53.052,53.038000000000004,0.1,0.1
08.04.2021 08:44:21.326 GMT-0500,53.053000000000004,53.027,0.1,0.1
08.04.2021 08:44:21.690 GMT-0500,53.042,53.028000000000006,0.0008,0.1
08.04.2021 08:44:21.741 GMT-0500,53.052,53.028000000000006,0.1,0.1
08.04.2021 08:44:22.361 GMT-0500,53.042,53.028000000000006,0.075,0.1
08.04.2021 08:44:22.636 GMT-0500,53.052,53.028000000000006,0.1,0.1
08.04.2021 08:44:23.115 GMT-0500,53.052,53.038000000000004,0.1,0.1
08.04.2021 08:44:23.165 GMT-0500,53.052,53.028000000000006,0.1,0.1
08.04.2021 08:44:26.060 GMT-0500,53.053000000000004,53.037,0.1,0.1
08.04.2021 08:44:26.160 GMT-0500,53.063,53.037,0.1,0.1
08.04.2021 08:44:27.265 GMT-0500,53.053000000000004,53.037,0.1,0.1
08.04.2021 08:44:27.548 GMT-0500,53.063,53.037,0.1,0.1
08.04.2021 08:44:27.845 GMT-0500,53.053000000000004,53.037,0.1,0.1
08.04.2021 08:44:27.985 GMT-0500,53.063,53.037,0.1,0.1
08.04.2021 08:44:29.370 GMT-0500,53.052,53.038000000000004,0.0008,0.1
08.04.2021 08:44:29.769 GMT-0500,53.062,53.038000000000004,0.1,0.1
08.04.2021 08:44:29.881 GMT-0500,53.052,53.038000000000004,0.075,0.1
08.04.2021 08:44:30.082 GMT-0500,53.042,53.028000000000006,0.1,0.1
08.04.2021 08:44:31.624 GMT-0500,53.043000000000006,53.016999999999996,0.1,0.1
08.04.2021 08:44:31.731 GMT-0500,53.042,53.028000000000006,0.1,0.0008
08.04.2021 08:44:32.501 GMT-0500,53.042,53.018,0.1,0.1
08.04.2021 08:44:32.729 GMT-0500,53.043000000000006,53.027,0.1,0.0008
08.04.2021 08:44:40.200 GMT-0500,53.053000000000004,53.027,0.1,0.1
08.04.2021 08:44:43.551 GMT-0500,53.053000000000004,53.037,0.1,0.0008
08.04.2021 08:44:43.701 GMT-0500,53.043000000000006,53.027,0.1,0.1
08.04.2021 08:44:43.802 GMT-0500,53.043000000000006,53.016999999999996,0.1,0.1
08.04.2021 08:44:44.456 GMT-0500,53.032,53.018,0.075,0.1
08.04.2021 08:44:45.919 GMT-0500,53.032,53.008,0.1,0.1
08.04.2021 08:44:46.192 GMT-0500,53.033,53.016999999999996,0.1,0.1
08.04.2021 08:44:47.995 GMT-0500,53.032,53.008,0.1,0.1
08.04.2021 08:44:48.612 GMT-0500,53.032,53.018,0.1,0.075
08.04.2021 08:44:48.662 GMT-0500,53.043000000000006,53.016999999999996,0.1,0.1
08.04.2021 08:44:48.918 GMT-0500,53.033,53.016999999999996,0.075,0.1
08.04.2021 08:44:50.237 GMT-0500,53.033,53.007,0.1,0.1
08.04.2021 08:44:51.116 GMT-0500,53.033,53.016999999999996,0.1,0.0008
08.04.2021 08:44:52.242 GMT-0500,53.043000000000006,53.016999999999996,0.1,0.1
08.04.2021 08:44:53.667 GMT-0500,53.032,53.018,0.1,0.1
08.04.2021 08:44:55.751 GMT-0500,53.032,53.008,0.1,0.1
08.04.2021 08:44:59.065 GMT-0500,53.033,53.016999999999996,0.1,0.075
08.04.2021 08:44:59.166 GMT-0500,53.042,53.018,0.1,0.1
08.04.2021 08:44:59.216 GMT-0500,53.033,53.016999999999996,0.1,0.1
08.04.2021 08:45:00.100 GMT-0500,53.032,53.008,0.1,0.1
08.04.2021 08:45:00.223 GMT-0500,53.032,53.018,0.1,0.0008
08.04.2021 08:45:05.471 GMT-0500,53.043000000000006,53.016999999999996,0.1,0.1
08.04.2021 08:45:08.615 GMT-0500,53.033,53.016999999999996,0.0008,0.1
08.04.2021 08:45:10.574 GMT-0500,53.043000000000006,53.027,0.1,0.1
08.04.2021 08:45:16.643 GMT-0500,53.032,53.018,0.1,0.1
08.04.2021 08:45:16.743 GMT-0500,53.033,53.007,0.1,0.1
08.04.2021 08:45:16.822 GMT-0500,53.032,53.018,0.1,0.0008
08.04.2021 08:45:18.113 GMT-0500,53.042,53.018,0.1,0.1
08.04.2021 08:45:23.824 GMT-0500,53.043000000000006,53.027,0.1,0.0008
08.04.2021 08:45:26.633 GMT-0500,53.053000000000004,53.027,0.1,0.1
08.04.2021 08:45:26.683 GMT-0500,53.052,53.038000000000004,0.1,0.1
08.04.2021 08:45:26.734 GMT-0500,53.063,53.037,0.1,0.1
08.04.2021 08:45:27.773 GMT-0500,53.053000000000004,53.037,0.0008,0.1
08.04.2021 08:45:28.231 GMT-0500,53.062,53.038000000000004,0.1,0.1
08.04.2021 08:45:28.307 GMT-0500,53.053000000000004,53.037,0.1,0.1
08.04.2021 08:45:28.909 GMT-0500,53.063,53.037,0.1,0.1
08.04.2021 08:45:31.176 GMT-0500,53.053000000000004,53.037,0.1,0.1
08.04.2021 08:45:31.227 GMT-0500,53.063,53.037,0.1,0.1
08.04.2021 08:45:31.442 GMT-0500,53.052,53.038000000000004,0.075,0.1
08.04.2021 08:45:34.774 GMT-0500,53.063,53.047,0.1,0.1
08.04.2021 08:45:36.193 GMT-0500,53.072,53.048,0.1,0.1
08.04.2021 08:45:36.253 GMT-0500,53.062,53.048,0.0008,0.1
08.04.2021 08:45:37.782 GMT-0500,53.072,53.048,0.1,0.1
08.04.2021 08:45:37.832 GMT-0500,53.073,53.057,0.1,0.1
08.04.2021 08:45:44.631 GMT-0500,53.083000000000006,53.057,0.1,0.1
08.04.2021 08:45:44.811 GMT-0500,53.073,53.057,0.075,0.1
08.04.2021 08:45:49.358 GMT-0500,53.082,53.058,0.1,0.1
08.04.2021 08:45:50.124 GMT-0500,53.082,53.068000000000005,0.1,0.0008
08.04.2021 08:45:50.828 GMT-0500,53.082,53.058,0.1,0.1
08.04.2021 08:45:50.989 GMT-0500,53.082,53.068000000000005,0.1,0.1
08.04.2021 08:45:53.017 GMT-0500,53.082,53.058,0.1,0.1
08.04.2021 08:45:54.167 GMT-0500,53.082,53.068000000000005,0.1,0.0008
08.04.2021 08:45:55.337 GMT-0500,53.092,53.068000000000005,0.1,0.1
08.04.2021 08:45:56.195 GMT-0500,53.082,53.068000000000005,0.0008,0.1
08.04.2021 08:45:59.272 GMT-0500,53.082,53.078,0.075,0.0008
08.04.2021 08:45:59.323 GMT-0500,53.102,53.078,0.1,0.1
08.04.2021 08:46:00.391 GMT-0500,53.102,53.088,0.1,0.1
08.04.2021 08:46:00.543 GMT-0500,53.103,53.077,0.1,0.1
08.04.2021 08:46:03.168 GMT-0500,53.102,53.088,0.1,0.1
08.04.2021 08:46:04.439 GMT-0500,53.103,53.077,0.1,0.1
08.04.2021 08:46:04.628 GMT-0500,53.102,53.088,0.1,0.0008
08.04.2021 08:46:04.779 GMT-0500,53.102,53.078,0.1,0.1
08.04.2021 08:46:04.836 GMT-0500,53.102,53.088,0.1,0.0008
08.04.2021 08:46:05.173 GMT-0500,53.112,53.088,0.1,0.1
08.04.2021 08:46:06.787 GMT-0500,53.102,53.088,0.0008,0.1
08.04.2021 08:46:06.838 GMT-0500,53.112,53.088,0.1,0.1
08.04.2021 08:46:06.888 GMT-0500,53.102,53.088,0.1,0.1
08.04.2021 08:46:07.666 GMT-0500,53.113,53.086999999999996,0.1,0.1
08.04.2021 08:46:11.417 GMT-0500,53.103,53.086999999999996,0.1,0.1
08.04.2021 08:46:12.520 GMT-0500,53.112,53.088,0.1,0.1
08.04.2021 08:46:12.571 GMT-0500,53.113,53.097,0.1,0.1
08.04.2021 08:46:12.930 GMT-0500,53.122,53.098000000000006,0.1,0.1
08.04.2021 08:46:14.273 GMT-0500,53.113,53.097,0.1,0.1
08.04.2021 08:46:14.698 GMT-0500,53.123000000000005,53.097,0.1,0.1
08.04.2021 08:46:15.678 GMT-0500,53.113,53.097,0.1,0.1
08.04.2021 08:46:15.847 GMT-0500,53.122,53.098000000000006,0.1,0.1
08.04.2021 08:46:16.398 GMT-0500,53.113,53.097,0.075,0.1
08.04.2021 08:46:16.448 GMT-0500,53.123000000000005,53.097,0.1,0.1
08.04.2021 08:46:17.205 GMT-0500,53.112,53.098000000000006,0.075,0.1
08.04.2021 08:46:17.690 GMT-0500,53.122,53.098000000000006,0.1,0.1
08.04.2021 08:46:18.460 GMT-0500,53.123000000000005,53.107,0.1,0.1
08.04.2021 08:46:18.618 GMT-0500,53.133,53.107,0.1,0.1
08.04.2021 08:46:20.248 GMT-0500,53.123000000000005,53.107,0.075,0.1
08.04.2021 08:46:20.298 GMT-0500,53.123000000000005,53.097,0.1,0.1
08.04.2021 08:46:20.383 GMT-0500,53.122,53.108000000000004,0.1,0.0008
08.04.2021 08:46:21.793 GMT-0500,53.133,53.107,0.1,0.1
08.04.2021 08:46:23.174 GMT-0500,53.123000000000005,53.107,0.075,0.1
08.04.2021 08:46:23.796 GMT-0500,53.122,53.098000000000006,0.1,0.1
08.04.2021 08:46:23.924 GMT-0500,53.122,53.108000000000004,0.1,0.1
08.04.2021 08:46:29.311 GMT-0500,53.141999999999996,53.118,0.1,0.1
08.04.2021 08:46:29.361 GMT-0500,53.143,53.127,0.1,0.1
08.04.2021 08:46:32.298 GMT-0500,53.152,53.128,0.1,0.1
08.04.2021 08:46:32.481 GMT-0500,53.153000000000006,53.137,0.1,0.1
08.04.2021 08:46:32.632 GMT-0500,53.143,53.127,0.1,0.1
08.04.2021 08:46:32.895 GMT-0500,53.152,53.138000000000005,0.1,0.1
08.04.2021 08:46:33.259 GMT-0500,53.163000000000004,53.137,0.1,0.1
08.04.2021 08:46:33.525 GMT-0500,53.162,53.148,0.1,0.0008
08.04.2021 08:46:33.782 GMT-0500,53.172,53.148,0.1,0.1
08.04.2021 08:46:33.929 GMT-0500,53.172,53.158,0.1,0.0008
08.04.2021 08:46:39.174 GMT-0500,53.192,53.168000000000006,0.1,0.1
08.04.2021 08:46:39.988 GMT-0500,53.192,53.178000000000004,0.1,0.1
08.04.2021 08:46:40.329 GMT-0500,53.192,53.168000000000006,0.1,0.1
08.04.2021 08:46:40.386 GMT-0500,53.192,53.178000000000004,0.1,0.1
08.04.2021 08:46:41.388 GMT-0500,53.193000000000005,53.167,0.1,0.1
08.04.2021 08:46:41.439 GMT-0500,53.193000000000005,53.177,0.1,0.1
08.04.2021 08:46:42.565 GMT-0500,53.202,53.178000000000004,0.1,0.1
08.04.2021 08:46:43.180 GMT-0500,53.193000000000005,53.177,0.075,0.1
08.04.2021 08:46:44.579 GMT-0500,53.202,53.178000000000004,0.1,0.1
08.04.2021 08:46:44.763 GMT-0500,53.202,53.188,0.1,0.1
08.04.2021 08:46:46.058 GMT-0500,53.213,53.187,0.1,0.1
08.04.2021 08:46:51.351 GMT-0500,53.202,53.188,0.0008,0.1
08.04.2021 08:46:52.699 GMT-0500,53.202,53.178000000000004,0.1,0.1
08.04.2021 08:46:52.916 GMT-0500,53.203,53.187,0.1,0.1
08.04.2021 08:46:53.627 GMT-0500,53.203,53.177,0.1,0.1
08.04.2021 08:46:53.678 GMT-0500,53.202,53.188,0.1,0.0008
08.04.2021 08:46:57.299 GMT-0500,53.211999999999996,53.188,0.1,0.1
08.04.2021 08:46:57.801 GMT-0500,53.202,53.188,0.1,0.1
08.04.2021 08:47:02.137 GMT-0500,53.192,53.178000000000004,0.1,0.1
08.04.2021 08:47:07.705 GMT-0500,53.193000000000005,53.167,0.1,0.1
08.04.2021 08:47:07.782 GMT-0500,53.193000000000005,53.177,0.1,0.075
08.04.2021 08:47:10.304 GMT-0500,53.203,53.187,0.1,0.1
08.04.2021 08:47:10.399 GMT-0500,53.213,53.187,0.1,0.1
08.04.2021 08:47:10.866 GMT-0500,53.211999999999996,53.198,0.1,0.1
08.04.2021 08:47:43.802 GMT-0500,53.203,53.187,0.1,0.1
08.04.2021 08:47:48.534 GMT-0500,53.203,53.177,0.1,0.1
08.04.2021 08:47:48.714 GMT-0500,53.193000000000005,53.177,0.1,0.1
08.04.2021 08:47:57.413 GMT-0500,53.202,53.188,0.1,0.1
08.04.2021 08:47:57.530 GMT-0500,53.211999999999996,53.188,0.1,0.1
08.04.2021 08:47:58.376 GMT-0500,53.211999999999996,53.198,0.1,0.0008
08.04.2021 08:47:58.427 GMT-0500,53.211999999999996,53.188,0.1,0.1
08.04.2021 08:47:59.411 GMT-0500,53.213,53.197,0.1,0.075
08.04.2021 08:47:59.857 GMT-0500,53.222,53.198,0.1,0.1
08.04.2021 08:48:00.125 GMT-0500,53.213,53.197,0.075,0.1
08.04.2021 08:48:00.360 GMT-0500,53.222,53.198,0.1,0.1
08.04.2021 08:48:00.697 GMT-0500,53.213,53.197,0.0008,0.1
08.04.2021 08:48:04.122 GMT-0500,53.213,53.187,0.1,0.1
08.04.2021 08:48:04.884 GMT-0500,53.213,53.197,0.1,0.0008
08.04.2021 08:48:05.703 GMT-0500,53.211999999999996,53.188,0.1,0.1
08.04.2021 08:48:05.965 GMT-0500,53.213,53.197,0.1,0.075
08.04.2021 08:48:06.016 GMT-0500,53.223000000000006,53.197,0.1,0.1
08.04.2021 08:48:09.029 GMT-0500,53.211999999999996,53.198,0.075,0.0008
08.04.2021 08:48:10.183 GMT-0500,53.223000000000006,53.197,0.1,0.1
08.04.2021 08:48:12.379 GMT-0500,53.222,53.208000000000006,0.1,0.1
08.04.2021 08:48:12.944 GMT-0500,53.232,53.208000000000006,0.1,0.1
08.04.2021 08:48:14.115 GMT-0500,53.222,53.208000000000006,0.0008,0.1
08.04.2021 08:48:14.393 GMT-0500,53.222,53.198,0.1,0.1
08.04.2021 08:48:15.147 GMT-0500,53.222,53.208000000000006,0.1,0.1
08.04.2021 08:48:16.221 GMT-0500,53.233000000000004,53.207,0.1,0.1
08.04.2021 08:48:16.718 GMT-0500,53.223000000000006,53.207,0.0008,0.1
08.04.2021 08:48:16.768 GMT-0500,53.233000000000004,53.207,0.1,0.1
08.04.2021 08:48:17.518 GMT-0500,53.223000000000006,53.207,0.075,0.1
08.04.2021 08:48:18.569 GMT-0500,53.233000000000004,53.207,0.1,0.1
08.04.2021 08:48:20.543 GMT-0500,53.232,53.218,0.1,0.0008
08.04.2021 08:48:21.796 GMT-0500,53.232,53.208000000000006,0.1,0.1
08.04.2021 08:48:23.090 GMT-0500,53.233000000000004,53.217,0.1,0.0008
08.04.2021 08:48:23.722 GMT-0500,53.242,53.228,0.1,0.1
08.04.2021 08:48:23.773 GMT-0500,53.242,53.218,0.1,0.1
08.04.2021 08:48:23.823 GMT-0500,53.243,53.227,0.1,0.1
08.04.2021 08:48:24.008 GMT-0500,53.243,53.217,0.1,0.1
08.04.2021 08:48:32.013 GMT-0500,53.243,53.227,0.1,0.0008
08.04.2021 08:48:32.163 GMT-0500,53.253,53.227,0.1,0.1
08.04.2021 08:48:32.676 GMT-0500,53.243,53.227,0.075,0.1
08.04.2021 08:48:32.851 GMT-0500,53.252,53.228,0.1,0.1
08.04.2021 08:48:34.859 GMT-0500,53.242,53.228,0.075,0.1
08.04.2021 08:48:34.910 GMT-0500,53.253,53.227,0.1,0.1
08.04.2021 08:48:35.318 GMT-0500,53.242,53.228,0.075,0.1
08.04.2021 08:48:40.515 GMT-0500,53.233000000000004,53.207,0.1,0.1
08.04.2021 08:48:40.866 GMT-0500,53.233000000000004,53.217,0.1,0.0008
08.04.2021 08:48:41.586 GMT-0500,53.243,53.217,0.1,0.1
08.04.2021 08:48:50.211 GMT-0500,53.232,53.218,0.1,0.1
08.04.2021 08:48:50.262 GMT-0500,53.233000000000004,53.207,0.1,0.1
08.04.2021 08:48:51.594 GMT-0500,53.232,53.218,0.1,0.0008
08.04.2021 08:48:52.580 GMT-0500,53.242,53.218,0.1,0.1
08.04.2021 08:49:00.130 GMT-0500,53.233000000000004,53.217,0.075,0.1
08.04.2021 08:49:01.241 GMT-0500,53.223000000000006,53.217,0.0008,0.075
08.04.2021 08:49:01.291 GMT-0500,53.223000000000006,53.197,0.1,0.1
08.04.2021 08:49:01.341 GMT-0500,53.222,53.208000000000006,0.1,0.1
08.04.2021 08:49:02.561 GMT-0500,53.232,53.208000000000006,0.1,0.1
08.04.2021 08:49:11.480 GMT-0500,53.222,53.208000000000006,0.075,0.1
08.04.2021 08:49:11.889 GMT-0500,53.233000000000004,53.207,0.1,0.1
08.04.2021 08:49:17.154 GMT-0500,53.223000000000006,53.207,0.075,0.1
08.04.2021 08:49:18.198 GMT-0500,53.233000000000004,53.207,0.1,0.1
08.04.2021 08:49:22.127 GMT-0500,53.223000000000006,53.207,0.0008,0.1
08.04.2021 08:49:22.809 GMT-0500,53.233000000000004,53.207,0.1,0.1
08.04.2021 08:49:26.043 GMT-0500,53.243,53.217,0.1,0.1
08.04.2021 08:49:26.368 GMT-0500,53.243,53.227,0.1,0.1
08.04.2021 08:49:26.762 GMT-0500,53.252,53.228,0.1,0.1
08.04.2021 08:49:28.184 GMT-0500,53.253,53.237,0.1,0.0008
08.04.2021 08:49:28.285 GMT-0500,53.243,53.227,0.0008,0.1
08.04.2021 08:49:28.766 GMT-0500,53.252,53.228,0.1,0.1
08.04.2021 08:49:30.103 GMT-0500,53.252,53.238,0.1,0.075
08.04.2021 08:49:30.324 GMT-0500,53.253,53.227,0.1,0.1
08.04.2021 08:49:31.140 GMT-0500,53.253,53.237,0.1,0.0008
08.04.2021 08:49:32.484 GMT-0500,53.263000000000005,53.237,0.1,0.1
08.04.2021 08:49:33.553 GMT-0500,53.262,53.248000000000005,0.1,0.075
08.04.2021 08:49:35.390 GMT-0500,53.262,53.238,0.1,0.1
08.04.2021 08:49:37.312 GMT-0500,53.253,53.237,0.1,0.1
08.04.2021 08:49:37.454 GMT-0500,53.252,53.228,0.1,0.1
08.04.2021 08:49:39.061 GMT-0500,53.252,53.238,0.1,0.0008
08.04.2021 08:49:39.178 GMT-0500,53.252,53.228,0.1,0.1
08.04.2021 08:49:40.353 GMT-0500,53.252,53.238,0.1,0.0008
08.04.2021 08:49:40.403 GMT-0500,53.252,53.228,0.1,0.1
08.04.2021 08:49:41.380 GMT-0500,53.252,53.238,0.1,0.1
08.04.2021 08:49:44.222 GMT-0500,53.253,53.227,0.1,0.1
08.04.2021 08:49:46.629 GMT-0500,53.253,53.237,0.1,0.0008
08.04.2021 08:49:51.013 GMT-0500,53.253,53.227,0.1,0.1
08.04.2021 08:49:52.082 GMT-0500,53.253,53.237,0.1,0.0008
08.04.2021 08:49:57.570 GMT-0500,53.253,53.227,0.1,0.1
08.04.2021 08:50:02.802 GMT-0500,53.243,53.227,0.075,0.1
08.04.2021 08:50:04.611 GMT-0500,53.253,53.227,0.1,0.1
08.04.2021 08:50:05.141 GMT-0500,53.242,53.228,0.0008,0.1
08.04.2021 08:50:07.274 GMT-0500,53.242,53.218,0.1,0.1
08.04.2021 08:50:07.910 GMT-0500,53.242,53.228,0.1,0.075
08.04.2021 08:50:15.673 GMT-0500,53.253,53.237,0.1,0.1
08.04.2021 08:50:15.790 GMT-0500,53.252,53.228,0.1,0.1
08.04.2021 08:50:16.361 GMT-0500,53.243,53.227,0.075,0.1
08.04.2021 08:50:16.412 GMT-0500,53.253,53.227,0.1,0.1
08.04.2021 08:50:17.051 GMT-0500,53.243,53.227,0.075,0.1
08.04.2021 08:50:19.932 GMT-0500,53.252,53.228,0.1,0.1
08.04.2021 08:50:20.308 GMT-0500,53.242,53.228,0.075,0.1
08.04.2021 08:50:20.859 GMT-0500,53.253,53.227,0.1,0.1
08.04.2021 08:50:22.737 GMT-0500,53.242,53.228,0.0008,0.1
08.04.2021 08:50:26.084 GMT-0500,53.233000000000004,53.217,0.1,0.1
08.04.2021 08:50:38.062 GMT-0500,53.223000000000006,53.217,0.075,0.0008
08.04.2021 08:50:38.113 GMT-0500,53.223000000000006,53.207,0.1,0.1
08.04.2021 08:50:40.911 GMT-0500,53.232,53.208000000000006,0.1,0.1
08.04.2021 08:50:41.263 GMT-0500,53.222,53.208000000000006,0.075,0.1
08.04.2021 08:50:42.003 GMT-0500,53.223000000000006,53.197,0.1,0.1
08.04.2021 08:50:42.657 GMT-0500,53.222,53.208000000000006,0.1,0.1
08.04.2021 08:50:45.402 GMT-0500,53.233000000000004,53.217,0.1,0.1
08.04.2021 08:50:53.366 GMT-0500,53.232,53.208000000000006,0.1,0.1
08.04.2021 08:50:53.467 GMT-0500,53.222,53.208000000000006,0.1,0.1
08.04.2021 08:50:53.956 GMT-0500,53.211999999999996,53.208000000000006,0.075,0.0008
08.04.2021 08:50:54.006 GMT-0500,53.211999999999996,53.198,0.1,0.1
08.04.2021 08:50:54.750 GMT-0500,53.222,53.198,0.1,0.1
08.04.2021 08:50:54.800 GMT-0500,53.211999999999996,53.198,0.1,0.1
08.04.2021 08:50:54.850 GMT-0500,53.222,53.198,0.1,0.1
08.04.2021 08:50:54.900 GMT-0500,53.213,53.197,0.1,0.1
08.04.2021 08:50:56.428 GMT-0500,53.223000000000006,53.197,0.1,0.1
08.04.2021 08:50:56.543 GMT-0500,53.211999999999996,53.198,0.1,0.1
08.04.2021 08:50:56.896 GMT-0500,53.223000000000006,53.197,0.1,0.1
08.04.2021 08:50:58.789 GMT-0500,53.213,53.197,0.1,0.1
08.04.2021 08:50:59.126 GMT-0500,53.223000000000006,53.197,0.1,0.1
08.04.2021 08:50:59.454 GMT-0500,53.213,53.197,0.0008,0.1
08.04.2021 08:50:59.667 GMT-0500,53.213,53.187,0.1,0.1
08.04.2021 08:51:01.269 GMT-0500,53.211999999999996,53.198,0.1,0.075
08.04.2021 08:51:01.369 GMT-0500,53.211999999999996,53.188,0.1,0.1
08.04.2021 08:51:02.615 GMT-0500,53.203,53.187,0.0008,0.1
08.04.2021 08:51:03.518 GMT-0500,53.213,53.187,0.1,0.1
08.04.2021 08:51:06.591 GMT-0500,53.202,53.188,0.0008,0.1
08.04.2021 08:51:06.949 GMT-0500,53.213,53.187,0.1,0.1
08.04.2021 08:51:11.454 GMT-0500,53.213,53.197,0.1,0.1
08.04.2021 08:51:13.100 GMT-0500,53.211999999999996,53.208000000000006,0.075,0.0008
08.04.2021 08:51:13.151 GMT-0500,53.222,53.208000000000006,0.1,0.1
08.04.2021 08:51:15.308 GMT-0500,53.222,53.198,0.1,0.1
08.04.2021 08:51:16.235 GMT-0500,53.223000000000006,53.207,0.1,0.075
08.04.2021 08:51:16.698 GMT-0500,53.223000000000006,53.197,0.1,0.1
08.04.2021 08:51:16.748 GMT-0500,53.223000000000006,53.207,0.1,0.1
08.04.2021 08:51:16.956 GMT-0500,53.222,53.198,0.1,0.1
08.04.2021 08:51:19.155 GMT-0500,53.223000000000006,53.207,0.1,0.1
08.04.2021 08:51:19.650 GMT-0500,53.223000000000006,53.197,0.1,0.1
08.04.2021 08:51:20.927 GMT-0500,53.213,53.197,0.0008,0.1
08.04.2021 08:51:22.213 GMT-0500,53.222,53.198,0.1,0.1
08.04.2021 08:51:24.072 GMT-0500,53.211999999999996,53.198,0.075,0.1
08.04.2021 08:51:28.138 GMT-0500,53.211999999999996,53.188,0.1,0.1
08.04.2021 08:51:28.580 GMT-0500,53.211999999999996,53.198,0.1,0.0008
08.04.2021 08:51:36.915 GMT-0500,53.211999999999996,53.188,0.1,0.1
08.04.2021 08:51:37.132 GMT-0500,53.211999999999996,53.198,0.1,0.0008
08.04.2021 08:51:37.182 GMT-0500,53.213,53.187,0.1,0.1
08.04.2021 08:51:37.285 GMT-0500,53.213,53.197,0.1,0.1
08.04.2021 08:51:37.394 GMT-0500,53.213,53.187,0.1,0.1
08.04.2021 08:51:39.747 GMT-0500,53.213,53.197,0.1,0.0008
08.04.2021 08:51:43.693 GMT-0500,53.213,53.207,0.075,0.0008
08.04.2021 08:51:43.743 GMT-0500,53.222,53.208000000000006,0.1,0.1
08.04.2021 08:51:43.794 GMT-0500,53.233000000000004,53.207,0.1,0.1
08.04.2021 08:51:45.646 GMT-0500,53.232,53.218,0.1,0.1
08.04.2021 08:51:45.889 GMT-0500,53.233000000000004,53.207,0.1,0.1
08.04.2021 08:51:46.295 GMT-0500,53.232,53.218,0.1,0.0008
08.04.2021 08:51:54.323 GMT-0500,53.233000000000004,53.207,0.1,0.1
08.04.2021 08:51:55.504 GMT-0500,53.233000000000004,53.217,0.1,0.1
08.04.2021 08:51:57.595 GMT-0500,53.232,53.208000000000006,0.1,0.1
08.04.2021 08:51:58.586 GMT-0500,53.223000000000006,53.207,0.0008,0.1
08.04.2021 08:52:03.930 GMT-0500,53.233000000000004,53.207,0.1,0.1
08.04.2021 08:52:08.151 GMT-0500,53.222,53.208000000000006,0.0008,0.1
08.04.2021 08:52:09.513 GMT-0500,53.211999999999996,53.198,0.1,0.1
08.04.2021 08:52:10.423 GMT-0500,53.213,53.187,0.1,0.1
08.04.2021 08:52:11.100 GMT-0500,53.213,53.197,0.1,0.0008
08.04.2021 08:52:11.546 GMT-0500,53.213,53.187,0.1,0.1
08.04.2021 08:52:12.084 GMT-0500,53.211999999999996,53.198,0.1,0.0008
08.04.2021 08:52:13.439 GMT-0500,53.223000000000006,53.197,0.1,0.1
08.04.2021 08:52:13.489 GMT-0500,53.222,53.208000000000006,0.1,0.1
08.04.2021 08:52:13.540 GMT-0500,53.232,53.208000000000006,0.1,0.1
08.04.2021 08:52:13.648 GMT-0500,53.233000000000004,53.217,0.1,0.075
08.04.2021 08:52:13.838 GMT-0500,53.242,53.218,0.1,0.1
08.04.2021 08:52:15.458 GMT-0500,53.232,53.218,0.075,0.1
08.04.2021 08:52:19.341 GMT-0500,53.243,53.217,0.1,0.1
08.04.2021 08:52:22.963 GMT-0500,53.232,53.218,0.0008,0.1
08.04.2021 08:52:23.787 GMT-0500,53.243,53.217,0.1,0.1
08.04.2021 08:52:27.308 GMT-0500,53.232,53.218,0.1,0.1
08.04.2021 08:52:29.453 GMT-0500,53.233000000000004,53.227,0.075,0.0008
08.04.2021 08:52:29.504 GMT-0500,53.243,53.227,0.1,0.1
08.04.2021 08:52:43.066 GMT-0500,53.252,53.238,0.1,0.1
08.04.2021 08:52:43.230 GMT-0500,53.253,53.227,0.1,0.1
08.04.2021 08:52:45.075 GMT-0500,53.252,53.238,0.1,0.0008
08.04.2021 08:52:45.126 GMT-0500,53.263000000000005,53.237,0.1,0.1
08.04.2021 08:52:45.907 GMT-0500,53.253,53.237,0.075,0.1
08.04.2021 08:52:47.262 GMT-0500,53.252,53.248000000000005,0.075,0.0008
08.04.2021 08:52:47.313 GMT-0500,53.263000000000005,53.247,0.1,0.1
08.04.2021 08:52:47.931 GMT-0500,53.273,53.247,0.1,0.1
08.04.2021 08:52:48.130 GMT-0500,53.262,53.248000000000005,0.075,0.1
08.04.2021 08:52:48.180 GMT-0500,53.272,53.248000000000005,0.1,0.1
08.04.2021 08:52:49.057 GMT-0500,53.263000000000005,53.247,0.075,0.1
08.04.2021 08:52:49.937 GMT-0500,53.273,53.247,0.1,0.1
08.04.2021 08:52:50.181 GMT-0500,53.262,53.248000000000005,0.0008,0.1
08.04.2021 08:53:22.135 GMT-0500,53.272,53.258,0.1,0.1
08.04.2021 08:53:27.687 GMT-0500,53.282,53.268,0.1,0.1
08.04.2021 08:53:32.147 GMT-0500,53.292,53.268,0.1,0.1
08.04.2021 08:53:32.197 GMT-0500,53.293000000000006,53.277,0.1,0.1
08.04.2021 08:53:34.169 GMT-0500,53.303000000000004,53.277,0.1,0.1
08.04.2021 08:53:34.220 GMT-0500,53.303000000000004,53.287,0.1,0.1
08.04.2021 08:53:52.749 GMT-0500,53.292,53.268,0.1,0.1
08.04.2021 08:53:52.850 GMT-0500,53.293000000000006,53.277,0.1,0.1
08.04.2021 08:53:54.845 GMT-0500,53.302,53.288000000000004,0.1,0.1
08.04.2021 08:54:00.861 GMT-0500,53.292,53.278000000000006,0.1,0.1
08.04.2021 08:54:01.672 GMT-0500,53.302,53.278000000000006,0.1,0.1
08.04.2021 08:54:02.885 GMT-0500,53.292,53.278000000000006,0.0008,0.1
08.04.2021 08:54:02.935 GMT-0500,53.303000000000004,53.277,0.1,0.1
08.04.2021 08:54:03.176 GMT-0500,53.293000000000006,53.277,0.0008,0.1
08.04.2021 08:54:03.426 GMT-0500,53.303000000000004,53.277,0.1,0.1
08.04.2021 08:54:05.036 GMT-0500,53.293000000000006,53.277,0.0008,0.1
08.04.2021 08:54:08.214 GMT-0500,53.293000000000006,53.266999999999996,0.1,0.1
08.04.2021 08:54:08.264 GMT-0500,53.293000000000006,53.277,0.1,0.1
08.04.2021 08:54:12.793 GMT-0500,53.283,53.266999999999996,0.1,0.1
08.04.2021 08:54:13.506 GMT-0500,53.292,53.278000000000006,0.1,0.1
08.04.2021 08:54:13.615 GMT-0500,53.302,53.278000000000006,0.1,0.1
08.04.2021 08:54:15.053 GMT-0500,53.293000000000006,53.277,0.1,0.1
08.04.2021 08:54:22.812 GMT-0500,53.292,53.268,0.1,0.1
08.04.2021 08:54:22.979 GMT-0500,53.282,53.268,0.1,0.1
08.04.2021 08:54:25.354 GMT-0500,53.292,53.268,0.1,0.1
08.04.2021 08:54:25.431 GMT-0500,53.283,53.266999999999996,0.075,0.1
08.04.2021 08:54:32.086 GMT-0500,53.283,53.277,0.0008,0.075
08.04.2021 08:54:32.136 GMT-0500,53.293000000000006,53.277,0.1,0.1
08.04.2021 08:54:32.930 GMT-0500,53.292,53.288000000000004,0.0008,0.075
08.04.2021 08:54:32.980 GMT-0500,53.302,53.288000000000004,0.1,0.1
08.04.2021 08:54:33.307 GMT-0500,53.302,53.278000000000006,0.1,0.1
08.04.2021 08:54:33.357 GMT-0500,53.292,53.278000000000006,0.1,0.1
08.04.2021 08:54:35.482 GMT-0500,53.303000000000004,53.277,0.1,0.1
08.04.2021 08:54:35.778 GMT-0500,53.292,53.278000000000006,0.075,0.1
08.04.2021 08:54:36.389 GMT-0500,53.302,53.278000000000006,0.1,0.1
08.04.2021 08:54:37.143 GMT-0500,53.293000000000006,53.277,0.1,0.1
08.04.2021 08:54:40.972 GMT-0500,53.302,53.278000000000006,0.1,0.1
08.04.2021 08:54:44.872 GMT-0500,53.292,53.268,0.1,0.1
08.04.2021 08:54:44.974 GMT-0500,53.272,53.258,0.1,0.1
08.04.2021 08:54:45.523 GMT-0500,53.282,53.258,0.1,0.1
08.04.2021 08:54:45.883 GMT-0500,53.283,53.266999999999996,0.1,0.1
08.04.2021 08:54:46.214 GMT-0500,53.293000000000006,53.266999999999996,0.1,0.1
08.04.2021 08:54:47.388 GMT-0500,53.293000000000006,53.277,0.1,0.1
08.04.2021 08:54:49.424 GMT-0500,53.302,53.278000000000006,0.1,0.1
08.04.2021 08:54:49.474 GMT-0500,53.292,53.278000000000006,0.1,0.1
08.04.2021 08:54:50.106 GMT-0500,53.302,53.278000000000006,0.1,0.1
08.04.2021 08:54:50.827 GMT-0500,53.293000000000006,53.277,0.075,0.1
08.04.2021 08:54:51.257 GMT-0500,53.303000000000004,53.277,0.1,0.1
08.04.2021 08:54:51.920 GMT-0500,53.293000000000006,53.277,0.1,0.1
08.04.2021 08:54:51.971 GMT-0500,53.303000000000004,53.277,0.1,0.1
08.04.2021 08:54:52.353 GMT-0500,53.292,53.278000000000006,0.1,0.1
08.04.2021 08:54:52.454 GMT-0500,53.303000000000004,53.277,0.1,0.1
08.04.2021 08:54:52.504 GMT-0500,53.292,53.278000000000006,0.1,0.1
08.04.2021 08:54:53.386 GMT-0500,53.303000000000004,53.277,0.1,0.1
08.04.2021 08:54:53.717 GMT-0500,53.292,53.278000000000006,0.075,0.1
08.04.2021 08:54:58.331 GMT-0500,53.303000000000004,53.277,0.1,0.1
08.04.2021 08:55:00.062 GMT-0500,53.293000000000006,53.277,0.0008,0.1
08.04.2021 08:55:03.098 GMT-0500,53.303000000000004,53.287,0.1,0.1
08.04.2021 08:55:03.622 GMT-0500,53.303000000000004,53.277,0.1,0.1
08.04.2021 08:55:03.672 GMT-0500,53.303000000000004,53.287,0.1,0.1
08.04.2021 08:55:05.512 GMT-0500,53.293000000000006,53.277,0.1,0.1
08.04.2021 08:55:09.882 GMT-0500,53.303000000000004,53.277,0.1,0.1
08.04.2021 08:55:10.686 GMT-0500,53.292,53.278000000000006,0.075,0.1
08.04.2021 08:55:11.470 GMT-0500,53.283,53.266999999999996,0.1,0.1
08.04.2021 08:55:12.527 GMT-0500,53.283,53.257,0.1,0.1
08.04.2021 08:55:16.201 GMT-0500,53.282,53.268,0.1,0.075
08.04.2021 08:55:16.351 GMT-0500,53.283,53.257,0.1,0.1
08.04.2021 08:55:17.426 GMT-0500,53.283,53.266999999999996,0.1,0.0008
08.04.2021 08:55:17.476 GMT-0500,53.282,53.258,0.1,0.1
08.04.2021 08:55:21.247 GMT-0500,53.282,53.268,0.1,0.075
08.04.2021 08:55:22.686 GMT-0500,53.283,53.257,0.1,0.1
08.04.2021 08:55:22.736 GMT-0500,53.282,53.268,0.1,0.1
08.04.2021 08:55:22.982 GMT-0500,53.283,53.257,0.1,0.1
08.04.2021 08:55:23.715 GMT-0500,53.282,53.268,0.1,0.075
08.04.2021 08:55:23.766 GMT-0500,53.282,53.258,0.1,0.1
08.04.2021 08:55:23.939 GMT-0500,53.283,53.266999999999996,0.1,0.1
08.04.2021 08:55:23.989 GMT-0500,53.283,53.257,0.1,0.1
08.04.2021 08:55:24.068 GMT-0500,53.282,53.268,0.1,0.075
08.04.2021 08:55:25.060 GMT-0500,53.283,53.257,0.1,0.1
08.04.2021 08:55:30.738 GMT-0500,53.282,53.268,0.1,0.0008
08.04.2021 08:55:31.522 GMT-0500,53.283,53.257,0.1,0.1
08.04.2021 08:55:38.476 GMT-0500,53.283,53.266999999999996,0.1,0.0008
08.04.2021 08:55:38.784 GMT-0500,53.282,53.258,0.1,0.1
08.04.2021 08:55:42.359 GMT-0500,53.263000000000005,53.247,0.1,0.1
08.04.2021 08:55:45.230 GMT-0500,53.263000000000005,53.237,0.1,0.1
08.04.2021 08:55:45.771 GMT-0500,53.263000000000005,53.247,0.1,0.1
08.04.2021 08:55:45.871 GMT-0500,53.263000000000005,53.237,0.1,0.1
08.04.2021 08:55:46.855 GMT-0500,53.263000000000005,53.247,0.1,0.075
08.04.2021 08:55:47.232 GMT-0500,53.262,53.238,0.1,0.1
08.04.2021 08:55:47.335 GMT-0500,53.262,53.248000000000005,0.1,0.1
08.04.2021 08:55:47.691 GMT-0500,53.263000000000005,53.237,0.1,0.1
08.04.2021 08:55:48.516 GMT-0500,53.262,53.248000000000005,0.1,0.0008
08.04.2021 08:55:48.884 GMT-0500,53.263000000000005,53.237,0.1,0.1
08.04.2021 08:55:49.963 GMT-0500,53.263000000000005,53.247,0.1,0.1
08.04.2021 08:55:50.725 GMT-0500,53.263000000000005,53.237,0.1,0.1
08.04.2021 08:55:51.728 GMT-0500,53.263000000000005,53.247,0.1,0.0008
08.04.2021 08:56:11.603 GMT-0500,53.272,53.258,0.1,0.1
08.04.2021 08:56:13.129 GMT-0500,53.282,53.258,0.1,0.1
08.04.2021 08:56:13.772 GMT-0500,53.282,53.268,0.1,0.0008
08.04.2021 08:56:15.193 GMT-0500,53.282,53.258,0.1,0.1
08.04.2021 08:56:15.243 GMT-0500,53.283,53.266999999999996,0.1,0.1
08.04.2021 08:56:15.293 GMT-0500,53.282,53.258,0.1,0.1
08.04.2021 08:56:15.595 GMT-0500,53.272,53.258,0.1,0.1
08.04.2021 08:56:16.966 GMT-0500,53.272,53.248000000000005,0.1,0.1
08.04.2021 08:56:18.573 GMT-0500,53.272,53.258,0.1,0.0008
08.04.2021 08:56:18.705 GMT-0500,53.273,53.247,0.1,0.1
08.04.2021 08:56:21.825 GMT-0500,53.273,53.257,0.1,0.1
08.04.2021 08:56:21.875 GMT-0500,53.273,53.247,0.1,0.1
08.04.2021 08:56:22.666 GMT-0500,53.272,53.258,0.1,0.075
08.04.2021 08:56:23.545 GMT-0500,53.273,53.247,0.1,0.1
08.04.2021 08:56:25.148 GMT-0500,53.273,53.257,0.1,0.0008
08.04.2021 08:56:26.827 GMT-0500,53.273,53.247,0.1,0.1
08.04.2021 08:56:35.637 GMT-0500,53.263000000000005,53.247,0.1,0.075
08.04.2021 08:56:35.811 GMT-0500,53.252,53.238,0.1,0.1
08.04.2021 08:56:36.893 GMT-0500,53.253,53.227,0.1,0.1
08.04.2021 08:56:38.077 GMT-0500,53.253,53.237,0.1,0.0008
08.04.2021 08:56:39.820 GMT-0500,53.252,53.228,0.1,0.1
08.04.2021 08:56:41.485 GMT-0500,53.242,53.228,0.075,0.1
08.04.2021 08:56:41.585 GMT-0500,53.242,53.218,0.1,0.1
08.04.2021 08:56:41.636 GMT-0500,53.242,53.228,0.1,0.1
08.04.2021 08:56:41.968 GMT-0500,53.243,53.217,0.1,0.1
08.04.2021 08:56:42.018 GMT-0500,53.242,53.228,0.1,0.1
08.04.2021 08:56:43.432 GMT-0500,53.242,53.218,0.1,0.1
08.04.2021 08:56:45.901 GMT-0500,53.232,53.218,0.1,0.1
08.04.2021 08:56:46.004 GMT-0500,53.233000000000004,53.207,0.1,0.1
08.04.2021 08:56:49.715 GMT-0500,53.222,53.208000000000006,0.0008,0.1
08.04.2021 08:56:53.782 GMT-0500,53.233000000000004,53.207,0.1,0.1
08.04.2021 08:56:55.593 GMT-0500,53.223000000000006,53.207,0.0008,0.1
08.04.2021 08:56:58.861 GMT-0500,53.222,53.198,0.1,0.1
08.04.2021 08:56:59.031 GMT-0500,53.222,53.208000000000006,0.1,0.1
08.04.2021 08:56:59.272 GMT-0500,53.223000000000006,53.197,0.1,0.1
08.04.2021 08:56:59.677 GMT-0500,53.222,53.208000000000006,0.1,0.1
08.04.2021 08:57:00.684 GMT-0500,53.222,53.198,0.1,0.1
08.04.2021 08:57:02.132 GMT-0500,53.213,53.197,0.1,0.1
08.04.2021 08:57:17.205 GMT-0500,53.202,53.198,0.075,0.0008
08.04.2021 08:57:17.256 GMT-0500,53.202,53.188,0.1,0.1
08.04.2021 08:57:25.370 GMT-0500,53.203,53.197,0.0008,0.075
08.04.2021 08:57:25.421 GMT-0500,53.211999999999996,53.198,0.1,0.1
08.04.2021 08:57:27.555 GMT-0500,53.222,53.198,0.1,0.1
08.04.2021 08:57:30.374 GMT-0500,53.213,53.197,0.1,0.1
08.04.2021 08:57:34.955 GMT-0500,53.202,53.188,0.1,0.1
08.04.2021 08:57:35.005 GMT-0500,53.213,53.187,0.1,0.1
08.04.2021 08:57:35.211 GMT-0500,53.203,53.187,0.075,0.1
08.04.2021 08:57:37.579 GMT-0500,53.203,53.177,0.1,0.1
08.04.2021 08:57:38.427 GMT-0500,53.202,53.188,0.1,0.0008
08.04.2021 08:57:42.068 GMT-0500,53.202,53.178000000000004,0.1,0.1
08.04.2021 08:57:45.834 GMT-0500,53.203,53.187,0.1,0.1
08.04.2021 08:57:49.142 GMT-0500,53.193000000000005,53.187,0.075,0.0008
08.04.2021 08:57:49.192 GMT-0500,53.192,53.168000000000006,0.1,0.1
08.04.2021 08:57:49.243 GMT-0500,53.192,53.178000000000004,0.1,0.1
08.04.2021 08:57:52.167 GMT-0500,53.193000000000005,53.167,0.1,0.1
08.04.2021 08:57:53.838 GMT-0500,53.193000000000005,53.177,0.1,0.1
08.04.2021 08:57:58.171 GMT-0500,53.192,53.168000000000006,0.1,0.1
08.04.2021 08:57:58.566 GMT-0500,53.193000000000005,53.177,0.1,0.1
08.04.2021 08:57:59.446 GMT-0500,53.192,53.168000000000006,0.1,0.1
08.04.2021 08:58:01.760 GMT-0500,53.183,53.167,0.075,0.1
08.04.2021 08:58:01.910 GMT-0500,53.173,53.157,0.1,0.1
08.04.2021 08:58:04.613 GMT-0500,53.172,53.148,0.1,0.1
08.04.2021 08:58:05.577 GMT-0500,53.163000000000004,53.147,0.075,0.1
08.04.2021 08:58:07.772 GMT-0500,53.152,53.138000000000005,0.1,0.1
08.04.2021 08:58:08.004 GMT-0500,53.153000000000006,53.127,0.1,0.1
08.04.2021 08:58:08.119 GMT-0500,53.153000000000006,53.137,0.1,0.1
08.04.2021 08:58:10.256 GMT-0500,53.153000000000006,53.127,0.1,0.1
08.04.2021 08:58:11.697 GMT-0500,53.152,53.138000000000005,0.1,0.1
08.04.2021 08:58:16.866 GMT-0500,53.153000000000006,53.127,0.1,0.1
08.04.2021 08:58:17.354 GMT-0500,53.152,53.138000000000005,0.1,0.075
08.04.2021 08:58:18.412 GMT-0500,53.153000000000006,53.127,0.1,0.1
08.04.2021 08:58:19.849 GMT-0500,53.152,53.138000000000005,0.1,0.0008
08.04.2021 08:58:20.264 GMT-0500,53.141999999999996,53.128,0.1,0.1
08.04.2021 08:58:22.004 GMT-0500,53.152,53.138000000000005,0.1,0.1
08.04.2021 08:58:22.961 GMT-0500,53.162,53.138000000000005,0.1,0.1
08.04.2021 08:58:27.941 GMT-0500,53.152,53.138000000000005,0.0008,0.1
08.04.2021 08:58:28.042 GMT-0500,53.162,53.138000000000005,0.1,0.1
08.04.2021 08:58:29.673 GMT-0500,53.153000000000006,53.137,0.075,0.1
08.04.2021 08:58:31.390 GMT-0500,53.163000000000004,53.137,0.1,0.1
08.04.2021 08:58:33.255 GMT-0500,53.152,53.138000000000005,0.1,0.1
08.04.2021 08:58:33.465 GMT-0500,53.162,53.138000000000005,0.1,0.1
08.04.2021 08:58:34.692 GMT-0500,53.153000000000006,53.137,0.0008,0.1
08.04.2021 08:58:34.793 GMT-0500,53.163000000000004,53.137,0.1,0.1
08.04.2021 08:58:35.129 GMT-0500,53.152,53.138000000000005,0.075,0.1
08.04.2021 08:58:38.891 GMT-0500,53.141999999999996,53.128,0.1,0.1
08.04.2021 08:58:39.002 GMT-0500,53.141999999999996,53.118,0.1,0.1
08.04.2021 08:58:42.351 GMT-0500,53.141999999999996,53.128,0.1,0.075
08.04.2021 08:58:42.696 GMT-0500,53.152,53.138000000000005,0.1,0.1
08.04.2021 08:58:42.747 GMT-0500,53.163000000000004,53.137,0.1,0.1
08.04.2021 08:58:45.031 GMT-0500,53.153000000000006,53.137,0.075,0.1
08.04.2021 08:58:45.081 GMT-0500,53.152,53.128,0.1,0.1
08.04.2021 08:58:45.424 GMT-0500,53.152,53.138000000000005,0.1,0.1
08.04.2021 08:58:46.609 GMT-0500,53.152,53.128,0.1,0.1
08.04.2021 08:58:48.249 GMT-0500,53.152,53.138000000000005,0.1,0.0008
08.04.2021 08:58:48.413 GMT-0500,53.163000000000004,53.137,0.1,0.1
08.04.2021 08:58:49.550 GMT-0500,53.163000000000004,53.147,0.1,0.0008
08.04.2021 08:58:50.114 GMT-0500,53.172,53.148,0.1,0.1
08.04.2021 08:58:51.145 GMT-0500,53.163000000000004,53.147,0.1,0.1
08.04.2021 08:58:51.517 GMT-0500,53.172,53.148,0.1,0.1
08.04.2021 08:58:54.323 GMT-0500,53.163000000000004,53.147,0.1,0.1
08.04.2021 08:58:54.683 GMT-0500,53.172,53.148,0.1,0.1
08.04.2021 08:58:55.366 GMT-0500,53.163000000000004,53.147,0.1,0.1
08.04.2021 08:58:56.009 GMT-0500,53.173,53.147,0.1,0.1
08.04.2021 08:58:57.030 GMT-0500,53.173,53.157,0.1,0.0008
08.04.2021 08:58:57.973 GMT-0500,53.182,53.168000000000006,0.1,0.1
08.04.2021 08:58:58.109 GMT-0500,53.173,53.157,0.1,0.1
08.04.2021 08:59:00.082 GMT-0500,53.182,53.158,0.1,0.1
08.04.2021 08:59:00.291 GMT-0500,53.172,53.158,0.0008,0.1
08.04.2021 08:59:00.958 GMT-0500,53.183,53.157,0.1,0.1
08.04.2021 08:59:02.082 GMT-0500,53.173,53.147,0.1,0.1
08.04.2021 08:59:05.022 GMT-0500,53.162,53.148,0.1,0.1
08.04.2021 08:59:05.138 GMT-0500,53.163000000000004,53.157,0.075,0.0008
08.04.2021 08:59:05.189 GMT-0500,53.172,53.158,0.1,0.1
08.04.2021 08:59:05.377 GMT-0500,53.183,53.157,0.1,0.1
08.04.2021 08:59:06.382 GMT-0500,53.182,53.168000000000006,0.1,0.0008
08.04.2021 08:59:07.086 GMT-0500,53.193000000000005,53.167,0.1,0.1
08.04.2021 08:59:08.343 GMT-0500,53.183,53.167,0.0008,0.1
08.04.2021 08:59:18.218 GMT-0500,53.183,53.157,0.1,0.1
08.04.2021 08:59:18.356 GMT-0500,53.183,53.167,0.1,0.0008
08.04.2021 08:59:18.780 GMT-0500,53.183,53.157,0.1,0.1
08.04.2021 08:59:18.831 GMT-0500,53.183,53.167,0.1,0.1
08.04.2021 08:59:21.801 GMT-0500,53.193000000000005,53.177,0.1,0.1
08.04.2021 08:59:23.457 GMT-0500,53.202,53.178000000000004,0.1,0.1
08.04.2021 08:59:23.507 GMT-0500,53.192,53.178000000000004,0.1,0.1
08.04.2021 08:59:24.210 GMT-0500,53.202,53.178000000000004,0.1,0.1
08.04.2021 08:59:24.506 GMT-0500,53.193000000000005,53.177,0.075,0.1
08.04.2021 08:59:29.804 GMT-0500,53.203,53.177,0.1,0.1
08.04.2021 08:59:33.528 GMT-0500,53.193000000000005,53.177,0.0008,0.1
08.04.2021 08:59:36.842 GMT-0500,53.182,53.168000000000006,0.1,0.1
08.04.2021 08:59:40.692 GMT-0500,53.182,53.158,0.1,0.1
08.04.2021 08:59:41.277 GMT-0500,53.182,53.168000000000006,0.1,0.075
08.04.2021 08:59:46.023 GMT-0500,53.192,53.168000000000006,0.1,0.1
08.04.2021 08:59:46.591 GMT-0500,53.192,53.178000000000004,0.1,0.1
08.04.2021 08:59:47.220 GMT-0500,53.203,53.177,0.1,0.1
08.04.2021 08:59:47.807 GMT-0500,53.192,53.178000000000004,0.075,0.1
08.04.2021 08:59:51.113 GMT-0500,53.203,53.177,0.1,0.1
08.04.2021 08:59:51.228 GMT-0500,53.193000000000005,53.177,0.1,0.1
08.04.2021 08:59:55.701 GMT-0500,53.193000000000005,53.167,0.1,0.1
08.04.2021 08:59:56.841 GMT-0500,53.193000000000005,53.177,0.1,0.0008
08.04.2021 09:00:11.654 GMT-0500,53.202,53.188,0.1,0.1
08.04.2021 09:00:11.755 GMT-0500,53.213,53.197,0.1,0.1
08.04.2021 09:00:12.181 GMT-0500,53.223000000000006,53.197,0.1,0.1
08.04.2021 09:00:15.752 GMT-0500,53.211999999999996,53.198,0.0008,0.1
08.04.2021 09:00:16.657 GMT-0500,53.223000000000006,53.197,0.1,0.1
08.04.2021 09:00:21.661 GMT-0500,53.211999999999996,53.198,0.1,0.1
08.04.2021 09:00:22.301 GMT-0500,53.222,53.198,0.1,0.1
08.04.2021 09:00:22.351 GMT-0500,53.213,53.197,0.1,0.1
08.04.2021 09:00:23.760 GMT-0500,53.223000000000006,53.197,0.1,0.1
08.04.2021 09:00:25.967 GMT-0500,53.223000000000006,53.207,0.1,0.1
08.04.2021 09:00:37.626 GMT-0500,53.213,53.197,0.1,0.1
08.04.2021 09:00:38.677 GMT-0500,53.223000000000006,53.207,0.1,0.1
08.04.2021 09:00:41.103 GMT-0500,53.222,53.198,0.1,0.1
08.04.2021 09:00:42.490 GMT-0500,53.223000000000006,53.207,0.1,0.0008
08.04.2021 09:00:43.062 GMT-0500,53.222,53.198,0.1,0.1
08.04.2021 09:00:45.674 GMT-0500,53.213,53.197,0.1,0.1
08.04.2021 09:00:56.053 GMT-0500,53.211999999999996,53.208000000000006,0.0008,0.075
08.04.2021 09:00:56.103 GMT-0500,53.223000000000006,53.207,0.1,0.1
08.04.2021 09:00:58.201 GMT-0500,53.223000000000006,53.197,0.1,0.1
08.04.2021 09:00:58.478 GMT-0500,53.222,53.208000000000006,0.1,0.075
08.04.2021 09:01:04.811 GMT-0500,53.223000000000006,53.197,0.1,0.1
08.04.2021 09:01:05.447 GMT-0500,53.222,53.208000000000006,0.1,0.0008
08.04.2021 09:01:10.480 GMT-0500,53.211999999999996,53.198,0.1,0.1
08.04.2021 09:01:12.631 GMT-0500,53.222,53.198,0.1,0.1
08.04.2021 09:01:12.692 GMT-0500,53.211999999999996,53.198,0.075,0.1
08.04.2021 09:01:12.792 GMT-0500,53.222,53.198,0.1,0.1
08.04.2021 09:01:13.060 GMT-0500,53.211999999999996,53.198,0.1,0.1
08.04.2021 09:01:17.908 GMT-0500,53.222,53.198,0.1,0.1
08.04.2021 09:01:23.206 GMT-0500,53.211999999999996,53.198,0.0008,0.1
08.04.2021 09:01:24.036 GMT-0500,53.222,53.198,0.1,0.1
08.04.2021 09:01:24.087 GMT-0500,53.213,53.197,0.1,0.1
08.04.2021 09:01:30.748 GMT-0500,53.203,53.187,0.1,0.1
08.04.2021 09:01:30.849 GMT-0500,53.213,53.187,0.1,0.1
08.04.2021 09:01:30.899 GMT-0500,53.202,53.188,0.1,0.1
08.04.2021 09:01:31.059 GMT-0500,53.211999999999996,53.188,0.1,0.1
08.04.2021 09:01:31.110 GMT-0500,53.202,53.188,0.1,0.1
08.04.2021 09:01:31.160 GMT-0500,53.213,53.187,0.1,0.1
08.04.2021 09:01:31.214 GMT-0500,53.202,53.188,0.0008,0.1
08.04.2021 09:01:31.926 GMT-0500,53.211999999999996,53.188,0.1,0.1
08.04.2021 09:01:33.204 GMT-0500,53.203,53.187,0.1,0.1
08.04.2021 09:01:34.377 GMT-0500,53.193000000000005,53.177,0.1,0.1
08.04.2021 09:01:37.243 GMT-0500,53.202,53.188,0.1,0.1
08.04.2021 09:01:41.530 GMT-0500,53.211999999999996,53.198,0.1,0.1
08.04.2021 09:01:41.580 GMT-0500,53.222,53.198,0.1,0.1
08.04.2021 09:01:42.828 GMT-0500,53.222,53.208000000000006,0.1,0.1
08.04.2021 09:01:42.894 GMT-0500,53.223000000000006,53.197,0.1,0.1
08.04.2021 09:01:42.944 GMT-0500,53.223000000000006,53.207,0.1,0.1
08.04.2021 09:01:45.683 GMT-0500,53.222,53.198,0.1,0.1
08.04.2021 09:01:46.665 GMT-0500,53.211999999999996,53.198,0.0008,0.1
08.04.2021 09:01:47.810 GMT-0500,53.223000000000006,53.197,0.1,0.1
08.04.2021 09:01:49.762 GMT-0500,53.213,53.197,0.075,0.1
08.04.2021 09:01:49.813 GMT-0500,53.222,53.198,0.1,0.1
08.04.2021 09:01:50.382 GMT-0500,53.211999999999996,53.198,0.1,0.1
08.04.2021 09:01:50.499 GMT-0500,53.223000000000006,53.197,0.1,0.1
08.04.2021 09:01:50.607 GMT-0500,53.222,53.208000000000006,0.1,0.075
08.04.2021 09:01:58.640 GMT-0500,53.233000000000004,53.217,0.1,0.1
08.04.2021 09:01:58.794 GMT-0500,53.233000000000004,53.207,0.1,0.1
08.04.2021 09:01:58.844 GMT-0500,53.223000000000006,53.207,0.1,0.1
08.04.2021 09:01:59.710 GMT-0500,53.222,53.198,0.1,0.1
08.04.2021 09:02:00.736 GMT-0500,53.222,53.208000000000006,0.1,0.0008
08.04.2021 09:02:03.004 GMT-0500,53.222,53.218,0.075,0.0008
08.04.2021 09:02:03.055 GMT-0500,53.233000000000004,53.217,0.1,0.1
08.04.2021 09:02:05.931 GMT-0500,53.232,53.208000000000006,0.1,0.1
08.04.2021 09:02:05.981 GMT-0500,53.233000000000004,53.217,0.1,0.1
08.04.2021 09:02:06.306 GMT-0500,53.232,53.208000000000006,0.1,0.1
08.04.2021 09:02:06.364 GMT-0500,53.232,53.218,0.1,0.075
08.04.2021 09:02:07.211 GMT-0500,53.232,53.208000000000006,0.1,0.1
08.04.2021 09:02:08.435 GMT-0500,53.233000000000004,53.217,0.1,0.0008
08.04.2021 09:02:08.627 GMT-0500,53.222,53.208000000000006,0.1,0.1
08.04.2021 09:02:14.891 GMT-0500,53.232,53.208000000000006,0.1,0.1
08.04.2021 09:02:15.259 GMT-0500,53.222,53.208000000000006,0.075,0.1
08.04.2021 09:02:18.716 GMT-0500,53.233000000000004,53.217,0.1,0.1
08.04.2021 09:02:19.112 GMT-0500,53.242,53.218,0.1,0.1
08.04.2021 09:02:21.221 GMT-0500,53.232,53.218,0.0008,0.1
08.04.2021 09:02:22.293 GMT-0500,53.242,53.218,0.1,0.1
08.04.2021 09:02:22.513 GMT-0500,53.232,53.218,0.1,0.1
08.04.2021 09:02:28.086 GMT-0500,53.233000000000004,53.207,0.1,0.1
08.04.2021 09:02:30.884 GMT-0500,53.222,53.208000000000006,0.1,0.1
08.04.2021 09:02:33.040 GMT-0500,53.232,53.208000000000006,0.1,0.1
08.04.2021 09:02:33.551 GMT-0500,53.222,53.208000000000006,0.0008,0.1
08.04.2021 09:02:47.030 GMT-0500,53.211999999999996,53.198,0.1,0.1
08.04.2021 09:02:47.824 GMT-0500,53.223000000000006,53.197,0.1,0.1
08.04.2021 09:02:48.151 GMT-0500,53.211999999999996,53.198,0.075,0.1
08.04.2021 09:02:49.568 GMT-0500,53.213,53.187,0.1,0.1
08.04.2021 09:02:49.669 GMT-0500,53.202,53.188,0.1,0.1
08.04.2021 09:02:53.305 GMT-0500,53.193000000000005,53.177,0.1,0.1
08.04.2021 09:02:54.021 GMT-0500,53.193000000000005,53.167,0.1,0.1
08.04.2021 09:02:54.261 GMT-0500,53.192,53.178000000000004,0.1,0.0008
08.04.2021 09:02:54.613 GMT-0500,53.193000000000005,53.167,0.1,0.1
08.04.2021 09:02:54.941 GMT-0500,53.193000000000005,53.177,0.1,0.1
08.04.2021 09:02:56.517 GMT-0500,53.202,53.178000000000004,0.1,0.1
08.04.2021 09:02:58.246 GMT-0500,53.193000000000005,53.177,0.0008,0.1
08.04.2021 09:02:58.783 GMT-0500,53.192,53.168000000000006,0.1,0.1
08.04.2021 09:03:00.485 GMT-0500,53.193000000000005,53.177,0.1,0.0008
08.04.2021 09:03:01.197 GMT-0500,53.203,53.177,0.1,0.1
08.04.2021 09:03:01.753 GMT-0500,53.193000000000005,53.177,0.0008,0.1
08.04.2021 09:03:03.407 GMT-0500,53.203,53.177,0.1,0.1
08.04.2021 09:03:04.275 GMT-0500,53.192,53.178000000000004,0.1,0.1
08.04.2021 09:03:04.459 GMT-0500,53.202,53.178000000000004,0.1,0.1
08.04.2021 09:03:05.034 GMT-0500,53.193000000000005,53.177,0.1,0.1
08.04.2021 09:03:05.135 GMT-0500,53.203,53.177,0.1,0.1
08.04.2021 09:03:05.336 GMT-0500,53.192,53.178000000000004,0.075,0.1
08.04.2021 09:03:06.126 GMT-0500,53.202,53.188,0.1,0.1
08.04.2021 09:03:14.737 GMT-0500,53.213,53.187,0.1,0.1
08.04.2021 09:03:15.680 GMT-0500,53.213,53.197,0.1,0.1
08.04.2021 09:03:15.898 GMT-0500,53.223000000000006,53.197,0.1,0.1
08.04.2021 09:03:18.123 GMT-0500,53.213,53.197,0.1,0.1
08.04.2021 09:03:18.447 GMT-0500,53.213,53.187,0.1,0.1
08.04.2021 09:03:19.398 GMT-0500,53.213,53.197,0.1,0.0008
08.04.2021 09:03:21.576 GMT-0500,53.223000000000006,53.207,0.1,0.1
08.04.2021 09:03:21.627 GMT-0500,53.222,53.198,0.1,0.1
08.04.2021 09:03:23.407 GMT-0500,53.223000000000006,53.207,0.1,0.0008
08.04.2021 09:03:24.951 GMT-0500,53.223000000000006,53.197,0.1,0.1
08.04.2021 09:03:25.226 GMT-0500,53.222,53.208000000000006,0.1,0.1
08.04.2021 09:03:26.655 GMT-0500,53.222,53.198,0.1,0.1
08.04.2021 09:03:27.177 GMT-0500,53.223000000000006,53.207,0.1,0.1
08.04.2021 09:03:41.812 GMT-0500,53.211999999999996,53.198,0.1,0.1
08.04.2021 09:03:43.492 GMT-0500,53.222,53.198,0.1,0.1
08.04.2021 09:03:44.483 GMT-0500,53.211999999999996,53.198,0.075,0.1
08.04.2021 09:03:45.328 GMT-0500,53.223000000000006,53.197,0.1,0.1
08.04.2021 09:03:46.546 GMT-0500,53.213,53.197,0.1,0.1
08.04.2021 09:03:47.132 GMT-0500,53.222,53.198,0.1,0.1
08.04.2021 09:03:47.311 GMT-0500,53.213,53.197,0.1,0.1
08.04.2021 09:03:54.247 GMT-0500,53.213,53.207,0.075,0.0008
08.04.2021 09:03:54.297 GMT-0500,53.222,53.208000000000006,0.1,0.1
08.04.2021 09:03:57.396 GMT-0500,53.223000000000006,53.197,0.1,0.1
08.04.2021 09:03:57.835 GMT-0500,53.213,53.197,0.1,0.1
08.04.2021 09:04:09.123 GMT-0500,53.211999999999996,53.188,0.1,0.1
08.04.2021 09:04:09.173 GMT-0500,53.203,53.187,0.1,0.1
08.04.2021 09:04:14.214 GMT-0500,53.211999999999996,53.188,0.1,0.1
08.04.2021 09:04:14.977 GMT-0500,53.203,53.187,0.075,0.1
08.04.2021 09:04:18.201 GMT-0500,53.193000000000005,53.187,0.0008,0.075
08.04.2021 09:04:18.252 GMT-0500,53.182,53.168000000000006,0.1,0.1
08.04.2021 09:04:23.742 GMT-0500,53.193000000000005,53.167,0.1,0.1
08.04.2021 09:04:24.740 GMT-0500,53.183,53.167,0.075,0.1
08.04.2021 09:04:28.928 GMT-0500,53.172,53.158,0.1,0.1
08.04.2021 09:04:30.109 GMT-0500,53.182,53.158,0.1,0.1
08.04.2021 09:04:30.529 GMT-0500,53.172,53.158,0.075,0.1
08.04.2021 09:04:33.397 GMT-0500,53.182,53.158,0.1,0.1
08.04.2021 09:04:37.378 GMT-0500,53.173,53.157,0.075,0.1
08.04.2021 09:04:37.672 GMT-0500,53.183,53.157,0.1,0.1
08.04.2021 09:04:40.310 GMT-0500,53.173,53.157,0.075,0.1
08.04.2021 09:04:41.067 GMT-0500,53.183,53.157,0.1,0.1
08.04.2021 09:04:41.314 GMT-0500,53.172,53.158,0.075,0.1
08.04.2021 09:04:43.398 GMT-0500,53.183,53.157,0.1,0.1
08.04.2021 09:04:43.482 GMT-0500,53.172,53.158,0.075,0.1
08.04.2021 09:04:43.804 GMT-0500,53.183,53.157,0.1,0.1
08.04.2021 09:04:44.024 GMT-0500,53.172,53.158,0.075,0.1
08.04.2021 09:04:44.075 GMT-0500,53.183,53.157,0.1,0.1
08.04.2021 09:04:45.374 GMT-0500,53.173,53.157,0.0008,0.1
08.04.2021 09:04:46.309 GMT-0500,53.183,53.157,0.1,0.1
08.04.2021 09:04:46.445 GMT-0500,53.172,53.158,0.0008,0.1
08.04.2021 09:04:47.136 GMT-0500,53.183,53.157,0.1,0.1
08.04.2021 09:04:47.567 GMT-0500,53.173,53.157,0.075,0.1
08.04.2021 09:04:51.171 GMT-0500,53.162,53.158,0.0008,0.075
08.04.2021 09:04:51.225 GMT-0500,53.163000000000004,53.147,0.1,0.1
08.04.2021 09:04:51.485 GMT-0500,53.173,53.147,0.1,0.1
08.04.2021 09:04:52.156 GMT-0500,53.163000000000004,53.147,0.1,0.1
08.04.2021 09:04:52.981 GMT-0500,53.173,53.147,0.1,0.1
08.04.2021 09:04:53.032 GMT-0500,53.163000000000004,53.147,0.1,0.1
08.04.2021 09:04:53.800 GMT-0500,53.173,53.147,0.1,0.1
08.04.2021 09:04:54.064 GMT-0500,53.163000000000004,53.147,0.1,0.1
08.04.2021 09:04:54.243 GMT-0500,53.172,53.148,0.1,0.1
08.04.2021 09:04:54.798 GMT-0500,53.163000000000004,53.147,0.1,0.1
08.04.2021 09:04:55.090 GMT-0500,53.173,53.147,0.1,0.1
08.04.2021 09:04:56.245 GMT-0500,53.163000000000004,53.147,0.075,0.1
08.04.2021 09:04:56.511 GMT-0500,53.173,53.157,0.1,0.1
08.04.2021 09:04:56.853 GMT-0500,53.182,53.158,0.1,0.1
08.04.2021 09:04:59.379 GMT-0500,53.183,53.167,0.1,0.0008
08.04.2021 09:05:03.143 GMT-0500,53.182,53.158,0.1,0.1
08.04.2021 09:05:03.228 GMT-0500,53.182,53.168000000000006,0.1,0.075
08.04.2021 09:05:03.329 GMT-0500,53.182,53.158,0.1,0.1
08.04.2021 09:05:08.918 GMT-0500,53.172,53.158,0.1,0.1
08.04.2021 09:05:10.673 GMT-0500,53.182,53.168000000000006,0.1,0.1
08.04.2021 09:05:12.378 GMT-0500,53.193000000000005,53.177,0.1,0.1
08.04.2021 09:05:13.628 GMT-0500,53.193000000000005,53.167,0.1,0.1
08.04.2021 09:05:13.998 GMT-0500,53.192,53.178000000000004,0.1,0.0008
08.04.2021 09:05:14.152 GMT-0500,53.192,53.168000000000006,0.1,0.1
08.04.2021 09:05:17.513 GMT-0500,53.193000000000005,53.177,0.1,0.0008
08.04.2021 09:05:17.671 GMT-0500,53.193000000000005,53.167,0.1,0.1
08.04.2021 09:05:18.260 GMT-0500,53.192,53.178000000000004,0.1,0.0008
08.04.2021 09:05:18.487 GMT-0500,53.192,53.168000000000006,0.1,0.1
08.04.2021 09:05:22.971 GMT-0500,53.182,53.168000000000006,0.1,0.1
08.04.2021 09:05:27.789 GMT-0500,53.192,53.168000000000006,0.1,0.1
08.04.2021 09:05:28.445 GMT-0500,53.182,53.168000000000006,0.1,0.1
08.04.2021 09:05:28.565 GMT-0500,53.193000000000005,53.167,0.1,0.1
08.04.2021 09:05:28.615 GMT-0500,53.193000000000005,53.177,0.1,0.1
08.04.2021 09:05:30.692 GMT-0500,53.203,53.177,0.1,0.1
08.04.2021 09:05:30.742 GMT-0500,53.203,53.187,0.1,0.1
08.04.2021 09:05:33.082 GMT-0500,53.213,53.187,0.1,0.1
08.04.2021 09:05:33.193 GMT-0500,53.203,53.187,0.1,0.1
08.04.2021 09:05:33.302 GMT-0500,53.211999999999996,53.188,0.1,0.1
08.04.2021 09:05:33.923 GMT-0500,53.213,53.197,0.1,0.1
08.04.2021 09:05:36.162 GMT-0500,53.213,53.187,0.1,0.1
08.04.2021 09:05:37.501 GMT-0500,53.203,53.187,0.075,0.1
08.04.2021 09:05:37.552 GMT-0500,53.202,53.178000000000004,0.1,0.1
08.04.2021 09:05:37.655 GMT-0500,53.192,53.178000000000004,0.1,0.1
08.04.2021 09:05:37.706 GMT-0500,53.202,53.178000000000004,0.1,0.1
08.04.2021 09:05:37.756 GMT-0500,53.203,53.187,0.1,0.1
08.04.2021 09:05:37.911 GMT-0500,53.192,53.178000000000004,0.0008,0.1
08.04.2021 09:05:37.962 GMT-0500,53.202,53.178000000000004,0.1,0.1
08.04.2021 09:05:39.169 GMT-0500,53.192,53.178000000000004,0.1,0.1
08.04.2021 09:05:39.301 GMT-0500,53.202,53.188,0.1,0.1
08.04.2021 09:05:41.129 GMT-0500,53.202,53.198,0.0008,0.075
08.04.2021 09:05:41.180 GMT-0500,53.211999999999996,53.198,0.1,0.1
08.04.2021 09:05:41.349 GMT-0500,53.223000000000006,53.197,0.1,0.1
08.04.2021 09:05:43.563 GMT-0500,53.211999999999996,53.198,0.1,0.1
08.04.2021 09:05:46.094 GMT-0500,53.213,53.207,0.075,0.0008
08.04.2021 09:05:46.145 GMT-0500,53.211999999999996,53.198,0.1,0.1
08.04.2021 09:05:49.466 GMT-0500,53.222,53.198,0.1,0.1
08.04.2021 09:05:49.516 GMT-0500,53.213,53.197,0.1,0.1
08.04.2021 09:05:50.498 GMT-0500,53.211999999999996,53.188,0.1,0.1
08.04.2021 09:05:50.945 GMT-0500,53.203,53.187,0.1,0.1
08.04.2021 09:05:51.657 GMT-0500,53.211999999999996,53.198,0.1,0.1
08.04.2021 09:05:51.832 GMT-0500,53.211999999999996,53.188,0.1,0.1
08.04.2021 09:05:52.290 GMT-0500,53.211999999999996,53.198,0.1,0.075
08.04.2021 09:05:52.741 GMT-0500,53.213,53.187,0.1,0.1
08.04.2021 09:05:56.398 GMT-0500,53.213,53.197,0.1,0.0008
08.04.2021 09:05:57.862 GMT-0500,53.213,53.207,0.0008,0.075
08.04.2021 09:05:57.913 GMT-0500,53.223000000000006,53.207,0.1,0.1
08.04.2021 09:06:07.473 GMT-0500,53.213,53.197,0.1,0.1
08.04.2021 09:06:08.453 GMT-0500,53.223000000000006,53.197,0.1,0.1
08.04.2021 09:06:08.743 GMT-0500,53.223000000000006,53.207,0.1,0.075
08.04.2021 09:06:09.719 GMT-0500,53.223000000000006,53.197,0.1,0.1
08.04.2021 09:06:09.902 GMT-0500,53.222,53.208000000000006,0.1,0.075
08.04.2021 09:06:11.681 GMT-0500,53.222,53.198,0.1,0.1
08.04.2021 09:06:11.799 GMT-0500,53.223000000000006,53.207,0.1,0.0008
08.04.2021 09:06:16.565 GMT-0500,53.222,53.218,0.075,0.0008
08.04.2021 09:06:16.615 GMT-0500,53.222,53.208000000000006,0.1,0.1
08.04.2021 09:06:18.047 GMT-0500,53.232,53.208000000000006,0.1,0.1
08.04.2021 09:06:18.198 GMT-0500,53.232,53.218,0.1,0.1
08.04.2021 09:06:20.994 GMT-0500,53.243,53.217,0.1,0.1
08.04.2021 09:06:24.107 GMT-0500,53.243,53.227,0.1,0.075
08.04.2021 09:06:24.208 GMT-0500,53.242,53.218,0.1,0.1
08.04.2021 09:06:24.582 GMT-0500,53.243,53.227,0.1,0.075
08.04.2021 09:06:26.895 GMT-0500,53.243,53.217,0.1,0.1
08.04.2021 09:06:27.027 GMT-0500,53.232,53.218,0.1,0.1
08.04.2021 09:06:27.272 GMT-0500,53.243,53.227,0.1,0.1
08.04.2021 09:06:30.265 GMT-0500,53.252,53.228,0.1,0.1
08.04.2021 09:06:32.012 GMT-0500,53.242,53.228,0.075,0.1
08.04.2021 09:06:32.544 GMT-0500,53.252,53.228,0.1,0.1
08.04.2021 09:06:34.100 GMT-0500,53.243,53.227,0.075,0.1
