Local time,Ask,Bid,AskVolume,BidVolume
07.04.2021 08:30:00.216 GMT-0500,31.022,30.978,0.1,0.075
07.04.2021 08:30:00.705 GMT-0500,31.041999999999998,30.998,0.1,0.0008
07.04.2021 08:30:00.756 GMT-0500,31.041999999999998,31.008000000000003,0.1,0.1
07.04.2021 08:30:00.964 GMT-0500,31.032,31.008000000000003,0.1,0.1
07.04.2021 08:30:01.014 GMT-0500,31.041999999999998,30.998,0.1,0.1
07.04.2021 08:30:01.474 GMT-0500,31.041999999999998,31.018000000000004,0.1,0.075
07.04.2021 08:30:01.525 GMT-0500,31.041999999999998,30.998,0.1,0.1
07.04.2021 08:30:02.945 GMT-0500,31.041999999999998,30.998,0.1,0.0008
07.04.2021 08:30:02.995 GMT-0500,31.041999999999998,30.988000000000003,0.1,0.1
07.04.2021 08:30:04.155 GMT-0500,31.013,30.987,0.1,0.1
07.04.2021 08:30:04.205 GMT-0500,31.041999999999998,30.988000000000003,0.1,0.1
07.04.2021 08:30:04.256 GMT-0500,31.013,30.987,0.1,0.1
07.04.2021 08:30:04.306 GMT-0500,31.041999999999998,30.988000000000003,0.1,0.1
07.04.2021 08:30:06.989 GMT-0500,31.032,30.988000000000003,0.1,0.1
07.04.2021 08:30:07.166 GMT-0500,31.041999999999998,30.988000000000003,0.1,0.1
07.04.2021 08:30:07.956 GMT-0500,31.033,30.987,0.0008,0.1
07.04.2021 08:30:08.057 GMT-0500,31.043000000000003,30.987,0.1,0.1
07.04.2021 08:30:22.295 GMT-0500,31.013,30.987,0.1,0.1
07.04.2021 08:30:24.489 GMT-0500,31.013,30.997,0.1,0.0008
07.04.2021 08:30:30.475 GMT-0500,31.033,31.006999999999998,0.1,0.0008
07.04.2021 08:30:30.525 GMT-0500,31.032,31.008000000000003,0.1,0.1
07.04.2021 08:30:30.669 GMT-0500,31.032,31.018000000000004,0.1,0.075
07.04.2021 08:30:30.719 GMT-0500,31.041999999999998,31.018000000000004,0.1,0.1
07.04.2021 08:30:30.772 GMT-0500,31.032,31.018000000000004,0.0008,0.075
07.04.2021 08:30:30.872 GMT-0500,31.032,31.008000000000003,0.1,0.1
07.04.2021 08:30:32.605 GMT-0500,31.023000000000003,31.006999999999998,0.0008,0.1
07.04.2021 08:30:33.128 GMT-0500,31.023000000000003,31.006999999999998,0.1,0.0008
07.04.2021 08:30:33.178 GMT-0500,31.012,30.998,0.1,0.1
07.04.2021 08:30:37.813 GMT-0500,31.012,30.988000000000003,0.1,0.1
07.04.2021 08:30:37.864 GMT-0500,31.013,30.997,0.1,0.1
07.04.2021 08:30:42.285 GMT-0500,31.023000000000003,31.006999999999998,0.1,0.1
07.04.2021 08:30:50.759 GMT-0500,31.032,31.008000000000003,0.1,0.1
07.04.2021 08:30:51.461 GMT-0500,31.023000000000003,31.006999999999998,0.0008,0.075
07.04.2021 08:30:51.511 GMT-0500,31.023000000000003,30.997,0.1,0.1
07.04.2021 08:30:51.767 GMT-0500,31.022,31.008000000000003,0.1,0.075
07.04.2021 08:30:51.991 GMT-0500,31.043000000000003,31.017,0.1,0.1
07.04.2021 08:30:52.041 GMT-0500,31.033,31.006999999999998,0.1,0.1
07.04.2021 08:30:52.507 GMT-0500,31.023000000000003,31.006999999999998,0.0008,0.1
07.04.2021 08:30:52.607 GMT-0500,31.022,30.998,0.1,0.1
07.04.2021 08:30:52.839 GMT-0500,31.023000000000003,31.006999999999998,0.1,0.1
07.04.2021 08:30:54.031 GMT-0500,31.023000000000003,30.997,0.1,0.1
07.04.2021 08:30:54.086 GMT-0500,31.022,31.008000000000003,0.1,0.0008
07.04.2021 08:30:55.107 GMT-0500,31.013,30.997,0.1,0.1
07.04.2021 08:31:00.490 GMT-0500,31.022,31.008000000000003,0.1,0.0008
07.04.2021 08:31:00.541 GMT-0500,31.022,31.008000000000003,0.1,0.1
07.04.2021 08:31:02.451 GMT-0500,31.033,31.006999999999998,0.1,0.1
07.04.2021 08:31:03.399 GMT-0500,31.033,31.017,0.1,0.1
07.04.2021 08:31:03.716 GMT-0500,31.022,31.018000000000004,0.0008,0.075
07.04.2021 08:31:03.766 GMT-0500,31.033,31.006999999999998,0.1,0.1
07.04.2021 08:31:04.300 GMT-0500,31.032,31.008000000000003,0.1,0.1
07.04.2021 08:31:05.690 GMT-0500,31.023000000000003,31.006999999999998,0.1,0.0008
07.04.2021 08:31:05.741 GMT-0500,31.003000000000004,30.987,0.1,0.1
07.04.2021 08:31:05.841 GMT-0500,31.013,30.987,0.1,0.1
07.04.2021 08:31:05.891 GMT-0500,31.013,30.997,0.1,0.1
07.04.2021 08:31:05.942 GMT-0500,31.013,30.987,0.1,0.1
07.04.2021 08:31:06.043 GMT-0500,31.003000000000004,30.987,0.1,0.1
07.04.2021 08:31:07.613 GMT-0500,30.993000000000002,30.977,0.1,0.1
07.04.2021 08:31:07.663 GMT-0500,31.002,30.978,0.1,0.1
07.04.2021 08:31:07.714 GMT-0500,31.013,30.987,0.1,0.1
07.04.2021 08:31:08.036 GMT-0500,31.002,30.988000000000003,0.1,0.1
07.04.2021 08:31:10.643 GMT-0500,31.012,30.988000000000003,0.1,0.1
07.04.2021 08:31:10.693 GMT-0500,31.013,30.997,0.1,0.1
07.04.2021 08:31:11.376 GMT-0500,31.022,30.998,0.1,0.1
07.04.2021 08:31:11.426 GMT-0500,31.022,31.008000000000003,0.1,0.1
07.04.2021 08:31:12.359 GMT-0500,31.022,31.018000000000004,0.0008,0.075
07.04.2021 08:31:12.410 GMT-0500,31.032,31.018000000000004,0.1,0.1
07.04.2021 08:31:12.653 GMT-0500,31.041999999999998,31.028000000000002,0.1,0.1
07.04.2021 08:31:12.754 GMT-0500,31.041999999999998,31.018000000000004,0.1,0.1
07.04.2021 08:31:13.183 GMT-0500,31.043000000000003,31.026999999999997,0.1,0.1
07.04.2021 08:31:15.306 GMT-0500,31.053,31.026999999999997,0.1,0.1
07.04.2021 08:31:15.757 GMT-0500,31.053,31.037,0.1,0.075
07.04.2021 08:31:17.273 GMT-0500,31.063000000000002,31.047,0.1,0.0008
07.04.2021 08:31:17.323 GMT-0500,31.063000000000002,31.037,0.1,0.1
07.04.2021 08:31:17.648 GMT-0500,31.061999999999998,31.048000000000002,0.1,0.0008
07.04.2021 08:31:18.785 GMT-0500,31.073000000000004,31.047,0.1,0.1
07.04.2021 08:31:18.836 GMT-0500,31.073000000000004,31.057,0.1,0.1
07.04.2021 08:31:18.945 GMT-0500,31.072,31.048000000000002,0.1,0.1
07.04.2021 08:31:20.714 GMT-0500,31.073000000000004,31.047,0.1,0.1
07.04.2021 08:31:21.249 GMT-0500,31.072,31.048000000000002,0.1,0.1
07.04.2021 08:31:21.583 GMT-0500,31.081999999999997,31.058000000000003,0.1,0.0008
07.04.2021 08:31:21.633 GMT-0500,31.083000000000002,31.057,0.1,0.1
07.04.2021 08:31:22.089 GMT-0500,31.073000000000004,31.057,0.1,0.1
07.04.2021 08:31:22.139 GMT-0500,31.083000000000002,31.057,0.1,0.1
07.04.2021 08:31:22.711 GMT-0500,31.073000000000004,31.057,0.0008,0.075
07.04.2021 08:31:22.762 GMT-0500,31.073000000000004,31.047,0.1,0.1
07.04.2021 08:31:23.481 GMT-0500,31.081999999999997,31.058000000000003,0.1,0.0008
07.04.2021 08:31:23.809 GMT-0500,31.083000000000002,31.057,0.1,0.1
07.04.2021 08:31:29.919 GMT-0500,31.072,31.058000000000003,0.1,0.1
07.04.2021 08:31:30.140 GMT-0500,31.083000000000002,31.057,0.1,0.1
07.04.2021 08:31:32.172 GMT-0500,31.073000000000004,31.057,0.1,0.1
07.04.2021 08:31:49.218 GMT-0500,31.081999999999997,31.058000000000003,0.1,0.1
07.04.2021 08:31:49.486 GMT-0500,31.081999999999997,31.068,0.1,0.0008
07.04.2021 08:31:50.916 GMT-0500,31.083000000000002,31.057,0.1,0.1
07.04.2021 08:31:51.075 GMT-0500,31.081999999999997,31.068,0.1,0.075
07.04.2021 08:32:03.167 GMT-0500,31.092,31.078000000000003,0.1,0.1
07.04.2021 08:32:03.636 GMT-0500,31.092,31.068,0.1,0.1
07.04.2021 08:32:03.765 GMT-0500,31.093000000000004,31.076999999999998,0.1,0.1
07.04.2021 08:32:04.052 GMT-0500,31.092,31.068,0.1,0.1
07.04.2021 08:32:06.533 GMT-0500,31.092,31.078000000000003,0.1,0.1
07.04.2021 08:32:06.583 GMT-0500,31.093000000000004,31.067,0.1,0.1
07.04.2021 08:32:06.967 GMT-0500,31.093000000000004,31.076999999999998,0.1,0.0008
07.04.2021 08:32:08.012 GMT-0500,31.093000000000004,31.067,0.1,0.1
07.04.2021 08:32:08.384 GMT-0500,31.092,31.078000000000003,0.1,0.075
07.04.2021 08:32:16.879 GMT-0500,31.092,31.068,0.1,0.1
07.04.2021 08:32:18.100 GMT-0500,31.093000000000004,31.067,0.1,0.1
07.04.2021 08:32:20.728 GMT-0500,31.072,31.068,0.0008,0.075
07.04.2021 08:32:20.779 GMT-0500,31.072,31.058000000000003,0.1,0.1
07.04.2021 08:32:24.733 GMT-0500,31.063000000000002,31.057,0.0008,0.075
07.04.2021 08:32:24.784 GMT-0500,31.063000000000002,31.047,0.1,0.1
07.04.2021 08:32:27.540 GMT-0500,31.061999999999998,31.058000000000003,0.0008,0.075
07.04.2021 08:32:27.591 GMT-0500,31.072,31.058000000000003,0.1,0.1
07.04.2021 08:32:29.813 GMT-0500,31.081999999999997,31.058000000000003,0.1,0.1
07.04.2021 08:32:30.062 GMT-0500,31.073000000000004,31.057,0.1,0.1
07.04.2021 08:32:31.728 GMT-0500,31.081999999999997,31.068,0.1,0.0008
07.04.2021 08:32:31.779 GMT-0500,31.081999999999997,31.068,0.1,0.1
07.04.2021 08:32:59.114 GMT-0500,31.073000000000004,31.057,0.1,0.1
07.04.2021 08:33:03.031 GMT-0500,31.063000000000002,31.047,0.1,0.1
07.04.2021 08:33:05.577 GMT-0500,31.072,31.058000000000003,0.1,0.0008
07.04.2021 08:33:05.627 GMT-0500,31.073000000000004,31.057,0.1,0.1
07.04.2021 08:33:11.429 GMT-0500,31.072,31.048000000000002,0.1,0.1
07.04.2021 08:33:11.769 GMT-0500,31.072,31.058000000000003,0.1,0.0008
07.04.2021 08:33:12.216 GMT-0500,31.081999999999997,31.068,0.1,0.0008
07.04.2021 08:33:12.266 GMT-0500,31.081999999999997,31.068,0.1,0.1
07.04.2021 08:33:12.657 GMT-0500,31.081999999999997,31.058000000000003,0.1,0.1
07.04.2021 08:33:12.944 GMT-0500,31.081999999999997,31.068,0.1,0.0008
07.04.2021 08:33:15.458 GMT-0500,31.083000000000002,31.057,0.1,0.1
07.04.2021 08:33:16.086 GMT-0500,31.081999999999997,31.068,0.1,0.075
07.04.2021 08:33:17.119 GMT-0500,31.092,31.078000000000003,0.1,0.1
07.04.2021 08:33:18.021 GMT-0500,31.102,31.078000000000003,0.1,0.1
07.04.2021 08:33:18.229 GMT-0500,31.093000000000004,31.076999999999998,0.1,0.1
07.04.2021 08:33:19.130 GMT-0500,31.103,31.076999999999998,0.1,0.1
07.04.2021 08:33:19.578 GMT-0500,31.092,31.078000000000003,0.0008,0.1
07.04.2021 08:33:29.780 GMT-0500,31.102,31.078000000000003,0.1,0.1
07.04.2021 08:33:29.849 GMT-0500,31.093000000000004,31.076999999999998,0.1,0.1
07.04.2021 08:33:30.261 GMT-0500,31.102,31.078000000000003,0.1,0.1
07.04.2021 08:33:30.502 GMT-0500,31.092,31.078000000000003,0.0008,0.1
07.04.2021 08:33:30.794 GMT-0500,31.102,31.078000000000003,0.1,0.1
07.04.2021 08:33:31.101 GMT-0500,31.102,31.088,0.1,0.1
07.04.2021 08:33:39.723 GMT-0500,31.102,31.078000000000003,0.1,0.1
07.04.2021 08:33:45.182 GMT-0500,31.103,31.087,0.1,0.0008
07.04.2021 08:33:46.153 GMT-0500,31.113000000000003,31.096999999999998,0.1,0.1
07.04.2021 08:33:47.113 GMT-0500,31.123,31.096999999999998,0.1,0.1
07.04.2021 08:33:48.616 GMT-0500,31.122,31.108000000000004,0.1,0.1
07.04.2021 08:34:05.743 GMT-0500,31.133000000000003,31.116999999999997,0.1,0.1
07.04.2021 08:34:08.833 GMT-0500,31.123,31.107,0.1,0.1
07.04.2021 08:34:10.566 GMT-0500,31.123,31.096999999999998,0.1,0.1
07.04.2021 08:34:10.728 GMT-0500,31.131999999999998,31.118000000000002,0.1,0.1
07.04.2021 08:34:23.802 GMT-0500,31.131999999999998,31.108000000000004,0.1,0.1
07.04.2021 08:34:25.672 GMT-0500,31.133000000000003,31.116999999999997,0.1,0.1
07.04.2021 08:34:25.773 GMT-0500,31.143000000000004,31.127,0.1,0.1
07.04.2021 08:34:32.294 GMT-0500,31.133000000000003,31.116999999999997,0.1,0.1
07.04.2021 08:34:34.394 GMT-0500,31.131999999999998,31.108000000000004,0.1,0.1
07.04.2021 08:34:34.937 GMT-0500,31.131999999999998,31.118000000000002,0.1,0.075
07.04.2021 08:34:35.466 GMT-0500,31.131999999999998,31.108000000000004,0.1,0.1
07.04.2021 08:34:36.126 GMT-0500,31.122,31.108000000000004,0.1,0.1
07.04.2021 08:34:36.376 GMT-0500,31.133000000000003,31.107,0.1,0.1
07.04.2021 08:34:36.504 GMT-0500,31.133000000000003,31.116999999999997,0.1,0.0008
07.04.2021 08:34:36.554 GMT-0500,31.131999999999998,31.108000000000004,0.1,0.1
07.04.2021 08:34:37.960 GMT-0500,31.133000000000003,31.116999999999997,0.1,0.1
07.04.2021 08:34:38.273 GMT-0500,31.133000000000003,31.107,0.1,0.1
07.04.2021 08:34:40.472 GMT-0500,31.122,31.108000000000004,0.1,0.1
07.04.2021 08:34:41.870 GMT-0500,31.122,31.118000000000002,0.0008,0.075
07.04.2021 08:34:41.920 GMT-0500,31.133000000000003,31.116999999999997,0.1,0.1
07.04.2021 08:34:44.720 GMT-0500,31.133000000000003,31.107,0.1,0.1
07.04.2021 08:34:47.788 GMT-0500,31.131999999999998,31.118000000000002,0.1,0.1
07.04.2021 08:34:49.485 GMT-0500,31.142,31.118000000000002,0.1,0.1
07.04.2021 08:34:49.535 GMT-0500,31.133000000000003,31.116999999999997,0.1,0.1
07.04.2021 08:34:54.542 GMT-0500,31.142,31.128000000000004,0.1,0.1
07.04.2021 08:34:56.552 GMT-0500,31.142,31.118000000000002,0.1,0.1
07.04.2021 08:34:57.012 GMT-0500,31.142,31.128000000000004,0.1,0.0008
07.04.2021 08:35:01.947 GMT-0500,31.131999999999998,31.128000000000004,0.0008,0.075
07.04.2021 08:35:01.997 GMT-0500,31.131999999999998,31.118000000000002,0.1,0.1
07.04.2021 08:35:06.143 GMT-0500,31.142,31.128000000000004,0.1,0.0008
07.04.2021 08:35:06.194 GMT-0500,31.142,31.128000000000004,0.1,0.1
07.04.2021 08:35:07.437 GMT-0500,31.131999999999998,31.118000000000002,0.1,0.1
07.04.2021 08:35:07.538 GMT-0500,31.142,31.128000000000004,0.1,0.1
07.04.2021 08:35:14.656 GMT-0500,31.131999999999998,31.118000000000002,0.1,0.1
07.04.2021 08:35:19.664 GMT-0500,31.143000000000004,31.116999999999997,0.1,0.1
07.04.2021 08:35:19.947 GMT-0500,31.143000000000004,31.127,0.1,0.0008
07.04.2021 08:35:28.023 GMT-0500,31.153000000000002,31.137,0.1,0.1
07.04.2021 08:35:28.926 GMT-0500,31.142,31.128000000000004,0.1,0.1
07.04.2021 08:35:28.976 GMT-0500,31.153000000000002,31.127,0.1,0.1
07.04.2021 08:35:29.027 GMT-0500,31.142,31.128000000000004,0.1,0.1
07.04.2021 08:35:30.240 GMT-0500,31.151999999999997,31.128000000000004,0.1,0.1
07.04.2021 08:35:30.571 GMT-0500,31.153000000000002,31.137,0.1,0.1
07.04.2021 08:35:30.830 GMT-0500,31.142,31.128000000000004,0.1,0.1
07.04.2021 08:35:30.990 GMT-0500,31.153000000000002,31.137,0.1,0.1
07.04.2021 08:35:32.647 GMT-0500,31.142,31.128000000000004,0.1,0.1
07.04.2021 08:35:32.748 GMT-0500,31.151999999999997,31.138,0.1,0.1
07.04.2021 08:35:34.834 GMT-0500,31.143000000000004,31.137,0.0008,0.075
07.04.2021 08:35:34.885 GMT-0500,31.143000000000004,31.127,0.1,0.1
07.04.2021 08:35:44.192 GMT-0500,31.151999999999997,31.128000000000004,0.1,0.1
07.04.2021 08:35:44.293 GMT-0500,31.142,31.128000000000004,0.1,0.1
07.04.2021 08:35:48.519 GMT-0500,31.151999999999997,31.128000000000004,0.1,0.1
07.04.2021 08:35:49.081 GMT-0500,31.142,31.128000000000004,0.1,0.1
07.04.2021 08:35:57.090 GMT-0500,31.151999999999997,31.128000000000004,0.1,0.1
07.04.2021 08:35:57.190 GMT-0500,31.143000000000004,31.127,0.1,0.1
07.04.2021 08:36:00.107 GMT-0500,31.131999999999998,31.118000000000002,0.1,0.1
07.04.2021 08:36:00.214 GMT-0500,31.142,31.118000000000002,0.1,0.1
07.04.2021 08:36:00.264 GMT-0500,31.131999999999998,31.118000000000002,0.1,0.1
07.04.2021 08:36:03.007 GMT-0500,31.142,31.128000000000004,0.1,0.1
07.04.2021 08:36:06.096 GMT-0500,31.142,31.118000000000002,0.1,0.1
07.04.2021 08:36:06.235 GMT-0500,31.142,31.128000000000004,0.1,0.075
07.04.2021 08:36:06.606 GMT-0500,31.131999999999998,31.118000000000002,0.1,0.1
07.04.2021 08:36:09.119 GMT-0500,31.143000000000004,31.127,0.1,0.1
07.04.2021 08:36:23.306 GMT-0500,31.133000000000003,31.116999999999997,0.1,0.1
07.04.2021 08:36:24.063 GMT-0500,31.123,31.116999999999997,0.0008,0.075
07.04.2021 08:36:24.113 GMT-0500,31.123,31.107,0.1,0.1
07.04.2021 08:36:24.214 GMT-0500,31.131999999999998,31.108000000000004,0.1,0.1
07.04.2021 08:36:24.314 GMT-0500,31.133000000000003,31.116999999999997,0.1,0.1
07.04.2021 08:36:24.528 GMT-0500,31.131999999999998,31.108000000000004,0.1,0.1
07.04.2021 08:36:25.605 GMT-0500,31.112,31.098000000000003,0.1,0.1
07.04.2021 08:36:25.656 GMT-0500,31.123,31.096999999999998,0.1,0.1
07.04.2021 08:36:25.857 GMT-0500,31.112,31.098000000000003,0.1,0.1
07.04.2021 08:36:32.348 GMT-0500,31.112,31.088,0.1,0.1
07.04.2021 08:36:32.485 GMT-0500,31.102,31.088,0.1,0.1
07.04.2021 08:36:32.906 GMT-0500,31.112,31.098000000000003,0.1,0.1
07.04.2021 08:36:35.791 GMT-0500,31.102,31.088,0.1,0.1
07.04.2021 08:36:38.955 GMT-0500,31.093000000000004,31.076999999999998,0.1,0.1
07.04.2021 08:36:39.055 GMT-0500,31.103,31.076999999999998,0.1,0.1
07.04.2021 08:36:42.257 GMT-0500,31.103,31.087,0.1,0.1
07.04.2021 08:36:45.091 GMT-0500,31.092,31.078000000000003,0.1,0.1
07.04.2021 08:36:46.939 GMT-0500,31.083000000000002,31.067,0.1,0.1
07.04.2021 08:36:57.854 GMT-0500,31.083000000000002,31.057,0.1,0.1
07.04.2021 08:36:58.546 GMT-0500,31.081999999999997,31.068,0.1,0.0008
07.04.2021 08:36:58.719 GMT-0500,31.081999999999997,31.058000000000003,0.1,0.1
07.04.2021 08:36:59.040 GMT-0500,31.081999999999997,31.068,0.1,0.1
07.04.2021 08:36:59.145 GMT-0500,31.081999999999997,31.058000000000003,0.1,0.1
07.04.2021 08:36:59.288 GMT-0500,31.083000000000002,31.067,0.1,0.075
07.04.2021 08:36:59.390 GMT-0500,31.081999999999997,31.058000000000003,0.1,0.1
07.04.2021 08:36:59.741 GMT-0500,31.083000000000002,31.067,0.1,0.075
07.04.2021 08:37:03.617 GMT-0500,31.073000000000004,31.067,0.0008,0.075
07.04.2021 08:37:03.667 GMT-0500,31.072,31.058000000000003,0.1,0.1
07.04.2021 08:37:10.351 GMT-0500,31.061999999999998,31.048000000000002,0.1,0.1
07.04.2021 08:37:14.836 GMT-0500,31.073000000000004,31.057,0.1,0.1
07.04.2021 08:37:22.570 GMT-0500,31.081999999999997,31.058000000000003,0.1,0.1
07.04.2021 08:37:22.620 GMT-0500,31.083000000000002,31.067,0.1,0.1
07.04.2021 08:37:36.266 GMT-0500,31.081999999999997,31.078000000000003,0.0008,0.075
07.04.2021 08:37:36.317 GMT-0500,31.093000000000004,31.076999999999998,0.1,0.1
07.04.2021 08:37:50.918 GMT-0500,31.102,31.078000000000003,0.1,0.1
07.04.2021 08:37:50.969 GMT-0500,31.092,31.078000000000003,0.1,0.1
07.04.2021 08:37:54.612 GMT-0500,31.083000000000002,31.067,0.1,0.1
07.04.2021 08:37:58.965 GMT-0500,31.072,31.058000000000003,0.1,0.1
07.04.2021 08:38:11.006 GMT-0500,31.063000000000002,31.047,0.1,0.1
07.04.2021 08:38:17.498 GMT-0500,31.072,31.048000000000002,0.1,0.1
07.04.2021 08:38:18.082 GMT-0500,31.063000000000002,31.047,0.1,0.1
07.04.2021 08:38:18.187 GMT-0500,31.061999999999998,31.058000000000003,0.0008,0.075
07.04.2021 08:38:18.238 GMT-0500,31.073000000000004,31.057,0.1,0.1
07.04.2021 08:38:19.891 GMT-0500,31.081999999999997,31.068,0.1,0.1
07.04.2021 08:38:22.438 GMT-0500,31.083000000000002,31.057,0.1,0.1
07.04.2021 08:38:23.209 GMT-0500,31.081999999999997,31.068,0.1,0.1
07.04.2021 08:38:40.332 GMT-0500,31.072,31.058000000000003,0.1,0.1
07.04.2021 08:39:01.299 GMT-0500,31.081999999999997,31.068,0.1,0.0008
07.04.2021 08:39:01.349 GMT-0500,31.092,31.078000000000003,0.1,0.1
07.04.2021 08:39:01.656 GMT-0500,31.093000000000004,31.067,0.1,0.1
07.04.2021 08:39:01.706 GMT-0500,31.093000000000004,31.076999999999998,0.1,0.1
07.04.2021 08:39:01.757 GMT-0500,31.092,31.068,0.1,0.1
07.04.2021 08:39:01.807 GMT-0500,31.093000000000004,31.076999999999998,0.1,0.1
07.04.2021 08:39:01.932 GMT-0500,31.083000000000002,31.067,0.1,0.1
07.04.2021 08:39:03.253 GMT-0500,31.092,31.078000000000003,0.1,0.1
07.04.2021 08:39:03.353 GMT-0500,31.092,31.068,0.1,0.1
07.04.2021 08:39:03.590 GMT-0500,31.093000000000004,31.076999999999998,0.1,0.1
07.04.2021 08:39:07.854 GMT-0500,31.081999999999997,31.068,0.1,0.1
07.04.2021 08:39:19.166 GMT-0500,31.092,31.068,0.1,0.1
07.04.2021 08:39:19.463 GMT-0500,31.093000000000004,31.067,0.1,0.1
07.04.2021 08:39:30.656 GMT-0500,31.093000000000004,31.067,0.1,0.1
07.04.2021 08:39:30.937 GMT-0500,31.083000000000002,31.067,0.0008,0.1
07.04.2021 08:39:30.987 GMT-0500,31.093000000000004,31.067,0.1,0.1
07.04.2021 08:39:33.378 GMT-0500,31.092,31.078000000000003,0.1,0.075
07.04.2021 08:39:36.013 GMT-0500,31.102,31.078000000000003,0.1,0.1
07.04.2021 08:39:37.401 GMT-0500,31.092,31.078000000000003,0.1,0.1
07.04.2021 08:39:37.723 GMT-0500,31.102,31.078000000000003,0.1,0.1
07.04.2021 08:39:37.894 GMT-0500,31.103,31.087,0.1,0.075
07.04.2021 08:39:37.995 GMT-0500,31.093000000000004,31.076999999999998,0.1,0.1
07.04.2021 08:39:40.097 GMT-0500,31.103,31.087,0.1,0.1
07.04.2021 08:39:43.469 GMT-0500,31.102,31.078000000000003,0.1,0.1
07.04.2021 08:39:48.411 GMT-0500,31.102,31.088,0.1,0.1
07.04.2021 08:39:54.518 GMT-0500,31.092,31.078000000000003,0.1,0.1
07.04.2021 08:40:08.445 GMT-0500,31.081999999999997,31.078000000000003,0.0008,0.075
07.04.2021 08:40:08.496 GMT-0500,31.083000000000002,31.067,0.1,0.1
07.04.2021 08:40:12.216 GMT-0500,31.081999999999997,31.068,0.1,0.0008
07.04.2021 08:40:12.267 GMT-0500,31.072,31.058000000000003,0.1,0.1
07.04.2021 08:40:12.710 GMT-0500,31.073000000000004,31.047,0.1,0.1
07.04.2021 08:40:12.760 GMT-0500,31.061999999999998,31.048000000000002,0.1,0.1
07.04.2021 08:40:20.815 GMT-0500,31.073000000000004,31.047,0.1,0.1
07.04.2021 08:40:23.585 GMT-0500,31.061999999999998,31.048000000000002,0.0008,0.1
07.04.2021 08:40:24.767 GMT-0500,31.063000000000002,31.057,0.0008,0.075
07.04.2021 08:40:24.818 GMT-0500,31.072,31.058000000000003,0.1,0.1
07.04.2021 08:40:42.584 GMT-0500,31.072,31.048000000000002,0.1,0.1
07.04.2021 08:40:42.798 GMT-0500,31.072,31.058000000000003,0.1,0.0008
07.04.2021 08:40:51.142 GMT-0500,31.061999999999998,31.048000000000002,0.1,0.1
07.04.2021 08:40:59.018 GMT-0500,31.063000000000002,31.037,0.1,0.1
07.04.2021 08:40:59.068 GMT-0500,31.061999999999998,31.048000000000002,0.1,0.1
07.04.2021 08:41:06.045 GMT-0500,31.053,31.037,0.1,0.1
07.04.2021 08:41:32.779 GMT-0500,31.061999999999998,31.048000000000002,0.1,0.0008
07.04.2021 08:41:32.830 GMT-0500,31.063000000000002,31.047,0.1,0.1
07.04.2021 08:41:35.646 GMT-0500,31.063000000000002,31.037,0.1,0.1
07.04.2021 08:41:35.696 GMT-0500,31.052,31.038000000000004,0.1,0.1
07.04.2021 08:41:38.008 GMT-0500,31.061999999999998,31.038000000000004,0.1,0.1
07.04.2021 08:41:38.364 GMT-0500,31.063000000000002,31.037,0.1,0.1
07.04.2021 08:41:40.439 GMT-0500,31.063000000000002,31.037,0.1,0.1
07.04.2021 08:41:40.843 GMT-0500,31.061999999999998,31.038000000000004,0.1,0.1
07.04.2021 08:41:57.965 GMT-0500,31.063000000000002,31.047,0.1,0.1
07.04.2021 08:42:04.970 GMT-0500,31.052,31.038000000000004,0.1,0.1
07.04.2021 08:42:13.490 GMT-0500,31.061999999999998,31.048000000000002,0.1,0.0008
07.04.2021 08:42:13.540 GMT-0500,31.063000000000002,31.047,0.1,0.1
07.04.2021 08:42:17.246 GMT-0500,31.053,31.037,0.1,0.1
07.04.2021 08:43:19.521 GMT-0500,31.061999999999998,31.048000000000002,0.1,0.1
07.04.2021 08:43:35.312 GMT-0500,31.073000000000004,31.057,0.1,0.1
07.04.2021 08:43:58.188 GMT-0500,31.061999999999998,31.048000000000002,0.1,0.1
07.04.2021 08:43:58.422 GMT-0500,31.052,31.038000000000004,0.1,0.1
07.04.2021 08:44:47.137 GMT-0500,31.052,31.028000000000002,0.1,0.1
07.04.2021 08:44:47.342 GMT-0500,31.043000000000003,31.026999999999997,0.1,0.1
07.04.2021 08:45:00.102 GMT-0500,31.032,31.018000000000004,0.1,0.1
07.04.2021 08:45:01.926 GMT-0500,31.022,31.008000000000003,0.1,0.1
07.04.2021 08:45:02.945 GMT-0500,31.033,31.017,0.1,0.0008
07.04.2021 08:45:02.995 GMT-0500,31.032,31.018000000000004,0.1,0.1
07.04.2021 08:45:06.195 GMT-0500,31.033,31.006999999999998,0.1,0.1
07.04.2021 08:45:06.246 GMT-0500,31.023000000000003,31.006999999999998,0.1,0.1
07.04.2021 08:45:13.345 GMT-0500,31.012,30.998,0.1,0.1
07.04.2021 08:45:15.183 GMT-0500,31.023000000000003,30.997,0.1,0.1
07.04.2021 08:45:15.234 GMT-0500,31.022,31.008000000000003,0.1,0.1
07.04.2021 08:45:17.563 GMT-0500,31.022,30.998,0.1,0.1
07.04.2021 08:45:17.613 GMT-0500,31.013,30.997,0.1,0.1
07.04.2021 08:45:20.423 GMT-0500,31.012,31.008000000000003,0.0008,0.075
07.04.2021 08:45:20.473 GMT-0500,31.023000000000003,31.006999999999998,0.1,0.1
07.04.2021 08:45:27.090 GMT-0500,31.012,30.998,0.1,0.1
07.04.2021 08:45:33.897 GMT-0500,31.013,31.006999999999998,0.0008,0.075
07.04.2021 08:45:33.947 GMT-0500,31.023000000000003,31.006999999999998,0.1,0.1
07.04.2021 08:45:38.480 GMT-0500,31.012,30.998,0.1,0.1
07.04.2021 08:45:42.294 GMT-0500,31.023000000000003,30.997,0.1,0.1
07.04.2021 08:45:42.685 GMT-0500,31.013,30.997,0.1,0.1
07.04.2021 08:45:43.512 GMT-0500,31.022,31.008000000000003,0.1,0.0008
07.04.2021 08:45:43.562 GMT-0500,31.022,31.008000000000003,0.1,0.1
07.04.2021 08:45:47.133 GMT-0500,31.013,30.997,0.1,0.1
07.04.2021 08:45:54.944 GMT-0500,31.003000000000004,30.987,0.1,0.1
07.04.2021 08:46:03.957 GMT-0500,30.991999999999997,30.978,0.1,0.1
07.04.2021 08:46:10.776 GMT-0500,30.982,30.968000000000004,0.1,0.1
07.04.2021 08:46:10.877 GMT-0500,30.973000000000003,30.956999999999997,0.1,0.1
07.04.2021 08:46:19.542 GMT-0500,30.982,30.968000000000004,0.1,0.1
07.04.2021 08:46:21.011 GMT-0500,30.993000000000002,30.977,0.1,0.1
07.04.2021 08:46:22.378 GMT-0500,30.983000000000004,30.967,0.1,0.1
07.04.2021 08:46:38.352 GMT-0500,30.991999999999997,30.968000000000004,0.1,0.1
07.04.2021 08:46:38.402 GMT-0500,30.993000000000002,30.977,0.1,0.1
07.04.2021 08:46:42.754 GMT-0500,31.003000000000004,30.987,0.1,0.1
07.04.2021 08:46:43.254 GMT-0500,30.993000000000002,30.987,0.0008,0.075
07.04.2021 08:46:43.304 GMT-0500,30.991999999999997,30.978,0.1,0.1
07.04.2021 08:46:56.464 GMT-0500,30.982,30.968000000000004,0.1,0.1
07.04.2021 08:47:01.590 GMT-0500,30.983000000000004,30.967,0.1,0.0008
07.04.2021 08:47:01.641 GMT-0500,30.971999999999998,30.958000000000002,0.1,0.1
07.04.2021 08:47:05.001 GMT-0500,30.973000000000003,30.967,0.0008,0.075
07.04.2021 08:47:05.051 GMT-0500,30.983000000000004,30.967,0.1,0.1
07.04.2021 08:47:05.673 GMT-0500,30.982,30.958000000000002,0.1,0.1
07.04.2021 08:47:07.206 GMT-0500,30.973000000000003,30.956999999999997,0.1,0.1
07.04.2021 08:47:10.824 GMT-0500,30.983000000000004,30.967,0.1,0.1
07.04.2021 08:47:16.015 GMT-0500,30.983000000000004,30.977,0.0008,0.075
07.04.2021 08:47:16.065 GMT-0500,30.993000000000002,30.977,0.1,0.1
07.04.2021 08:47:23.922 GMT-0500,30.991999999999997,30.988000000000003,0.0008,0.075
07.04.2021 08:47:23.972 GMT-0500,31.003000000000004,30.987,0.1,0.1
07.04.2021 08:47:27.171 GMT-0500,31.013,30.987,0.1,0.1
07.04.2021 08:47:29.597 GMT-0500,31.013,30.987,0.1,0.1
07.04.2021 08:47:38.604 GMT-0500,31.013,30.987,0.1,0.1
07.04.2021 08:47:38.849 GMT-0500,31.003000000000004,30.987,0.0008,0.1
07.04.2021 08:47:39.504 GMT-0500,31.012,30.988000000000003,0.1,0.1
07.04.2021 08:47:39.938 GMT-0500,31.003000000000004,30.987,0.1,0.1
07.04.2021 08:47:40.052 GMT-0500,31.012,30.988000000000003,0.1,0.1
07.04.2021 08:47:42.163 GMT-0500,31.002,30.988000000000003,0.0008,0.1
07.04.2021 08:47:42.706 GMT-0500,31.013,30.987,0.1,0.1
07.04.2021 08:47:43.897 GMT-0500,31.003000000000004,30.987,0.1,0.1
07.04.2021 08:48:03.532 GMT-0500,31.002,30.978,0.1,0.1
07.04.2021 08:48:03.582 GMT-0500,30.993000000000002,30.977,0.1,0.1
07.04.2021 08:48:19.607 GMT-0500,31.002,30.988000000000003,0.1,0.1
07.04.2021 08:48:35.448 GMT-0500,31.003000000000004,30.987,0.1,0.0008
07.04.2021 08:48:35.498 GMT-0500,30.993000000000002,30.977,0.1,0.1
07.04.2021 08:48:53.684 GMT-0500,31.003000000000004,30.987,0.1,0.1
07.04.2021 08:48:53.735 GMT-0500,31.002,30.978,0.1,0.1
07.04.2021 08:48:54.106 GMT-0500,31.003000000000004,30.987,0.1,0.075
07.04.2021 08:48:56.006 GMT-0500,31.003000000000004,30.977,0.1,0.1
07.04.2021 08:48:56.057 GMT-0500,30.993000000000002,30.977,0.1,0.1
07.04.2021 08:49:39.680 GMT-0500,31.003000000000004,30.987,0.1,0.1
07.04.2021 08:49:57.182 GMT-0500,30.991999999999997,30.978,0.1,0.1
07.04.2021 08:50:31.617 GMT-0500,30.983000000000004,30.967,0.1,0.1
07.04.2021 08:50:35.262 GMT-0500,30.971999999999998,30.958000000000002,0.1,0.1
07.04.2021 08:50:41.912 GMT-0500,30.963,30.947,0.1,0.1
07.04.2021 08:50:54.023 GMT-0500,30.973000000000003,30.956999999999997,0.1,0.1
07.04.2021 08:50:54.151 GMT-0500,30.971999999999998,30.948000000000004,0.1,0.1
07.04.2021 08:50:54.252 GMT-0500,30.973000000000003,30.956999999999997,0.1,0.1
07.04.2021 08:51:01.635 GMT-0500,30.962,30.958000000000002,0.0008,0.075
07.04.2021 08:51:01.685 GMT-0500,30.962,30.948000000000004,0.1,0.1
07.04.2021 08:51:19.057 GMT-0500,30.971999999999998,30.948000000000004,0.1,0.1
07.04.2021 08:51:19.107 GMT-0500,30.971999999999998,30.958000000000002,0.1,0.1
07.04.2021 08:51:38.922 GMT-0500,30.962,30.948000000000004,0.1,0.1
07.04.2021 08:51:40.641 GMT-0500,30.973000000000003,30.956999999999997,0.1,0.1
07.04.2021 08:51:48.503 GMT-0500,30.971999999999998,30.948000000000004,0.1,0.1
07.04.2021 08:51:48.553 GMT-0500,30.971999999999998,30.958000000000002,0.1,0.1
07.04.2021 08:51:48.953 GMT-0500,30.973000000000003,30.947,0.1,0.1
07.04.2021 08:51:49.005 GMT-0500,30.971999999999998,30.958000000000002,0.1,0.0008
07.04.2021 08:51:49.360 GMT-0500,30.973000000000003,30.947,0.1,0.1
07.04.2021 08:51:49.896 GMT-0500,30.971999999999998,30.958000000000002,0.1,0.075
07.04.2021 08:52:15.861 GMT-0500,30.963,30.947,0.1,0.1
07.04.2021 08:52:33.846 GMT-0500,30.963,30.936999999999998,0.1,0.1
07.04.2021 08:52:33.896 GMT-0500,30.963,30.947,0.1,0.1
07.04.2021 08:52:46.416 GMT-0500,30.971999999999998,30.958000000000002,0.1,0.1
07.04.2021 08:52:49.172 GMT-0500,30.982,30.968000000000004,0.1,0.0008
07.04.2021 08:52:49.222 GMT-0500,30.982,30.968000000000004,0.1,0.1
07.04.2021 08:52:51.613 GMT-0500,30.993000000000002,30.977,0.1,0.1
07.04.2021 08:53:01.260 GMT-0500,30.983000000000004,30.967,0.1,0.1
07.04.2021 08:53:17.767 GMT-0500,30.982,30.978,0.0008,0.075
07.04.2021 08:53:17.818 GMT-0500,30.993000000000002,30.977,0.1,0.1
07.04.2021 08:53:49.731 GMT-0500,31.002,30.988000000000003,0.1,0.1
07.04.2021 08:54:03.839 GMT-0500,30.991999999999997,30.978,0.1,0.1
07.04.2021 08:54:27.102 GMT-0500,31.002,30.988000000000003,0.1,0.1
07.04.2021 08:54:44.433 GMT-0500,31.013,30.997,0.1,0.1
07.04.2021 08:54:51.513 GMT-0500,31.002,30.988000000000003,0.1,0.1
07.04.2021 08:55:04.817 GMT-0500,30.991999999999997,30.978,0.1,0.1
07.04.2021 08:55:15.547 GMT-0500,31.003000000000004,30.977,0.1,0.1
07.04.2021 08:55:17.121 GMT-0500,31.002,30.988000000000003,0.1,0.1
07.04.2021 08:55:27.507 GMT-0500,31.012,30.998,0.1,0.0008
07.04.2021 08:55:27.558 GMT-0500,31.012,30.998,0.1,0.1
07.04.2021 08:55:46.464 GMT-0500,31.002,30.988000000000003,0.1,0.1
07.04.2021 08:55:47.457 GMT-0500,30.993000000000002,30.977,0.1,0.1
07.04.2021 08:55:51.936 GMT-0500,30.983000000000004,30.967,0.1,0.1
07.04.2021 08:55:52.219 GMT-0500,30.993000000000002,30.967,0.1,0.1
07.04.2021 08:55:52.930 GMT-0500,30.991999999999997,30.978,0.1,0.1
07.04.2021 08:56:20.714 GMT-0500,31.003000000000004,30.987,0.1,0.1
07.04.2021 08:56:26.458 GMT-0500,30.991999999999997,30.978,0.1,0.1
07.04.2021 08:56:30.161 GMT-0500,31.003000000000004,30.987,0.1,0.1
07.04.2021 08:56:49.641 GMT-0500,30.993000000000002,30.977,0.1,0.1
07.04.2021 08:56:52.395 GMT-0500,30.983000000000004,30.967,0.1,0.1
07.04.2021 08:57:02.030 GMT-0500,30.993000000000002,30.967,0.1,0.1
07.04.2021 08:57:02.829 GMT-0500,30.991999999999997,30.968000000000004,0.1,0.1
07.04.2021 08:57:21.599 GMT-0500,30.993000000000002,30.967,0.1,0.1
07.04.2021 08:57:21.649 GMT-0500,30.991999999999997,30.978,0.1,0.1
07.04.2021 08:57:24.697 GMT-0500,30.982,30.968000000000004,0.1,0.1
07.04.2021 08:57:39.452 GMT-0500,30.993000000000002,30.977,0.1,0.0008
07.04.2021 08:57:39.502 GMT-0500,30.993000000000002,30.977,0.1,0.1
07.04.2021 08:58:02.462 GMT-0500,30.983000000000004,30.967,0.1,0.1
07.04.2021 08:59:01.005 GMT-0500,30.971999999999998,30.958000000000002,0.1,0.1
07.04.2021 08:59:42.196 GMT-0500,30.963,30.947,0.1,0.1
07.04.2021 08:59:56.295 GMT-0500,30.943,30.927,0.1,0.1
07.04.2021 09:00:01.984 GMT-0500,30.943,30.936999999999998,0.0008,0.075
07.04.2021 09:00:02.035 GMT-0500,30.951999999999998,30.938000000000002,0.1,0.1
07.04.2021 09:00:22.373 GMT-0500,30.963,30.947,0.1,0.1
07.04.2021 09:00:25.755 GMT-0500,30.953000000000003,30.936999999999998,0.1,0.1
07.04.2021 09:00:28.872 GMT-0500,30.942,30.928,0.1,0.1
07.04.2021 09:00:30.466 GMT-0500,30.943,30.916999999999998,0.1,0.1
07.04.2021 09:00:30.567 GMT-0500,30.933000000000003,30.916999999999998,0.1,0.1
07.04.2021 09:00:33.982 GMT-0500,30.922,30.908,0.1,0.1
07.04.2021 09:01:12.415 GMT-0500,30.912,30.898000000000003,0.1,0.1
07.04.2021 09:01:23.333 GMT-0500,30.923000000000002,30.907,0.1,0.1
07.04.2021 09:01:26.429 GMT-0500,30.912,30.898000000000003,0.1,0.1
07.04.2021 09:01:37.041 GMT-0500,30.912,30.908,0.0008,0.075
07.04.2021 09:01:37.092 GMT-0500,30.922,30.908,0.1,0.1
07.04.2021 09:02:06.223 GMT-0500,30.912,30.898000000000003,0.1,0.1
07.04.2021 09:02:23.181 GMT-0500,30.922,30.908,0.1,0.1
07.04.2021 09:02:42.107 GMT-0500,30.933000000000003,30.907,0.1,0.1
07.04.2021 09:02:42.158 GMT-0500,30.932,30.918000000000003,0.1,0.1
07.04.2021 09:02:42.563 GMT-0500,30.932,30.908,0.1,0.1
07.04.2021 09:02:42.614 GMT-0500,30.922,30.908,0.1,0.1
07.04.2021 09:02:53.610 GMT-0500,30.933000000000003,30.916999999999998,0.1,0.1
07.04.2021 09:03:02.569 GMT-0500,30.922,30.918000000000003,0.0008,0.075
07.04.2021 09:03:02.619 GMT-0500,30.923000000000002,30.907,0.1,0.1
07.04.2021 09:03:19.306 GMT-0500,30.933000000000003,30.916999999999998,0.1,0.1
07.04.2021 09:03:56.561 GMT-0500,30.943,30.916999999999998,0.1,0.1
07.04.2021 09:03:56.612 GMT-0500,30.942,30.928,0.1,0.1
07.04.2021 09:04:01.661 GMT-0500,30.953000000000003,30.927,0.1,0.1
07.04.2021 09:04:01.711 GMT-0500,30.943,30.927,0.1,0.1
07.04.2021 09:04:07.461 GMT-0500,30.953000000000003,30.936999999999998,0.1,0.0008
07.04.2021 09:04:07.512 GMT-0500,30.951999999999998,30.938000000000002,0.1,0.1
07.04.2021 09:04:32.418 GMT-0500,30.942,30.928,0.1,0.1
07.04.2021 09:05:03.944 GMT-0500,30.953000000000003,30.936999999999998,0.1,0.1
07.04.2021 09:05:35.862 GMT-0500,30.962,30.948000000000004,0.1,0.1
07.04.2021 09:05:48.256 GMT-0500,30.971999999999998,30.948000000000004,0.1,0.1
07.04.2021 09:05:48.357 GMT-0500,30.963,30.947,0.1,0.1
07.04.2021 09:05:49.604 GMT-0500,30.973000000000003,30.947,0.1,0.1
07.04.2021 09:05:49.695 GMT-0500,30.963,30.947,0.1,0.1
07.04.2021 09:05:54.377 GMT-0500,30.971999999999998,30.948000000000004,0.1,0.1
07.04.2021 09:05:54.785 GMT-0500,30.971999999999998,30.958000000000002,0.1,0.1
07.04.2021 09:05:56.839 GMT-0500,30.971999999999998,30.948000000000004,0.1,0.1
07.04.2021 09:05:56.889 GMT-0500,30.971999999999998,30.958000000000002,0.1,0.1
07.04.2021 09:06:02.093 GMT-0500,30.963,30.947,0.1,0.1
07.04.2021 09:06:02.885 GMT-0500,30.951999999999998,30.938000000000002,0.1,0.1
07.04.2021 09:06:15.744 GMT-0500,30.943,30.927,0.1,0.1
07.04.2021 09:06:27.216 GMT-0500,30.943,30.936999999999998,0.0008,0.075
07.04.2021 09:06:27.268 GMT-0500,30.953000000000003,30.936999999999998,0.1,0.1
07.04.2021 09:06:47.436 GMT-0500,30.962,30.938000000000002,0.1,0.1
07.04.2021 09:06:47.486 GMT-0500,30.953000000000003,30.936999999999998,0.1,0.1
07.04.2021 09:06:47.731 GMT-0500,30.962,30.938000000000002,0.1,0.1
07.04.2021 09:06:48.431 GMT-0500,30.963,30.936999999999998,0.1,0.1
07.04.2021 09:06:49.876 GMT-0500,30.963,30.936999999999998,0.1,0.1
07.04.2021 09:06:50.546 GMT-0500,30.953000000000003,30.936999999999998,0.1,0.1
07.04.2021 09:07:23.340 GMT-0500,30.963,30.947,0.1,0.1
07.04.2021 09:07:41.531 GMT-0500,30.973000000000003,30.956999999999997,0.1,0.1
07.04.2021 09:07:51.112 GMT-0500,30.963,30.947,0.1,0.1
07.04.2021 09:08:14.335 GMT-0500,30.963,30.936999999999998,0.1,0.1
07.04.2021 09:08:14.435 GMT-0500,30.951999999999998,30.938000000000002,0.1,0.1
07.04.2021 09:08:14.536 GMT-0500,30.963,30.936999999999998,0.1,0.1
07.04.2021 09:08:14.667 GMT-0500,30.951999999999998,30.938000000000002,0.1,0.1
07.04.2021 09:08:28.769 GMT-0500,30.943,30.927,0.1,0.1
07.04.2021 09:08:30.775 GMT-0500,30.933000000000003,30.916999999999998,0.1,0.1
07.04.2021 09:08:30.876 GMT-0500,30.943,30.916999999999998,0.1,0.1
07.04.2021 09:08:30.926 GMT-0500,30.933000000000003,30.916999999999998,0.1,0.1
07.04.2021 09:08:43.433 GMT-0500,30.942,30.928,0.1,0.1
07.04.2021 09:08:44.690 GMT-0500,30.943,30.916999999999998,0.1,0.1
07.04.2021 09:08:44.741 GMT-0500,30.932,30.918000000000003,0.1,0.1
07.04.2021 09:08:48.808 GMT-0500,30.943,30.916999999999998,0.1,0.1
07.04.2021 09:08:49.346 GMT-0500,30.932,30.918000000000003,0.1,0.1
07.04.2021 09:08:49.972 GMT-0500,30.942,30.918000000000003,0.1,0.1
07.04.2021 09:08:50.118 GMT-0500,30.943,30.916999999999998,0.1,0.1
07.04.2021 09:08:52.109 GMT-0500,30.942,30.918000000000003,0.1,0.1
07.04.2021 09:08:52.825 GMT-0500,30.942,30.918000000000003,0.1,0.1
07.04.2021 09:08:54.108 GMT-0500,30.942,30.918000000000003,0.1,0.1
07.04.2021 09:08:55.873 GMT-0500,30.932,30.918000000000003,0.1,0.1
07.04.2021 09:09:08.039 GMT-0500,30.942,30.928,0.1,0.0008
07.04.2021 09:09:08.089 GMT-0500,30.943,30.927,0.1,0.1
07.04.2021 09:09:09.768 GMT-0500,30.932,30.918000000000003,0.1,0.1
07.04.2021 09:09:16.703 GMT-0500,30.943,30.927,0.1,0.0008
07.04.2021 09:09:16.754 GMT-0500,30.942,30.928,0.1,0.1
07.04.2021 09:09:23.931 GMT-0500,30.932,30.918000000000003,0.1,0.1
07.04.2021 09:09:26.025 GMT-0500,30.943,30.927,0.1,0.1
07.04.2021 09:09:37.471 GMT-0500,30.953000000000003,30.927,0.1,0.1
07.04.2021 09:09:38.100 GMT-0500,30.953000000000003,30.936999999999998,0.1,0.1
07.04.2021 09:10:13.457 GMT-0500,30.953000000000003,30.927,0.1,0.1
07.04.2021 09:10:13.508 GMT-0500,30.942,30.928,0.1,0.1
07.04.2021 09:10:37.376 GMT-0500,30.943,30.916999999999998,0.1,0.1
07.04.2021 09:10:37.426 GMT-0500,30.943,30.927,0.1,0.1
07.04.2021 09:10:37.591 GMT-0500,30.942,30.918000000000003,0.1,0.1
07.04.2021 09:10:37.642 GMT-0500,30.942,30.928,0.1,0.1
07.04.2021 09:10:40.206 GMT-0500,30.942,30.918000000000003,0.1,0.1
07.04.2021 09:10:40.256 GMT-0500,30.942,30.928,0.1,0.1
07.04.2021 09:10:44.288 GMT-0500,30.933000000000003,30.916999999999998,0.1,0.1
07.04.2021 09:11:26.341 GMT-0500,30.923000000000002,30.907,0.1,0.1
07.04.2021 09:12:10.858 GMT-0500,30.933000000000003,30.916999999999998,0.1,0.1
07.04.2021 09:12:20.358 GMT-0500,30.923000000000002,30.907,0.1,0.1
07.04.2021 09:12:51.484 GMT-0500,30.932,30.908,0.1,0.1
07.04.2021 09:12:52.056 GMT-0500,30.922,30.908,0.0008,0.1
07.04.2021 09:12:54.277 GMT-0500,30.933000000000003,30.907,0.1,0.1
07.04.2021 09:12:54.327 GMT-0500,30.932,30.918000000000003,0.1,0.1
07.04.2021 09:13:35.677 GMT-0500,30.942,30.928,0.1,0.1
07.04.2021 09:14:34.260 GMT-0500,30.951999999999998,30.938000000000002,0.1,0.1
07.04.2021 09:14:49.951 GMT-0500,30.963,30.936999999999998,0.1,0.1
07.04.2021 09:14:50.001 GMT-0500,30.963,30.947,0.1,0.1
07.04.2021 09:15:02.253 GMT-0500,30.953000000000003,30.936999999999998,0.1,0.1
07.04.2021 09:15:11.907 GMT-0500,30.942,30.928,0.1,0.1
07.04.2021 09:15:32.629 GMT-0500,30.951999999999998,30.938000000000002,0.1,0.1
07.04.2021 09:15:52.687 GMT-0500,30.962,30.938000000000002,0.1,0.1
07.04.2021 09:15:53.018 GMT-0500,30.962,30.938000000000002,0.1,0.1
07.04.2021 09:16:27.367 GMT-0500,30.963,30.947,0.1,0.1
07.04.2021 09:16:37.534 GMT-0500,30.973000000000003,30.956999999999997,0.1,0.0008
07.04.2021 09:16:37.584 GMT-0500,30.973000000000003,30.956999999999997,0.1,0.1
07.04.2021 09:16:51.793 GMT-0500,30.962,30.948000000000004,0.1,0.1
07.04.2021 09:16:52.519 GMT-0500,30.951999999999998,30.938000000000002,0.1,0.1
07.04.2021 09:17:16.864 GMT-0500,30.942,30.928,0.1,0.1
07.04.2021 09:17:24.662 GMT-0500,30.932,30.918000000000003,0.1,0.1
07.04.2021 09:17:24.764 GMT-0500,30.943,30.927,0.1,0.1
07.04.2021 09:17:35.229 GMT-0500,30.932,30.918000000000003,0.1,0.1
07.04.2021 09:17:36.986 GMT-0500,30.943,30.927,0.1,0.1
07.04.2021 09:17:49.561 GMT-0500,30.951999999999998,30.928,0.1,0.1
07.04.2021 09:17:49.659 GMT-0500,30.942,30.928,0.1,0.1
07.04.2021 09:18:01.889 GMT-0500,30.951999999999998,30.928,0.1,0.1
07.04.2021 09:18:01.939 GMT-0500,30.942,30.928,0.1,0.1
07.04.2021 09:18:29.460 GMT-0500,30.932,30.918000000000003,0.1,0.1
07.04.2021 09:20:01.474 GMT-0500,30.942,30.928,0.1,0.1
07.04.2021 09:20:04.860 GMT-0500,30.932,30.918000000000003,0.1,0.1
07.04.2021 09:20:43.042 GMT-0500,30.942,30.928,0.1,0.1
07.04.2021 09:20:44.407 GMT-0500,30.932,30.918000000000003,0.1,0.1
07.04.2021 09:21:13.686 GMT-0500,30.943,30.927,0.1,0.1
07.04.2021 09:21:24.339 GMT-0500,30.951999999999998,30.928,0.1,0.1
07.04.2021 09:21:24.599 GMT-0500,30.953000000000003,30.927,0.1,0.1
07.04.2021 09:21:26.252 GMT-0500,30.951999999999998,30.938000000000002,0.1,0.1
07.04.2021 09:21:57.735 GMT-0500,30.963,30.936999999999998,0.1,0.1
07.04.2021 09:21:59.720 GMT-0500,30.953000000000003,30.936999999999998,0.1,0.1
07.04.2021 09:21:59.927 GMT-0500,30.962,30.938000000000002,0.1,0.1
07.04.2021 09:22:00.580 GMT-0500,30.953000000000003,30.936999999999998,0.1,0.1
07.04.2021 09:22:01.464 GMT-0500,30.962,30.938000000000002,0.1,0.1
07.04.2021 09:22:03.372 GMT-0500,30.963,30.936999999999998,0.1,0.1
07.04.2021 09:22:05.599 GMT-0500,30.963,30.936999999999998,0.1,0.1
07.04.2021 09:22:05.866 GMT-0500,30.963,30.947,0.1,0.075
07.04.2021 09:22:09.785 GMT-0500,30.973000000000003,30.956999999999997,0.1,0.1
07.04.2021 09:22:16.279 GMT-0500,30.971999999999998,30.958000000000002,0.1,0.0008
07.04.2021 09:22:16.329 GMT-0500,30.963,30.947,0.1,0.1
07.04.2021 09:22:35.150 GMT-0500,30.953000000000003,30.936999999999998,0.1,0.1
07.04.2021 09:23:22.898 GMT-0500,30.962,30.948000000000004,0.1,0.0008
07.04.2021 09:23:22.949 GMT-0500,30.963,30.947,0.1,0.1
07.04.2021 09:23:31.567 GMT-0500,30.951999999999998,30.938000000000002,0.1,0.1
07.04.2021 09:23:37.038 GMT-0500,30.942,30.928,0.1,0.1
07.04.2021 09:24:09.261 GMT-0500,30.932,30.918000000000003,0.1,0.1
07.04.2021 09:24:21.893 GMT-0500,30.943,30.927,0.1,0.1
07.04.2021 09:24:26.938 GMT-0500,30.932,30.918000000000003,0.1,0.1
07.04.2021 09:24:59.532 GMT-0500,30.932,30.928,0.0008,0.075
07.04.2021 09:24:59.582 GMT-0500,30.942,30.928,0.1,0.1
07.04.2021 09:25:43.618 GMT-0500,30.942,30.918000000000003,0.1,0.1
07.04.2021 09:25:43.668 GMT-0500,30.933000000000003,30.916999999999998,0.1,0.1
07.04.2021 09:25:46.269 GMT-0500,30.942,30.918000000000003,0.1,0.1
07.04.2021 09:25:46.427 GMT-0500,30.932,30.918000000000003,0.1,0.1
07.04.2021 09:25:46.846 GMT-0500,30.943,30.916999999999998,0.1,0.1
07.04.2021 09:25:47.081 GMT-0500,30.943,30.927,0.1,0.075
07.04.2021 09:25:50.583 GMT-0500,30.933000000000003,30.916999999999998,0.1,0.1
07.04.2021 09:27:05.849 GMT-0500,30.922,30.908,0.1,0.1
07.04.2021 09:27:57.304 GMT-0500,30.923000000000002,30.897,0.1,0.1
07.04.2021 09:27:57.355 GMT-0500,30.901999999999997,30.888,0.1,0.1
07.04.2021 09:30:03.227 GMT-0500,30.912,30.898000000000003,0.1,0.1
07.04.2021 09:30:07.627 GMT-0500,30.903000000000002,30.887,0.1,0.1
07.04.2021 09:30:40.137 GMT-0500,30.912,30.898000000000003,0.1,0.1
07.04.2021 09:30:47.549 GMT-0500,30.901999999999997,30.888,0.1,0.1
07.04.2021 09:31:31.458 GMT-0500,30.892,30.878000000000004,0.1,0.1
07.04.2021 09:31:34.529 GMT-0500,30.903000000000002,30.877,0.1,0.1
07.04.2021 09:31:34.579 GMT-0500,30.903000000000002,30.887,0.1,0.1
07.04.2021 09:31:40.795 GMT-0500,30.903000000000002,30.877,0.1,0.1
07.04.2021 09:31:41.323 GMT-0500,30.903000000000002,30.887,0.1,0.1
07.04.2021 09:31:41.409 GMT-0500,30.903000000000002,30.877,0.1,0.1
07.04.2021 09:31:41.459 GMT-0500,30.893000000000004,30.877,0.1,0.1
07.04.2021 09:32:50.406 GMT-0500,30.903000000000002,30.887,0.1,0.1
07.04.2021 09:32:56.304 GMT-0500,30.892,30.878000000000004,0.1,0.1
07.04.2021 09:33:49.827 GMT-0500,30.901999999999997,30.888,0.1,0.1
07.04.2021 09:34:45.428 GMT-0500,30.892,30.878000000000004,0.1,0.1
07.04.2021 09:35:47.780 GMT-0500,30.901999999999997,30.888,0.1,0.1
07.04.2021 09:35:49.790 GMT-0500,30.893000000000004,30.877,0.1,0.1
07.04.2021 09:35:56.808 GMT-0500,30.883000000000003,30.866999999999997,0.1,0.1
07.04.2021 09:35:59.226 GMT-0500,30.893000000000004,30.877,0.1,0.1
07.04.2021 09:36:28.642 GMT-0500,30.901999999999997,30.888,0.1,0.1
07.04.2021 09:36:40.057 GMT-0500,30.892,30.878000000000004,0.1,0.1
07.04.2021 09:37:04.488 GMT-0500,30.892,30.878000000000004,0.1,0.0008
07.04.2021 09:37:04.538 GMT-0500,30.881999999999998,30.868000000000002,0.1,0.1
07.04.2021 09:37:30.837 GMT-0500,30.893000000000004,30.877,0.1,0.1
07.04.2021 09:37:45.818 GMT-0500,30.901999999999997,30.888,0.1,0.1
07.04.2021 09:38:44.891 GMT-0500,30.893000000000004,30.877,0.1,0.1
07.04.2021 09:39:04.581 GMT-0500,30.893000000000004,30.887,0.0008,0.075
07.04.2021 09:39:04.631 GMT-0500,30.901999999999997,30.888,0.1,0.1
07.04.2021 09:39:15.851 GMT-0500,30.913000000000004,30.897,0.1,0.1
07.04.2021 09:40:08.109 GMT-0500,30.901999999999997,30.888,0.1,0.1
07.04.2021 09:40:14.851 GMT-0500,30.913000000000004,30.897,0.1,0.1
07.04.2021 09:40:15.712 GMT-0500,30.903000000000002,30.887,0.1,0.1
07.04.2021 09:40:55.962 GMT-0500,30.912,30.898000000000003,0.1,0.1
07.04.2021 09:41:00.823 GMT-0500,30.901999999999997,30.898000000000003,0.0008,0.075
07.04.2021 09:41:00.873 GMT-0500,30.901999999999997,30.888,0.1,0.1
07.04.2021 09:41:06.673 GMT-0500,30.892,30.878000000000004,0.1,0.1
07.04.2021 09:41:09.740 GMT-0500,30.903000000000002,30.877,0.1,0.1
07.04.2021 09:41:09.867 GMT-0500,30.903000000000002,30.877,0.1,0.1
07.04.2021 09:41:10.632 GMT-0500,30.903000000000002,30.877,0.1,0.1
07.04.2021 09:41:11.231 GMT-0500,30.892,30.878000000000004,0.1,0.1
07.04.2021 09:41:15.680 GMT-0500,30.901999999999997,30.888,0.1,0.1
07.04.2021 09:41:32.530 GMT-0500,30.912,30.898000000000003,0.1,0.1
07.04.2021 09:42:05.727 GMT-0500,30.912,30.908,0.0008,0.075
07.04.2021 09:42:05.778 GMT-0500,30.922,30.908,0.1,0.1
07.04.2021 09:42:11.929 GMT-0500,30.912,30.898000000000003,0.1,0.1
07.04.2021 09:42:26.795 GMT-0500,30.923000000000002,30.897,0.1,0.1
07.04.2021 09:42:27.002 GMT-0500,30.922,30.908,0.1,0.0008
07.04.2021 09:43:21.054 GMT-0500,30.913000000000004,30.897,0.1,0.1
07.04.2021 09:43:51.436 GMT-0500,30.912,30.888,0.1,0.1
07.04.2021 09:43:51.927 GMT-0500,30.912,30.898000000000003,0.1,0.075
07.04.2021 09:43:55.259 GMT-0500,30.903000000000002,30.887,0.1,0.1
07.04.2021 09:44:03.174 GMT-0500,30.892,30.878000000000004,0.1,0.1
07.04.2021 09:45:46.117 GMT-0500,30.892,30.878000000000004,0.1,0.0008
07.04.2021 09:45:46.279 GMT-0500,30.883000000000003,30.866999999999997,0.1,0.1
07.04.2021 09:46:07.969 GMT-0500,30.893000000000004,30.866999999999997,0.1,0.1
07.04.2021 09:46:08.607 GMT-0500,30.893000000000004,30.877,0.1,0.1
07.04.2021 09:46:27.653 GMT-0500,30.883000000000003,30.866999999999997,0.1,0.1
07.04.2021 09:47:13.113 GMT-0500,30.892,30.878000000000004,0.1,0.1
07.04.2021 09:47:29.087 GMT-0500,30.883000000000003,30.866999999999997,0.1,0.1
07.04.2021 09:48:24.441 GMT-0500,30.873,30.857,0.1,0.1
07.04.2021 09:49:07.609 GMT-0500,30.863000000000003,30.857,0.0008,0.075
07.04.2021 09:49:07.659 GMT-0500,30.862,30.848000000000003,0.1,0.1
07.04.2021 09:49:32.598 GMT-0500,30.872,30.858000000000004,0.1,0.1
07.04.2021 09:49:33.015 GMT-0500,30.873,30.846999999999998,0.1,0.1
07.04.2021 09:49:33.065 GMT-0500,30.862,30.848000000000003,0.1,0.1
07.04.2021 09:50:07.217 GMT-0500,30.872,30.858000000000004,0.1,0.1
07.04.2021 09:54:39.770 GMT-0500,30.883000000000003,30.866999999999997,0.1,0.1
07.04.2021 09:54:46.368 GMT-0500,30.872,30.858000000000004,0.1,0.1
07.04.2021 09:54:49.265 GMT-0500,30.883000000000003,30.866999999999997,0.1,0.1
07.04.2021 09:54:57.484 GMT-0500,30.893000000000004,30.866999999999997,0.1,0.1
07.04.2021 09:54:57.765 GMT-0500,30.881999999999998,30.868000000000002,0.1,0.1
07.04.2021 09:54:58.776 GMT-0500,30.892,30.868000000000002,0.1,0.1
07.04.2021 09:54:59.699 GMT-0500,30.883000000000003,30.866999999999997,0.0008,0.1
07.04.2021 09:54:59.800 GMT-0500,30.892,30.868000000000002,0.1,0.1
07.04.2021 09:55:00.046 GMT-0500,30.892,30.868000000000002,0.1,0.1
07.04.2021 09:57:32.515 GMT-0500,30.872,30.858000000000004,0.1,0.1
07.04.2021 09:57:52.648 GMT-0500,30.881999999999998,30.868000000000002,0.1,0.1
07.04.2021 09:58:30.587 GMT-0500,30.893000000000004,30.866999999999997,0.1,0.1
07.04.2021 09:58:30.637 GMT-0500,30.881999999999998,30.868000000000002,0.1,0.1
07.04.2021 09:59:08.523 GMT-0500,30.893000000000004,30.877,0.1,0.1
07.04.2021 09:59:32.288 GMT-0500,30.901999999999997,30.888,0.1,0.1
07.04.2021 09:59:36.603 GMT-0500,30.912,30.898000000000003,0.1,0.1
07.04.2021 10:00:06.603 GMT-0500,30.923000000000002,30.907,0.1,0.1
07.04.2021 10:00:14.110 GMT-0500,30.913000000000004,30.897,0.1,0.1
07.04.2021 10:01:18.325 GMT-0500,30.901999999999997,30.898000000000003,0.0008,0.075
07.04.2021 10:01:18.376 GMT-0500,30.903000000000002,30.887,0.1,0.1
07.04.2021 10:01:18.426 GMT-0500,30.893000000000004,30.877,0.1,0.1
07.04.2021 10:02:43.583 GMT-0500,30.901999999999997,30.878000000000004,0.1,0.1
07.04.2021 10:02:43.634 GMT-0500,30.901999999999997,30.888,0.1,0.1
07.04.2021 10:03:08.436 GMT-0500,30.892,30.878000000000004,0.1,0.1
07.04.2021 10:03:22.771 GMT-0500,30.903000000000002,30.877,0.1,0.1
07.04.2021 10:03:24.017 GMT-0500,30.893000000000004,30.877,0.1,0.1
07.04.2021 10:03:25.862 GMT-0500,30.903000000000002,30.877,0.1,0.1
07.04.2021 10:03:26.689 GMT-0500,30.903000000000002,30.887,0.1,0.075
07.04.2021 10:03:34.816 GMT-0500,30.913000000000004,30.897,0.1,0.0008
07.04.2021 10:03:34.866 GMT-0500,30.912,30.898000000000003,0.1,0.1
07.04.2021 10:03:45.894 GMT-0500,30.923000000000002,30.897,0.1,0.1
07.04.2021 10:03:47.416 GMT-0500,30.923000000000002,30.897,0.1,0.1
07.04.2021 10:03:47.466 GMT-0500,30.923000000000002,30.897,0.1,0.1
07.04.2021 10:03:48.756 GMT-0500,30.913000000000004,30.897,0.1,0.1
07.04.2021 10:04:00.229 GMT-0500,30.903000000000002,30.887,0.1,0.1
07.04.2021 10:05:04.175 GMT-0500,30.893000000000004,30.877,0.1,0.1
07.04.2021 10:05:15.124 GMT-0500,30.881999999999998,30.868000000000002,0.1,0.1
07.04.2021 10:06:33.673 GMT-0500,30.873,30.857,0.1,0.1
07.04.2021 10:07:03.067 GMT-0500,30.883000000000003,30.866999999999997,0.1,0.1
07.04.2021 10:07:07.824 GMT-0500,30.872,30.858000000000004,0.1,0.1
07.04.2021 10:07:48.926 GMT-0500,30.863000000000003,30.846999999999998,0.1,0.1
07.04.2021 10:07:49.460 GMT-0500,30.852,30.838,0.1,0.1
07.04.2021 10:07:49.566 GMT-0500,30.862,30.848000000000003,0.1,0.1
07.04.2021 10:08:10.610 GMT-0500,30.853,30.837,0.1,0.1
07.04.2021 10:08:56.120 GMT-0500,30.843000000000004,30.826999999999998,0.1,0.1
07.04.2021 10:09:15.150 GMT-0500,30.853,30.837,0.1,0.1
07.04.2021 10:09:24.943 GMT-0500,30.843000000000004,30.826999999999998,0.1,0.1
07.04.2021 10:09:27.731 GMT-0500,30.833000000000002,30.817,0.1,0.1
07.04.2021 10:09:28.656 GMT-0500,30.842,30.828000000000003,0.1,0.1
07.04.2021 10:09:31.593 GMT-0500,30.833000000000002,30.817,0.1,0.1
07.04.2021 10:09:39.641 GMT-0500,30.842,30.828000000000003,0.1,0.1
07.04.2021 10:10:18.837 GMT-0500,30.842,30.828000000000003,0.1,0.0008
07.04.2021 10:10:18.887 GMT-0500,30.833000000000002,30.817,0.1,0.1
07.04.2021 10:10:34.543 GMT-0500,30.831999999999997,30.828000000000003,0.0008,0.075
07.04.2021 10:10:34.593 GMT-0500,30.842,30.828000000000003,0.1,0.1
07.04.2021 10:11:12.071 GMT-0500,30.842,30.818,0.1,0.1
07.04.2021 10:11:18.188 GMT-0500,30.842,30.828000000000003,0.1,0.075
07.04.2021 10:11:18.354 GMT-0500,30.843000000000004,30.817,0.1,0.1
07.04.2021 10:11:18.704 GMT-0500,30.842,30.828000000000003,0.1,0.0008
07.04.2021 10:11:19.124 GMT-0500,30.842,30.818,0.1,0.1
07.04.2021 10:11:19.878 GMT-0500,30.843000000000004,30.826999999999998,0.1,0.0008
07.04.2021 10:11:20.031 GMT-0500,30.842,30.818,0.1,0.1
07.04.2021 10:11:20.759 GMT-0500,30.842,30.828000000000003,0.1,0.1
07.04.2021 10:11:26.273 GMT-0500,30.833000000000002,30.817,0.1,0.1
07.04.2021 10:11:37.503 GMT-0500,30.843000000000004,30.817,0.1,0.1
07.04.2021 10:11:37.698 GMT-0500,30.833000000000002,30.817,0.0008,0.1
07.04.2021 10:11:37.817 GMT-0500,30.842,30.828000000000003,0.1,0.1
07.04.2021 10:11:42.863 GMT-0500,30.842,30.828000000000003,0.1,0.0008
07.04.2021 10:11:42.914 GMT-0500,30.831999999999997,30.818,0.1,0.1
07.04.2021 10:13:16.083 GMT-0500,30.843000000000004,30.826999999999998,0.1,0.1
07.04.2021 10:13:35.571 GMT-0500,30.842,30.818,0.1,0.1
07.04.2021 10:13:35.621 GMT-0500,30.831999999999997,30.818,0.1,0.1
07.04.2021 10:13:51.320 GMT-0500,30.823000000000004,30.807,0.1,0.1
07.04.2021 10:14:04.035 GMT-0500,30.831999999999997,30.818,0.1,0.1
07.04.2021 10:14:49.354 GMT-0500,30.843000000000004,30.826999999999998,0.1,0.1
07.04.2021 10:15:28.514 GMT-0500,30.853,30.837,0.1,0.1
07.04.2021 10:15:57.068 GMT-0500,30.843000000000004,30.826999999999998,0.1,0.1
07.04.2021 10:16:25.002 GMT-0500,30.853,30.837,0.1,0.1
07.04.2021 10:16:58.601 GMT-0500,30.842,30.828000000000003,0.1,0.1
07.04.2021 10:17:10.526 GMT-0500,30.831999999999997,30.818,0.1,0.1
07.04.2021 10:17:40.099 GMT-0500,30.843000000000004,30.817,0.1,0.1
07.04.2021 10:17:40.691 GMT-0500,30.831999999999997,30.818,0.0008,0.1
07.04.2021 10:17:47.564 GMT-0500,30.843000000000004,30.817,0.1,0.1
07.04.2021 10:17:47.711 GMT-0500,30.842,30.818,0.1,0.1
07.04.2021 10:17:48.186 GMT-0500,30.842,30.818,0.1,0.1
07.04.2021 10:17:48.496 GMT-0500,30.831999999999997,30.818,0.0008,0.1
07.04.2021 10:17:49.143 GMT-0500,30.843000000000004,30.817,0.1,0.1
07.04.2021 10:17:49.323 GMT-0500,30.842,30.818,0.1,0.1
07.04.2021 10:17:49.781 GMT-0500,30.843000000000004,30.817,0.1,0.1
07.04.2021 10:17:49.912 GMT-0500,30.833000000000002,30.817,0.1,0.1
07.04.2021 10:17:50.215 GMT-0500,30.842,30.818,0.1,0.1
07.04.2021 10:17:51.418 GMT-0500,30.833000000000002,30.817,0.0008,0.1
07.04.2021 10:17:52.085 GMT-0500,30.842,30.818,0.1,0.1
07.04.2021 10:17:52.213 GMT-0500,30.833000000000002,30.817,0.1,0.1
07.04.2021 10:17:52.691 GMT-0500,30.842,30.818,0.1,0.1
07.04.2021 10:17:52.785 GMT-0500,30.833000000000002,30.817,0.0008,0.1
07.04.2021 10:17:53.559 GMT-0500,30.842,30.818,0.1,0.1
07.04.2021 10:17:53.721 GMT-0500,30.833000000000002,30.817,0.0008,0.1
07.04.2021 10:19:22.012 GMT-0500,30.823000000000004,30.807,0.1,0.1
07.04.2021 10:19:42.047 GMT-0500,30.813000000000002,30.797,0.1,0.1
07.04.2021 10:20:04.861 GMT-0500,30.822,30.808000000000003,0.1,0.1
07.04.2021 10:20:17.917 GMT-0500,30.811999999999998,30.798000000000002,0.1,0.1
07.04.2021 10:20:45.676 GMT-0500,30.823000000000004,30.797,0.1,0.1
07.04.2021 10:20:47.116 GMT-0500,30.813000000000002,30.797,0.1,0.1
07.04.2021 10:20:50.515 GMT-0500,30.822,30.798000000000002,0.1,0.1
07.04.2021 10:20:50.565 GMT-0500,30.813000000000002,30.797,0.1,0.1
07.04.2021 10:21:05.787 GMT-0500,30.823000000000004,30.797,0.1,0.1
07.04.2021 10:21:05.948 GMT-0500,30.813000000000002,30.797,0.1,0.1
07.04.2021 10:21:06.872 GMT-0500,30.823000000000004,30.797,0.1,0.1
07.04.2021 10:21:07.046 GMT-0500,30.811999999999998,30.798000000000002,0.0008,0.1
07.04.2021 10:21:22.293 GMT-0500,30.822,30.808000000000003,0.1,0.0008
07.04.2021 10:21:22.344 GMT-0500,30.823000000000004,30.807,0.1,0.1
07.04.2021 10:21:28.912 GMT-0500,30.813000000000002,30.797,0.1,0.1
07.04.2021 10:22:03.536 GMT-0500,30.813000000000002,30.807,0.0008,0.075
07.04.2021 10:22:03.586 GMT-0500,30.822,30.808000000000003,0.1,0.1
07.04.2021 10:23:03.981 GMT-0500,30.831999999999997,30.818,0.1,0.1
07.04.2021 10:23:08.895 GMT-0500,30.843000000000004,30.817,0.1,0.1
07.04.2021 10:23:09.148 GMT-0500,30.833000000000002,30.817,0.0008,0.1
07.04.2021 10:23:09.530 GMT-0500,30.843000000000004,30.817,0.1,0.1
07.04.2021 10:23:09.893 GMT-0500,30.842,30.818,0.1,0.1
07.04.2021 10:23:22.614 GMT-0500,30.822,30.808000000000003,0.1,0.1
07.04.2021 10:23:23.257 GMT-0500,30.831999999999997,30.808000000000003,0.1,0.1
07.04.2021 10:23:23.347 GMT-0500,30.823000000000004,30.807,0.0008,0.1
07.04.2021 10:23:26.040 GMT-0500,30.831999999999997,30.818,0.1,0.1
07.04.2021 10:25:05.507 GMT-0500,30.843000000000004,30.826999999999998,0.1,0.1
07.04.2021 10:26:03.508 GMT-0500,30.833000000000002,30.817,0.1,0.1
07.04.2021 10:27:02.128 GMT-0500,30.842,30.828000000000003,0.1,0.1
07.04.2021 10:27:22.158 GMT-0500,30.833000000000002,30.817,0.1,0.1
07.04.2021 10:27:41.377 GMT-0500,30.843000000000004,30.826999999999998,0.1,0.1
07.04.2021 10:28:00.350 GMT-0500,30.852,30.838,0.1,0.1
07.04.2021 10:28:13.154 GMT-0500,30.842,30.828000000000003,0.1,0.1
07.04.2021 10:28:23.751 GMT-0500,30.853,30.826999999999998,0.1,0.1
07.04.2021 10:28:23.801 GMT-0500,30.853,30.837,0.1,0.1
07.04.2021 10:28:38.824 GMT-0500,30.842,30.828000000000003,0.1,0.1
07.04.2021 10:28:57.006 GMT-0500,30.852,30.828000000000003,0.1,0.1
07.04.2021 10:28:57.801 GMT-0500,30.852,30.828000000000003,0.1,0.1
07.04.2021 10:29:23.354 GMT-0500,30.853,30.826999999999998,0.1,0.1
07.04.2021 10:29:25.341 GMT-0500,30.842,30.828000000000003,0.1,0.1
07.04.2021 10:29:41.195 GMT-0500,30.852,30.828000000000003,0.1,0.1
07.04.2021 10:29:43.120 GMT-0500,30.852,30.828000000000003,0.1,0.1
07.04.2021 10:29:44.873 GMT-0500,30.852,30.828000000000003,0.1,0.1
07.04.2021 10:29:46.786 GMT-0500,30.852,30.828000000000003,0.1,0.1
07.04.2021 10:29:49.232 GMT-0500,30.853,30.826999999999998,0.1,0.1
07.04.2021 10:29:54.409 GMT-0500,30.842,30.828000000000003,0.0008,0.1
07.04.2021 10:29:59.138 GMT-0500,30.852,30.828000000000003,0.1,0.1
07.04.2021 10:29:59.545 GMT-0500,30.843000000000004,30.826999999999998,0.1,0.1
07.04.2021 10:30:02.495 GMT-0500,30.852,30.828000000000003,0.1,0.1
07.04.2021 10:30:03.663 GMT-0500,30.852,30.838,0.1,0.1
07.04.2021 10:30:28.630 GMT-0500,30.863000000000003,30.846999999999998,0.1,0.1
07.04.2021 10:30:28.781 GMT-0500,30.853,30.837,0.1,0.1
07.04.2021 10:30:36.050 GMT-0500,30.842,30.828000000000003,0.1,0.1
07.04.2021 10:31:04.190 GMT-0500,30.833000000000002,30.817,0.1,0.1
07.04.2021 10:31:19.894 GMT-0500,30.842,30.828000000000003,0.1,0.1
07.04.2021 10:31:28.331 GMT-0500,30.833000000000002,30.817,0.1,0.1
07.04.2021 10:31:32.762 GMT-0500,30.843000000000004,30.817,0.1,0.1
07.04.2021 10:31:33.204 GMT-0500,30.843000000000004,30.826999999999998,0.1,0.1
07.04.2021 10:33:19.100 GMT-0500,30.831999999999997,30.818,0.1,0.1
07.04.2021 10:33:29.992 GMT-0500,30.843000000000004,30.826999999999998,0.1,0.1
07.04.2021 10:33:53.490 GMT-0500,30.853,30.837,0.1,0.1
07.04.2021 10:35:05.213 GMT-0500,30.862,30.838,0.1,0.1
07.04.2021 10:35:05.932 GMT-0500,30.863000000000003,30.846999999999998,0.1,0.1
07.04.2021 10:36:11.345 GMT-0500,30.853,30.837,0.1,0.1
07.04.2021 10:36:29.649 GMT-0500,30.842,30.828000000000003,0.1,0.1
07.04.2021 10:37:26.262 GMT-0500,30.852,30.828000000000003,0.1,0.1
07.04.2021 10:37:27.278 GMT-0500,30.842,30.828000000000003,0.1,0.1
07.04.2021 10:37:27.379 GMT-0500,30.853,30.826999999999998,0.1,0.1
07.04.2021 10:37:27.633 GMT-0500,30.852,30.828000000000003,0.1,0.1
07.04.2021 10:37:27.734 GMT-0500,30.852,30.828000000000003,0.1,0.1
07.04.2021 10:37:28.105 GMT-0500,30.852,30.838,0.1,0.0008
07.04.2021 10:40:44.604 GMT-0500,30.863000000000003,30.837,0.1,0.1
07.04.2021 10:40:44.915 GMT-0500,30.862,30.848000000000003,0.1,0.1
07.04.2021 10:40:48.157 GMT-0500,30.852,30.838,0.1,0.1
07.04.2021 10:41:21.512 GMT-0500,30.862,30.838,0.1,0.1
07.04.2021 10:41:21.572 GMT-0500,30.853,30.837,0.1,0.1
07.04.2021 10:41:35.526 GMT-0500,30.863000000000003,30.837,0.1,0.1
07.04.2021 10:41:35.779 GMT-0500,30.853,30.837,0.1,0.1
07.04.2021 10:41:37.625 GMT-0500,30.862,30.838,0.1,0.1
07.04.2021 10:41:38.373 GMT-0500,30.852,30.838,0.1,0.1
07.04.2021 10:41:44.497 GMT-0500,30.863000000000003,30.837,0.1,0.1
07.04.2021 10:41:44.863 GMT-0500,30.863000000000003,30.837,0.1,0.1
07.04.2021 10:41:48.620 GMT-0500,30.863000000000003,30.837,0.1,0.1
07.04.2021 10:41:48.671 GMT-0500,30.862,30.848000000000003,0.1,0.1
07.04.2021 10:42:17.336 GMT-0500,30.853,30.846999999999998,0.0008,0.075
07.04.2021 10:42:17.386 GMT-0500,30.852,30.838,0.1,0.1
07.04.2021 10:42:22.434 GMT-0500,30.863000000000003,30.846999999999998,0.1,0.0008
07.04.2021 10:42:22.484 GMT-0500,30.863000000000003,30.846999999999998,0.1,0.1
07.04.2021 10:43:10.549 GMT-0500,30.853,30.837,0.1,0.1
07.04.2021 10:43:33.372 GMT-0500,30.843000000000004,30.826999999999998,0.1,0.1
07.04.2021 10:44:20.708 GMT-0500,30.853,30.826999999999998,0.1,0.1
07.04.2021 10:44:20.758 GMT-0500,30.843000000000004,30.826999999999998,0.1,0.1
07.04.2021 10:44:26.145 GMT-0500,30.852,30.838,0.1,0.1
07.04.2021 10:44:53.411 GMT-0500,30.843000000000004,30.826999999999998,0.1,0.1
07.04.2021 10:45:07.616 GMT-0500,30.831999999999997,30.818,0.1,0.1
07.04.2021 10:46:07.012 GMT-0500,30.843000000000004,30.826999999999998,0.1,0.1
07.04.2021 10:46:17.894 GMT-0500,30.831999999999997,30.818,0.1,0.1
07.04.2021 10:47:10.301 GMT-0500,30.843000000000004,30.817,0.1,0.1
07.04.2021 10:47:10.406 GMT-0500,30.833000000000002,30.817,0.1,0.1
07.04.2021 10:47:12.526 GMT-0500,30.842,30.818,0.1,0.1
07.04.2021 10:47:12.736 GMT-0500,30.842,30.828000000000003,0.1,0.1
07.04.2021 10:49:18.804 GMT-0500,30.852,30.838,0.1,0.1
07.04.2021 10:49:48.880 GMT-0500,30.863000000000003,30.846999999999998,0.1,0.1
07.04.2021 10:50:03.068 GMT-0500,30.852,30.838,0.1,0.1
07.04.2021 10:50:17.196 GMT-0500,30.862,30.848000000000003,0.1,0.1
07.04.2021 10:51:22.020 GMT-0500,30.852,30.838,0.1,0.1
07.04.2021 10:52:12.322 GMT-0500,30.863000000000003,30.846999999999998,0.1,0.1
07.04.2021 10:53:42.129 GMT-0500,30.852,30.838,0.1,0.1
07.04.2021 10:54:18.935 GMT-0500,30.863000000000003,30.837,0.1,0.1
07.04.2021 10:54:21.852 GMT-0500,30.852,30.838,0.0008,0.1
07.04.2021 10:54:34.360 GMT-0500,30.862,30.838,0.1,0.1
07.04.2021 10:54:35.085 GMT-0500,30.853,30.837,0.0008,0.1
07.04.2021 10:54:41.163 GMT-0500,30.862,30.838,0.1,0.1
07.04.2021 10:54:43.592 GMT-0500,30.853,30.837,0.0008,0.1
07.04.2021 10:55:23.777 GMT-0500,30.863000000000003,30.837,0.1,0.1
07.04.2021 10:55:23.827 GMT-0500,30.863000000000003,30.846999999999998,0.1,0.1
07.04.2021 10:55:41.135 GMT-0500,30.872,30.858000000000004,0.1,0.1
07.04.2021 10:55:47.893 GMT-0500,30.863000000000003,30.846999999999998,0.1,0.1
07.04.2021 10:56:29.371 GMT-0500,30.872,30.858000000000004,0.1,0.1
07.04.2021 10:56:53.745 GMT-0500,30.881999999999998,30.858000000000004,0.1,0.1
07.04.2021 10:56:53.864 GMT-0500,30.872,30.858000000000004,0.0008,0.1
07.04.2021 10:56:53.964 GMT-0500,30.881999999999998,30.858000000000004,0.1,0.1
07.04.2021 10:56:54.419 GMT-0500,30.873,30.857,0.1,0.1
07.04.2021 10:56:54.470 GMT-0500,30.883000000000003,30.857,0.1,0.1
07.04.2021 10:56:54.520 GMT-0500,30.872,30.858000000000004,0.1,0.1
07.04.2021 10:56:54.621 GMT-0500,30.883000000000003,30.857,0.1,0.1
07.04.2021 10:56:56.017 GMT-0500,30.881999999999998,30.858000000000004,0.1,0.1
07.04.2021 10:56:56.313 GMT-0500,30.881999999999998,30.858000000000004,0.1,0.1
07.04.2021 10:56:59.354 GMT-0500,30.873,30.857,0.0008,0.1
07.04.2021 10:58:55.250 GMT-0500,30.873,30.866999999999997,0.0008,0.075
07.04.2021 10:58:55.300 GMT-0500,30.883000000000003,30.866999999999997,0.1,0.1
07.04.2021 10:58:56.252 GMT-0500,30.881999999999998,30.858000000000004,0.1,0.1
07.04.2021 10:58:56.302 GMT-0500,30.873,30.857,0.1,0.1
07.04.2021 10:59:17.482 GMT-0500,30.863000000000003,30.846999999999998,0.1,0.1
07.04.2021 10:59:55.149 GMT-0500,30.862,30.858000000000004,0.0008,0.075
07.04.2021 10:59:55.199 GMT-0500,30.872,30.858000000000004,0.1,0.1
07.04.2021 11:00:06.768 GMT-0500,30.873,30.846999999999998,0.1,0.1
07.04.2021 11:00:13.036 GMT-0500,30.873,30.846999999999998,0.1,0.1
07.04.2021 11:01:09.667 GMT-0500,30.872,30.858000000000004,0.1,0.1
07.04.2021 11:01:18.549 GMT-0500,30.872,30.848000000000003,0.1,0.1
07.04.2021 11:01:19.087 GMT-0500,30.872,30.848000000000003,0.1,0.1
07.04.2021 11:01:32.697 GMT-0500,30.872,30.858000000000004,0.1,0.0008
07.04.2021 11:01:32.747 GMT-0500,30.872,30.858000000000004,0.1,0.1
07.04.2021 11:02:20.121 GMT-0500,30.881999999999998,30.868000000000002,0.1,0.1
07.04.2021 11:02:27.798 GMT-0500,30.883000000000003,30.857,0.1,0.1
07.04.2021 11:02:27.848 GMT-0500,30.872,30.858000000000004,0.1,0.1
07.04.2021 11:04:16.070 GMT-0500,30.883000000000003,30.866999999999997,0.1,0.0008
07.04.2021 11:04:16.120 GMT-0500,30.883000000000003,30.866999999999997,0.1,0.1
07.04.2021 11:04:21.355 GMT-0500,30.881999999999998,30.858000000000004,0.1,0.1
07.04.2021 11:04:21.665 GMT-0500,30.873,30.857,0.1,0.1
07.04.2021 11:06:58.979 GMT-0500,30.881999999999998,30.858000000000004,0.1,0.1
07.04.2021 11:06:59.229 GMT-0500,30.881999999999998,30.858000000000004,0.1,0.1
07.04.2021 11:07:11.877 GMT-0500,30.883000000000003,30.857,0.1,0.1
07.04.2021 11:07:15.729 GMT-0500,30.872,30.858000000000004,0.1,0.1
07.04.2021 11:07:24.084 GMT-0500,30.881999999999998,30.858000000000004,0.1,0.1
07.04.2021 11:07:25.063 GMT-0500,30.872,30.858000000000004,0.1,0.1
07.04.2021 11:07:33.501 GMT-0500,30.883000000000003,30.866999999999997,0.1,0.1
07.04.2021 11:07:41.202 GMT-0500,30.873,30.857,0.0008,0.1
07.04.2021 11:08:13.000 GMT-0500,30.883000000000003,30.857,0.1,0.1
07.04.2021 11:08:15.919 GMT-0500,30.873,30.857,0.0008,0.1
07.04.2021 11:08:31.068 GMT-0500,30.881999999999998,30.858000000000004,0.1,0.1
07.04.2021 11:08:31.118 GMT-0500,30.883000000000003,30.866999999999997,0.1,0.1
07.04.2021 11:10:32.342 GMT-0500,30.892,30.878000000000004,0.1,0.1
07.04.2021 11:10:37.495 GMT-0500,30.883000000000003,30.866999999999997,0.1,0.1
07.04.2021 11:11:20.014 GMT-0500,30.892,30.878000000000004,0.1,0.1
07.04.2021 11:11:22.869 GMT-0500,30.881999999999998,30.868000000000002,0.1,0.1
07.04.2021 11:13:32.906 GMT-0500,30.893000000000004,30.877,0.1,0.1
07.04.2021 11:14:03.979 GMT-0500,30.892,30.868000000000002,0.1,0.1
07.04.2021 11:14:04.030 GMT-0500,30.883000000000003,30.866999999999997,0.1,0.1
07.04.2021 11:15:01.855 GMT-0500,30.893000000000004,30.877,0.1,0.1
07.04.2021 11:15:23.262 GMT-0500,30.881999999999998,30.868000000000002,0.1,0.1
07.04.2021 11:15:32.574 GMT-0500,30.893000000000004,30.877,0.1,0.0008
07.04.2021 11:15:32.624 GMT-0500,30.893000000000004,30.877,0.1,0.1
07.04.2021 11:16:03.233 GMT-0500,30.883000000000003,30.866999999999997,0.1,0.1
07.04.2021 11:16:15.932 GMT-0500,30.893000000000004,30.877,0.1,0.1
07.04.2021 11:16:18.416 GMT-0500,30.893000000000004,30.877,0.1,0.0008
07.04.2021 11:16:18.466 GMT-0500,30.883000000000003,30.866999999999997,0.1,0.1
07.04.2021 11:18:24.779 GMT-0500,30.893000000000004,30.877,0.1,0.1
07.04.2021 11:19:38.731 GMT-0500,30.892,30.878000000000004,0.1,0.0008
07.04.2021 11:19:38.781 GMT-0500,30.881999999999998,30.868000000000002,0.1,0.1
07.04.2021 11:19:58.043 GMT-0500,30.893000000000004,30.877,0.1,0.1
07.04.2021 11:20:48.497 GMT-0500,30.901999999999997,30.888,0.1,0.1
07.04.2021 11:24:05.452 GMT-0500,30.912,30.888,0.1,0.1
07.04.2021 11:24:05.502 GMT-0500,30.913000000000004,30.897,0.1,0.1
07.04.2021 11:25:02.880 GMT-0500,30.923000000000002,30.907,0.1,0.1
07.04.2021 11:25:06.863 GMT-0500,30.933000000000003,30.916999999999998,0.1,0.1
07.04.2021 11:25:11.446 GMT-0500,30.942,30.928,0.1,0.1
07.04.2021 11:25:11.636 GMT-0500,30.932,30.918000000000003,0.1,0.1
07.04.2021 11:26:16.666 GMT-0500,30.932,30.928,0.0008,0.075
07.04.2021 11:26:16.716 GMT-0500,30.943,30.927,0.1,0.1
07.04.2021 11:26:37.577 GMT-0500,30.932,30.918000000000003,0.1,0.1
07.04.2021 11:26:44.776 GMT-0500,30.943,30.916999999999998,0.1,0.1
07.04.2021 11:26:44.826 GMT-0500,30.942,30.928,0.1,0.1
07.04.2021 11:28:41.580 GMT-0500,30.942,30.918000000000003,0.1,0.1
07.04.2021 11:28:41.630 GMT-0500,30.932,30.918000000000003,0.1,0.1
07.04.2021 11:29:41.131 GMT-0500,30.942,30.928,0.1,0.1
07.04.2021 11:29:53.861 GMT-0500,30.933000000000003,30.916999999999998,0.1,0.1
07.04.2021 11:30:46.723 GMT-0500,30.933000000000003,30.907,0.1,0.1
07.04.2021 11:30:46.773 GMT-0500,30.922,30.908,0.1,0.1
07.04.2021 11:31:00.149 GMT-0500,30.923000000000002,30.916999999999998,0.0008,0.075
07.04.2021 11:31:00.199 GMT-0500,30.933000000000003,30.916999999999998,0.1,0.1
07.04.2021 11:32:35.411 GMT-0500,30.943,30.927,0.1,0.1
07.04.2021 11:32:35.624 GMT-0500,30.933000000000003,30.916999999999998,0.1,0.1
07.04.2021 11:32:50.682 GMT-0500,30.922,30.908,0.1,0.1
07.04.2021 11:33:57.231 GMT-0500,30.922,30.898000000000003,0.1,0.1
07.04.2021 11:33:57.331 GMT-0500,30.922,30.908,0.1,0.1
07.04.2021 11:33:58.192 GMT-0500,30.923000000000002,30.897,0.1,0.1
07.04.2021 11:33:58.293 GMT-0500,30.923000000000002,30.907,0.1,0.1
07.04.2021 11:33:59.807 GMT-0500,30.923000000000002,30.897,0.1,0.1
07.04.2021 11:33:59.873 GMT-0500,30.922,30.908,0.1,0.1
07.04.2021 11:34:01.321 GMT-0500,30.922,30.898000000000003,0.1,0.1
07.04.2021 11:34:02.335 GMT-0500,30.923000000000002,30.907,0.1,0.1
07.04.2021 11:34:02.606 GMT-0500,30.913000000000004,30.897,0.1,0.1
07.04.2021 11:35:38.027 GMT-0500,30.922,30.898000000000003,0.1,0.1
07.04.2021 11:35:39.352 GMT-0500,30.923000000000002,30.907,0.1,0.075
07.04.2021 11:36:17.448 GMT-0500,30.932,30.918000000000003,0.1,0.1
07.04.2021 11:36:19.126 GMT-0500,30.933000000000003,30.916999999999998,0.1,0.0008
07.04.2021 11:36:19.176 GMT-0500,30.923000000000002,30.907,0.1,0.1
07.04.2021 11:37:56.519 GMT-0500,30.932,30.918000000000003,0.1,0.0008
07.04.2021 11:37:56.570 GMT-0500,30.933000000000003,30.916999999999998,0.1,0.1
07.04.2021 11:38:05.924 GMT-0500,30.923000000000002,30.907,0.1,0.1
07.04.2021 11:38:40.225 GMT-0500,30.933000000000003,30.907,0.1,0.1
07.04.2021 11:38:43.746 GMT-0500,30.932,30.918000000000003,0.1,0.075
07.04.2021 11:38:54.072 GMT-0500,30.932,30.908,0.1,0.1
07.04.2021 11:38:54.123 GMT-0500,30.923000000000002,30.907,0.1,0.1
07.04.2021 11:39:57.935 GMT-0500,30.933000000000003,30.907,0.1,0.1
07.04.2021 11:39:58.072 GMT-0500,30.932,30.908,0.1,0.1
07.04.2021 11:40:07.851 GMT-0500,30.932,30.908,0.1,0.1
07.04.2021 11:40:08.910 GMT-0500,30.922,30.908,0.0008,0.1
07.04.2021 11:40:12.644 GMT-0500,30.933000000000003,30.907,0.1,0.1
07.04.2021 11:40:13.275 GMT-0500,30.922,30.908,0.1,0.1
07.04.2021 11:40:22.118 GMT-0500,30.933000000000003,30.907,0.1,0.1
07.04.2021 11:40:24.210 GMT-0500,30.922,30.908,0.1,0.1
07.04.2021 11:40:38.389 GMT-0500,30.932,30.908,0.1,0.1
07.04.2021 11:40:39.373 GMT-0500,30.932,30.908,0.1,0.1
07.04.2021 11:41:22.172 GMT-0500,30.923000000000002,30.897,0.1,0.1
07.04.2021 11:41:22.223 GMT-0500,30.913000000000004,30.897,0.1,0.1
07.04.2021 11:43:30.020 GMT-0500,30.923000000000002,30.907,0.1,0.1
07.04.2021 11:43:30.400 GMT-0500,30.913000000000004,30.897,0.1,0.1
07.04.2021 11:44:51.527 GMT-0500,30.912,30.898000000000003,0.1,0.0008
07.04.2021 11:44:51.577 GMT-0500,30.901999999999997,30.888,0.1,0.1
07.04.2021 11:45:14.340 GMT-0500,30.903000000000002,30.877,0.1,0.1
07.04.2021 11:45:14.391 GMT-0500,30.903000000000002,30.887,0.1,0.1
07.04.2021 11:45:15.281 GMT-0500,30.903000000000002,30.877,0.1,0.1
07.04.2021 11:45:15.576 GMT-0500,30.901999999999997,30.888,0.1,0.1
07.04.2021 11:45:45.765 GMT-0500,30.912,30.898000000000003,0.1,0.1
07.04.2021 11:46:04.665 GMT-0500,30.913000000000004,30.897,0.1,0.0008
07.04.2021 11:46:04.716 GMT-0500,30.903000000000002,30.887,0.1,0.1
07.04.2021 11:47:04.707 GMT-0500,30.903000000000002,30.897,0.0008,0.075
07.04.2021 11:47:04.757 GMT-0500,30.913000000000004,30.897,0.1,0.1
07.04.2021 11:48:57.042 GMT-0500,30.923000000000002,30.907,0.1,0.1
07.04.2021 11:49:18.480 GMT-0500,30.912,30.898000000000003,0.1,0.1
07.04.2021 11:49:27.679 GMT-0500,30.903000000000002,30.887,0.1,0.1
07.04.2021 11:49:41.695 GMT-0500,30.913000000000004,30.897,0.1,0.1
07.04.2021 11:50:21.305 GMT-0500,30.903000000000002,30.887,0.1,0.1
07.04.2021 11:52:20.343 GMT-0500,30.913000000000004,30.897,0.1,0.1
07.04.2021 11:53:27.012 GMT-0500,30.923000000000002,30.907,0.1,0.0008
07.04.2021 11:53:27.062 GMT-0500,30.923000000000002,30.907,0.1,0.1
07.04.2021 11:55:25.219 GMT-0500,30.932,30.918000000000003,0.1,0.1
07.04.2021 11:56:03.919 GMT-0500,30.923000000000002,30.907,0.1,0.1
07.04.2021 11:56:48.460 GMT-0500,30.922,30.898000000000003,0.1,0.1
07.04.2021 11:56:48.510 GMT-0500,30.912,30.898000000000003,0.1,0.1
07.04.2021 11:58:07.505 GMT-0500,30.903000000000002,30.887,0.1,0.1
07.04.2021 11:58:45.329 GMT-0500,30.912,30.898000000000003,0.1,0.1
07.04.2021 11:59:56.440 GMT-0500,30.923000000000002,30.907,0.1,0.1
07.04.2021 12:00:14.686 GMT-0500,30.913000000000004,30.897,0.1,0.1
07.04.2021 12:01:11.217 GMT-0500,30.923000000000002,30.907,0.1,0.1
07.04.2021 12:02:33.657 GMT-0500,30.923000000000002,30.907,0.1,0.0008
07.04.2021 12:02:33.707 GMT-0500,30.913000000000004,30.897,0.1,0.1
07.04.2021 12:02:40.886 GMT-0500,30.922,30.898000000000003,0.1,0.1
07.04.2021 12:02:40.974 GMT-0500,30.922,30.898000000000003,0.1,0.1
07.04.2021 12:02:51.386 GMT-0500,30.922,30.898000000000003,0.1,0.1
07.04.2021 12:02:51.861 GMT-0500,30.922,30.898000000000003,0.1,0.1
07.04.2021 12:03:02.803 GMT-0500,30.922,30.908,0.1,0.1
07.04.2021 12:03:18.519 GMT-0500,30.912,30.898000000000003,0.1,0.1
07.04.2021 12:06:01.132 GMT-0500,30.923000000000002,30.907,0.1,0.1
07.04.2021 12:09:08.614 GMT-0500,30.932,30.918000000000003,0.1,0.1
07.04.2021 12:09:26.882 GMT-0500,30.923000000000002,30.907,0.1,0.1
07.04.2021 12:10:05.805 GMT-0500,30.933000000000003,30.916999999999998,0.1,0.1
07.04.2021 12:12:51.571 GMT-0500,30.942,30.928,0.1,0.1
07.04.2021 12:13:52.309 GMT-0500,30.951999999999998,30.938000000000002,0.1,0.1
07.04.2021 12:13:53.790 GMT-0500,30.942,30.928,0.1,0.1
07.04.2021 12:14:47.663 GMT-0500,30.951999999999998,30.938000000000002,0.1,0.1
07.04.2021 12:20:10.025 GMT-0500,30.942,30.928,0.1,0.1
07.04.2021 12:25:07.758 GMT-0500,30.953000000000003,30.936999999999998,0.1,0.0008
07.04.2021 12:25:07.808 GMT-0500,30.951999999999998,30.938000000000002,0.1,0.1
07.04.2021 12:26:02.401 GMT-0500,30.963,30.947,0.1,0.1
07.04.2021 12:28:01.168 GMT-0500,30.953000000000003,30.936999999999998,0.1,0.1
07.04.2021 12:28:56.416 GMT-0500,30.962,30.948000000000004,0.1,0.1
07.04.2021 12:30:25.352 GMT-0500,30.963,30.936999999999998,0.1,0.1
07.04.2021 12:30:25.403 GMT-0500,30.953000000000003,30.936999999999998,0.1,0.1
07.04.2021 12:32:28.989 GMT-0500,30.942,30.928,0.1,0.1
07.04.2021 12:33:45.245 GMT-0500,30.951999999999998,30.938000000000002,0.1,0.1
07.04.2021 12:34:04.026 GMT-0500,30.942,30.928,0.1,0.1
07.04.2021 12:35:15.790 GMT-0500,30.953000000000003,30.936999999999998,0.1,0.1
07.04.2021 12:36:15.317 GMT-0500,30.942,30.928,0.1,0.1
07.04.2021 12:37:36.294 GMT-0500,30.953000000000003,30.927,0.1,0.1
07.04.2021 12:37:36.345 GMT-0500,30.951999999999998,30.938000000000002,0.1,0.1
07.04.2021 12:38:11.029 GMT-0500,30.942,30.928,0.1,0.1
07.04.2021 12:38:49.895 GMT-0500,30.932,30.918000000000003,0.1,0.1
07.04.2021 12:38:50.710 GMT-0500,30.932,30.908,0.1,0.1
07.04.2021 12:38:50.760 GMT-0500,30.923000000000002,30.907,0.1,0.1
07.04.2021 12:39:57.079 GMT-0500,30.932,30.908,0.1,0.1
07.04.2021 12:39:57.130 GMT-0500,30.932,30.918000000000003,0.1,0.1
07.04.2021 12:41:20.549 GMT-0500,30.943,30.927,0.1,0.1
07.04.2021 12:41:58.951 GMT-0500,30.932,30.918000000000003,0.1,0.1
07.04.2021 12:42:59.697 GMT-0500,30.942,30.918000000000003,0.1,0.1
07.04.2021 12:43:03.139 GMT-0500,30.932,30.918000000000003,0.0008,0.1
07.04.2021 12:43:35.140 GMT-0500,30.942,30.918000000000003,0.1,0.1
07.04.2021 12:43:36.070 GMT-0500,30.943,30.916999999999998,0.1,0.1
07.04.2021 12:43:43.120 GMT-0500,30.942,30.918000000000003,0.1,0.1
07.04.2021 12:43:47.578 GMT-0500,30.942,30.918000000000003,0.1,0.1
07.04.2021 12:44:34.548 GMT-0500,30.943,30.927,0.1,0.1
07.04.2021 12:44:41.116 GMT-0500,30.953000000000003,30.927,0.1,0.1
07.04.2021 12:44:41.503 GMT-0500,30.951999999999998,30.938000000000002,0.1,0.1
07.04.2021 12:44:50.197 GMT-0500,30.943,30.927,0.1,0.1
07.04.2021 12:49:57.310 GMT-0500,30.943,30.916999999999998,0.1,0.1
07.04.2021 12:49:57.360 GMT-0500,30.932,30.918000000000003,0.1,0.1
07.04.2021 12:57:36.520 GMT-0500,30.943,30.927,0.1,0.1
07.04.2021 12:58:56.166 GMT-0500,30.953000000000003,30.936999999999998,0.1,0.1
07.04.2021 12:59:15.098 GMT-0500,30.943,30.927,0.1,0.1
07.04.2021 12:59:39.532 GMT-0500,30.953000000000003,30.936999999999998,0.1,0.1
07.04.2021 13:00:09.391 GMT-0500,30.951999999999998,30.928,0.1,0.1
07.04.2021 13:00:09.441 GMT-0500,30.942,30.928,0.1,0.1
07.04.2021 13:00:09.862 GMT-0500,30.951999999999998,30.928,0.1,0.1
07.04.2021 13:00:09.925 GMT-0500,30.951999999999998,30.928,0.1,0.1
07.04.2021 13:00:10.157 GMT-0500,30.953000000000003,30.927,0.1,0.1
07.04.2021 13:00:12.583 GMT-0500,30.951999999999998,30.928,0.1,0.1
07.04.2021 13:00:16.708 GMT-0500,30.953000000000003,30.927,0.1,0.1
07.04.2021 13:00:17.738 GMT-0500,30.953000000000003,30.927,0.1,0.1
07.04.2021 13:00:21.719 GMT-0500,30.953000000000003,30.927,0.1,0.1
07.04.2021 13:00:21.805 GMT-0500,30.953000000000003,30.927,0.1,0.1
07.04.2021 13:00:23.311 GMT-0500,30.953000000000003,30.927,0.1,0.1
07.04.2021 13:00:23.409 GMT-0500,30.943,30.927,0.1,0.1
07.04.2021 13:00:24.220 GMT-0500,30.953000000000003,30.927,0.1,0.1
07.04.2021 13:00:35.004 GMT-0500,30.943,30.927,0.1,0.1
07.04.2021 13:01:30.001 GMT-0500,30.932,30.918000000000003,0.1,0.1
07.04.2021 13:01:34.607 GMT-0500,30.922,30.908,0.1,0.1
07.04.2021 13:02:03.275 GMT-0500,30.932,30.918000000000003,0.1,0.0008
07.04.2021 13:02:03.325 GMT-0500,30.932,30.918000000000003,0.1,0.1
07.04.2021 13:02:57.647 GMT-0500,30.943,30.916999999999998,0.1,0.1
07.04.2021 13:02:57.697 GMT-0500,30.942,30.928,0.1,0.1
07.04.2021 13:03:02.872 GMT-0500,30.942,30.918000000000003,0.1,0.1
07.04.2021 13:03:02.922 GMT-0500,30.933000000000003,30.916999999999998,0.1,0.1
07.04.2021 13:03:13.825 GMT-0500,30.943,30.927,0.1,0.0008
07.04.2021 13:03:13.876 GMT-0500,30.943,30.927,0.1,0.1
07.04.2021 13:03:47.435 GMT-0500,30.933000000000003,30.916999999999998,0.1,0.1
07.04.2021 13:06:23.945 GMT-0500,30.922,30.908,0.1,0.1
07.04.2021 13:06:30.231 GMT-0500,30.933000000000003,30.907,0.1,0.1
07.04.2021 13:06:30.282 GMT-0500,30.933000000000003,30.916999999999998,0.1,0.1
07.04.2021 13:08:19.730 GMT-0500,30.923000000000002,30.907,0.1,0.1
07.04.2021 13:08:38.308 GMT-0500,30.913000000000004,30.897,0.1,0.1
07.04.2021 13:08:38.358 GMT-0500,30.922,30.898000000000003,0.1,0.1
07.04.2021 13:08:38.408 GMT-0500,30.913000000000004,30.897,0.1,0.1
07.04.2021 13:08:38.522 GMT-0500,30.913000000000004,30.907,0.0008,0.075
07.04.2021 13:08:38.572 GMT-0500,30.923000000000002,30.907,0.1,0.1
07.04.2021 13:11:04.136 GMT-0500,30.933000000000003,30.916999999999998,0.1,0.1
07.04.2021 13:11:12.321 GMT-0500,30.932,30.908,0.1,0.1
07.04.2021 13:11:12.372 GMT-0500,30.922,30.908,0.1,0.1
07.04.2021 13:15:56.247 GMT-0500,30.912,30.898000000000003,0.1,0.1
07.04.2021 13:17:47.673 GMT-0500,30.923000000000002,30.897,0.1,0.1
07.04.2021 13:17:51.201 GMT-0500,30.912,30.898000000000003,0.1,0.1
07.04.2021 13:17:54.574 GMT-0500,30.922,30.898000000000003,0.1,0.1
07.04.2021 13:17:59.261 GMT-0500,30.913000000000004,30.897,0.1,0.1
07.04.2021 13:18:07.709 GMT-0500,30.923000000000002,30.897,0.1,0.1
07.04.2021 13:18:09.590 GMT-0500,30.922,30.908,0.1,0.075
07.04.2021 13:18:14.459 GMT-0500,30.922,30.898000000000003,0.1,0.1
07.04.2021 13:18:15.078 GMT-0500,30.923000000000002,30.907,0.1,0.075
07.04.2021 13:18:18.048 GMT-0500,30.923000000000002,30.907,0.1,0.0008
07.04.2021 13:18:18.098 GMT-0500,30.912,30.898000000000003,0.1,0.1
07.04.2021 13:21:13.401 GMT-0500,30.903000000000002,30.887,0.1,0.1
07.04.2021 13:22:34.822 GMT-0500,30.912,30.898000000000003,0.1,0.1
07.04.2021 13:23:19.736 GMT-0500,30.922,30.908,0.1,0.1
07.04.2021 13:23:57.206 GMT-0500,30.933000000000003,30.916999999999998,0.1,0.1
07.04.2021 13:24:33.275 GMT-0500,30.932,30.908,0.1,0.1
07.04.2021 13:24:33.325 GMT-0500,30.933000000000003,30.916999999999998,0.1,0.1
07.04.2021 13:24:35.871 GMT-0500,30.923000000000002,30.907,0.1,0.1
07.04.2021 13:24:50.971 GMT-0500,30.933000000000003,30.916999999999998,0.1,0.1
07.04.2021 13:25:09.548 GMT-0500,30.922,30.908,0.1,0.1
07.04.2021 13:32:20.125 GMT-0500,30.932,30.908,0.1,0.1
07.04.2021 13:32:20.176 GMT-0500,30.933000000000003,30.916999999999998,0.1,0.1
07.04.2021 13:33:59.654 GMT-0500,30.942,30.928,0.1,0.1
07.04.2021 13:34:11.887 GMT-0500,30.933000000000003,30.916999999999998,0.1,0.1
07.04.2021 13:34:32.575 GMT-0500,30.922,30.918000000000003,0.0008,0.075
07.04.2021 13:34:32.625 GMT-0500,30.923000000000002,30.907,0.1,0.1
07.04.2021 13:35:31.263 GMT-0500,30.933000000000003,30.916999999999998,0.1,0.1
07.04.2021 13:37:01.501 GMT-0500,30.923000000000002,30.907,0.1,0.1
07.04.2021 13:38:05.851 GMT-0500,30.932,30.908,0.1,0.1
07.04.2021 13:38:05.901 GMT-0500,30.932,30.918000000000003,0.1,0.1
07.04.2021 13:39:46.322 GMT-0500,30.943,30.927,0.1,0.1
07.04.2021 13:39:47.386 GMT-0500,30.933000000000003,30.916999999999998,0.1,0.1
07.04.2021 13:41:30.143 GMT-0500,30.943,30.927,0.1,0.1
07.04.2021 13:47:50.314 GMT-0500,30.953000000000003,30.936999999999998,0.1,0.1
07.04.2021 13:48:02.651 GMT-0500,30.943,30.927,0.1,0.1
07.04.2021 13:49:02.416 GMT-0500,30.953000000000003,30.936999999999998,0.1,0.1
07.04.2021 13:50:43.213 GMT-0500,30.962,30.948000000000004,0.1,0.1
07.04.2021 13:51:01.260 GMT-0500,30.951999999999998,30.938000000000002,0.1,0.1
07.04.2021 13:51:02.131 GMT-0500,30.942,30.928,0.1,0.1
07.04.2021 13:51:02.281 GMT-0500,30.953000000000003,30.936999999999998,0.1,0.1
07.04.2021 13:51:19.946 GMT-0500,30.942,30.928,0.1,0.1
07.04.2021 13:52:13.948 GMT-0500,30.953000000000003,30.936999999999998,0.1,0.1
07.04.2021 13:52:33.998 GMT-0500,30.943,30.927,0.1,0.1
07.04.2021 13:53:29.910 GMT-0500,30.953000000000003,30.936999999999998,0.1,0.1
07.04.2021 13:53:44.028 GMT-0500,30.943,30.927,0.1,0.1
07.04.2021 13:58:47.999 GMT-0500,30.933000000000003,30.916999999999998,0.1,0.1
07.04.2021 14:01:20.755 GMT-0500,30.942,30.928,0.1,0.1
07.04.2021 14:02:03.703 GMT-0500,30.943,30.916999999999998,0.1,0.1
07.04.2021 14:02:03.754 GMT-0500,30.933000000000003,30.916999999999998,0.1,0.1
07.04.2021 14:02:31.572 GMT-0500,30.932,30.928,0.0008,0.075
07.04.2021 14:02:31.622 GMT-0500,30.942,30.928,0.1,0.1
07.04.2021 14:03:11.796 GMT-0500,30.951999999999998,30.938000000000002,0.1,0.1
07.04.2021 14:05:06.928 GMT-0500,30.943,30.927,0.1,0.1
07.04.2021 14:06:11.002 GMT-0500,30.951999999999998,30.928,0.1,0.1
07.04.2021 14:06:11.052 GMT-0500,30.951999999999998,30.938000000000002,0.1,0.1
07.04.2021 14:06:25.105 GMT-0500,30.943,30.927,0.1,0.1
07.04.2021 14:08:01.563 GMT-0500,30.933000000000003,30.916999999999998,0.1,0.1
07.04.2021 14:09:18.462 GMT-0500,30.943,30.927,0.1,0.0008
07.04.2021 14:09:18.513 GMT-0500,30.943,30.927,0.1,0.1
07.04.2021 14:09:42.281 GMT-0500,30.943,30.927,0.1,0.0008
07.04.2021 14:09:42.331 GMT-0500,30.932,30.918000000000003,0.1,0.1
07.04.2021 14:11:53.454 GMT-0500,30.942,30.928,0.1,0.1
07.04.2021 14:13:39.834 GMT-0500,30.932,30.918000000000003,0.1,0.1
07.04.2021 14:14:52.515 GMT-0500,30.943,30.927,0.1,0.1
07.04.2021 14:19:34.959 GMT-0500,30.953000000000003,30.936999999999998,0.1,0.1
07.04.2021 14:25:32.173 GMT-0500,30.963,30.947,0.1,0.1
07.04.2021 14:25:32.884 GMT-0500,30.953000000000003,30.936999999999998,0.1,0.1
07.04.2021 14:27:16.141 GMT-0500,30.942,30.928,0.1,0.1
07.04.2021 14:29:31.740 GMT-0500,30.951999999999998,30.938000000000002,0.1,0.1
07.04.2021 14:30:05.314 GMT-0500,30.943,30.927,0.1,0.1
07.04.2021 14:30:54.139 GMT-0500,30.953000000000003,30.936999999999998,0.1,0.1
07.04.2021 14:34:20.835 GMT-0500,30.963,30.947,0.1,0.1
07.04.2021 14:34:52.909 GMT-0500,30.973000000000003,30.947,0.1,0.1
07.04.2021 14:34:53.161 GMT-0500,30.973000000000003,30.947,0.1,0.1
07.04.2021 14:35:01.477 GMT-0500,30.973000000000003,30.956999999999997,0.1,0.1
07.04.2021 14:35:30.775 GMT-0500,30.983000000000004,30.967,0.1,0.1
07.04.2021 14:35:42.128 GMT-0500,30.973000000000003,30.956999999999997,0.1,0.1
07.04.2021 14:35:51.570 GMT-0500,30.963,30.947,0.1,0.1
07.04.2021 14:38:05.394 GMT-0500,30.971999999999998,30.958000000000002,0.1,0.1
07.04.2021 14:38:17.155 GMT-0500,30.963,30.947,0.1,0.1
07.04.2021 14:38:45.680 GMT-0500,30.973000000000003,30.956999999999997,0.1,0.1
07.04.2021 14:38:58.517 GMT-0500,30.963,30.947,0.1,0.1
07.04.2021 14:39:39.485 GMT-0500,30.971999999999998,30.958000000000002,0.1,0.1
07.04.2021 14:40:46.261 GMT-0500,30.982,30.968000000000004,0.1,0.1
07.04.2021 14:40:54.379 GMT-0500,30.971999999999998,30.958000000000002,0.1,0.1
07.04.2021 14:41:51.799 GMT-0500,30.962,30.948000000000004,0.1,0.1
07.04.2021 14:42:14.608 GMT-0500,30.971999999999998,30.948000000000004,0.1,0.1
07.04.2021 14:42:14.658 GMT-0500,30.973000000000003,30.956999999999997,0.1,0.1
07.04.2021 14:42:20.029 GMT-0500,30.963,30.947,0.1,0.1
07.04.2021 14:42:53.454 GMT-0500,30.971999999999998,30.958000000000002,0.1,0.1
07.04.2021 14:42:54.109 GMT-0500,30.962,30.948000000000004,0.1,0.1
07.04.2021 14:44:56.531 GMT-0500,30.973000000000003,30.947,0.1,0.1
07.04.2021 14:44:57.286 GMT-0500,30.962,30.948000000000004,0.1,0.1
07.04.2021 14:44:57.674 GMT-0500,30.971999999999998,30.948000000000004,0.1,0.1
07.04.2021 14:44:58.008 GMT-0500,30.971999999999998,30.948000000000004,0.1,0.1
07.04.2021 14:44:58.109 GMT-0500,30.973000000000003,30.947,0.1,0.1
07.04.2021 14:44:58.252 GMT-0500,30.963,30.947,0.0008,0.1
07.04.2021 14:45:00.020 GMT-0500,30.973000000000003,30.947,0.1,0.1
07.04.2021 14:45:00.121 GMT-0500,30.963,30.947,0.1,0.1
07.04.2021 14:45:00.282 GMT-0500,30.973000000000003,30.947,0.1,0.1
07.04.2021 14:45:02.568 GMT-0500,30.963,30.947,0.1,0.1
07.04.2021 14:45:02.719 GMT-0500,30.973000000000003,30.956999999999997,0.1,0.1
07.04.2021 14:45:07.553 GMT-0500,30.963,30.947,0.1,0.1
07.04.2021 14:46:12.916 GMT-0500,30.971999999999998,30.948000000000004,0.1,0.1
07.04.2021 14:46:14.083 GMT-0500,30.971999999999998,30.958000000000002,0.1,0.075
07.04.2021 14:46:35.231 GMT-0500,30.962,30.948000000000004,0.1,0.1
07.04.2021 14:50:08.011 GMT-0500,30.951999999999998,30.938000000000002,0.1,0.1
07.04.2021 14:50:12.579 GMT-0500,30.943,30.927,0.1,0.1
07.04.2021 14:50:38.892 GMT-0500,30.932,30.918000000000003,0.1,0.1
07.04.2021 14:50:52.220 GMT-0500,30.922,30.908,0.1,0.1
07.04.2021 14:52:41.209 GMT-0500,30.932,30.918000000000003,0.1,0.1
07.04.2021 14:53:28.824 GMT-0500,30.922,30.908,0.1,0.1
07.04.2021 14:54:00.293 GMT-0500,30.932,30.918000000000003,0.1,0.1
07.04.2021 14:54:02.102 GMT-0500,30.933000000000003,30.907,0.1,0.1
07.04.2021 14:54:02.152 GMT-0500,30.922,30.908,0.1,0.1
07.04.2021 14:54:08.620 GMT-0500,30.932,30.908,0.1,0.1
07.04.2021 14:54:09.998 GMT-0500,30.933000000000003,30.907,0.1,0.1
07.04.2021 14:54:30.666 GMT-0500,30.932,30.908,0.1,0.1
07.04.2021 14:54:30.817 GMT-0500,30.923000000000002,30.907,0.1,0.1
07.04.2021 14:54:50.372 GMT-0500,30.933000000000003,30.907,0.1,0.1
07.04.2021 14:54:50.451 GMT-0500,30.923000000000002,30.907,0.1,0.1
07.04.2021 14:54:51.280 GMT-0500,30.932,30.908,0.1,0.1
07.04.2021 14:54:51.330 GMT-0500,30.922,30.908,0.1,0.1
07.04.2021 14:54:59.152 GMT-0500,30.932,30.908,0.1,0.1
07.04.2021 14:55:00.128 GMT-0500,30.922,30.908,0.1,0.1
07.04.2021 14:55:44.200 GMT-0500,30.932,30.918000000000003,0.1,0.1
07.04.2021 14:55:44.710 GMT-0500,30.932,30.908,0.1,0.1
07.04.2021 14:55:45.005 GMT-0500,30.923000000000002,30.907,0.1,0.1
07.04.2021 14:57:41.915 GMT-0500,30.932,30.918000000000003,0.1,0.1
07.04.2021 14:58:18.719 GMT-0500,30.923000000000002,30.907,0.1,0.1
07.04.2021 14:59:09.341 GMT-0500,30.933000000000003,30.916999999999998,0.1,0.1