Local time,Ask,Bid,AskVolume,BidVolume
08.04.2021 08:30:00.212 GMT-0500,30.491999999999997,30.298000000000002,0.0008,0.0008
08.04.2021 08:30:00.615 GMT-0500,30.493000000000002,30.296999999999997,0.1,0.0008
08.04.2021 08:30:00.666 GMT-0500,30.333000000000002,30.287,0.1,0.1
08.04.2021 08:30:00.716 GMT-0500,30.323000000000004,30.287,0.0008,0.1
08.04.2021 08:30:00.767 GMT-0500,30.333000000000002,30.287,0.1,0.1
08.04.2021 08:30:02.139 GMT-0500,30.331999999999997,30.288000000000004,0.1,0.1
08.04.2021 08:30:02.190 GMT-0500,30.303,30.247,0.1,0.1
08.04.2021 08:30:03.093 GMT-0500,30.352,30.288000000000004,0.1,0.0008
08.04.2021 08:30:03.143 GMT-0500,30.333000000000002,30.287,0.1,0.1
08.04.2021 08:30:03.218 GMT-0500,30.333000000000002,30.307,0.0008,0.075
08.04.2021 08:30:03.268 GMT-0500,30.353,30.307,0.1,0.1
08.04.2021 08:30:03.505 GMT-0500,30.343000000000004,30.307,0.0008,0.075
08.04.2021 08:30:03.555 GMT-0500,30.372,30.288000000000004,0.1,0.1
08.04.2021 08:30:04.098 GMT-0500,30.342,30.288000000000004,0.0008,0.1
08.04.2021 08:30:04.148 GMT-0500,30.352,30.288000000000004,0.1,0.1
08.04.2021 08:30:04.363 GMT-0500,30.333000000000002,30.287,0.0008,0.1
08.04.2021 08:30:04.414 GMT-0500,30.353,30.287,0.1,0.1
08.04.2021 08:30:06.099 GMT-0500,30.352,30.288000000000004,0.1,0.1
08.04.2021 08:30:06.149 GMT-0500,30.353,30.287,0.1,0.1
08.04.2021 08:30:07.261 GMT-0500,30.331999999999997,30.288000000000004,0.0008,0.1
08.04.2021 08:30:07.362 GMT-0500,30.353,30.287,0.1,0.1
08.04.2021 08:30:07.569 GMT-0500,30.331999999999997,30.288000000000004,0.1,0.1
08.04.2021 08:30:07.620 GMT-0500,30.352,30.288000000000004,0.1,0.1
08.04.2021 08:30:09.007 GMT-0500,30.352,30.318,0.0008,0.075
08.04.2021 08:30:09.057 GMT-0500,30.373,30.307,0.1,0.1
08.04.2021 08:30:09.580 GMT-0500,30.353,30.307,0.1,0.1
08.04.2021 08:30:10.874 GMT-0500,30.343000000000004,30.307,0.0008,0.075
08.04.2021 08:30:10.924 GMT-0500,30.352,30.288000000000004,0.1,0.1
08.04.2021 08:30:12.091 GMT-0500,30.352,30.288000000000004,0.1,0.1
08.04.2021 08:30:12.141 GMT-0500,30.333000000000002,30.287,0.1,0.1
08.04.2021 08:30:13.565 GMT-0500,30.342,30.288000000000004,0.1,0.1
08.04.2021 08:30:13.767 GMT-0500,30.353,30.287,0.1,0.1
08.04.2021 08:30:14.092 GMT-0500,30.303,30.287,0.0008,0.075
08.04.2021 08:30:14.143 GMT-0500,30.323000000000004,30.267,0.1,0.1
08.04.2021 08:30:14.796 GMT-0500,30.322,30.268,0.1,0.1
08.04.2021 08:30:15.022 GMT-0500,30.322,30.268,0.1,0.1
08.04.2021 08:30:19.104 GMT-0500,30.302,30.268,0.0008,0.1
08.04.2021 08:30:19.155 GMT-0500,30.323000000000004,30.267,0.1,0.1
08.04.2021 08:30:19.263 GMT-0500,30.311999999999998,30.268,0.0008,0.1
08.04.2021 08:30:19.572 GMT-0500,30.323000000000004,30.267,0.1,0.1
08.04.2021 08:30:23.605 GMT-0500,30.322,30.268,0.1,0.1
08.04.2021 08:30:23.705 GMT-0500,30.322,30.268,0.1,0.1
08.04.2021 08:30:23.793 GMT-0500,30.303,30.276999999999997,0.0008,0.0008
08.04.2021 08:30:25.734 GMT-0500,30.272,30.268,0.0008,0.075
08.04.2021 08:30:25.784 GMT-0500,30.282,30.248,0.1,0.1
08.04.2021 08:30:27.051 GMT-0500,30.282,30.258000000000003,0.1,0.0008
08.04.2021 08:30:27.177 GMT-0500,30.283,30.247,0.1,0.1
08.04.2021 08:30:29.305 GMT-0500,30.282,30.258000000000003,0.1,0.1
08.04.2021 08:30:31.095 GMT-0500,30.283,30.267,0.0008,0.075
08.04.2021 08:30:31.145 GMT-0500,30.291999999999998,30.268,0.1,0.1
08.04.2021 08:30:32.113 GMT-0500,30.291999999999998,30.258000000000003,0.1,0.1
08.04.2021 08:30:33.107 GMT-0500,30.291999999999998,30.268,0.1,0.0008
08.04.2021 08:30:33.157 GMT-0500,30.293000000000003,30.256999999999998,0.1,0.1
08.04.2021 08:30:33.942 GMT-0500,30.293000000000003,30.267,0.1,0.0008
08.04.2021 08:30:35.087 GMT-0500,30.291999999999998,30.268,0.1,0.0008
08.04.2021 08:30:35.138 GMT-0500,30.283,30.256999999999998,0.1,0.1
08.04.2021 08:30:35.188 GMT-0500,30.273000000000003,30.256999999999998,0.1,0.1
08.04.2021 08:30:35.238 GMT-0500,30.283,30.256999999999998,0.1,0.1
08.04.2021 08:30:35.945 GMT-0500,30.283,30.247,0.1,0.1
08.04.2021 08:30:36.041 GMT-0500,30.282,30.258000000000003,0.1,0.075
08.04.2021 08:30:36.417 GMT-0500,30.263,30.256999999999998,0.0008,0.075
08.04.2021 08:30:36.467 GMT-0500,30.273000000000003,30.247,0.1,0.1
08.04.2021 08:30:38.804 GMT-0500,30.273000000000003,30.256999999999998,0.1,0.0008
08.04.2021 08:30:38.854 GMT-0500,30.272,30.248,0.1,0.1
08.04.2021 08:30:39.071 GMT-0500,30.272,30.258000000000003,0.0008,0.075
08.04.2021 08:30:39.122 GMT-0500,30.283,30.256999999999998,0.1,0.1
08.04.2021 08:30:39.172 GMT-0500,30.273000000000003,30.256999999999998,0.1,0.1
08.04.2021 08:30:41.887 GMT-0500,30.282,30.258000000000003,0.1,0.1
08.04.2021 08:30:43.403 GMT-0500,30.293000000000003,30.267,0.1,0.1
08.04.2021 08:30:43.531 GMT-0500,30.303,30.267,0.1,0.1
08.04.2021 08:30:44.087 GMT-0500,30.303,30.287,0.0008,0.075
08.04.2021 08:30:44.138 GMT-0500,30.342,30.308000000000003,0.1,0.1
08.04.2021 08:30:44.195 GMT-0500,30.331999999999997,30.298000000000002,0.1,0.1
08.04.2021 08:30:44.880 GMT-0500,30.333000000000002,30.307,0.1,0.1
08.04.2021 08:30:44.980 GMT-0500,30.342,30.308000000000003,0.1,0.1
08.04.2021 08:30:47.094 GMT-0500,30.333000000000002,30.307,0.1,0.1
08.04.2021 08:30:47.144 GMT-0500,30.331999999999997,30.298000000000002,0.1,0.1
08.04.2021 08:30:47.195 GMT-0500,30.322,30.288000000000004,0.1,0.1
08.04.2021 08:30:47.593 GMT-0500,30.322,30.298000000000002,0.1,0.0008
08.04.2021 08:30:47.644 GMT-0500,30.322,30.288000000000004,0.1,0.1
08.04.2021 08:30:48.116 GMT-0500,30.313000000000002,30.287,0.0008,0.075
08.04.2021 08:30:48.167 GMT-0500,30.313000000000002,30.276999999999997,0.1,0.1
08.04.2021 08:30:48.217 GMT-0500,30.302,30.278000000000002,0.1,0.1
08.04.2021 08:30:49.809 GMT-0500,30.311999999999998,30.278000000000002,0.1,0.1
08.04.2021 08:30:50.094 GMT-0500,30.291999999999998,30.268,0.1,0.1
08.04.2021 08:30:50.144 GMT-0500,30.302,30.268,0.1,0.1
08.04.2021 08:30:50.230 GMT-0500,30.302,30.268,0.1,0.1
08.04.2021 08:30:50.331 GMT-0500,30.303,30.276999999999997,0.1,0.1
08.04.2021 08:30:50.502 GMT-0500,30.303,30.267,0.1,0.1
08.04.2021 08:30:50.911 GMT-0500,30.303,30.267,0.1,0.1
08.04.2021 08:30:51.012 GMT-0500,30.302,30.268,0.1,0.1
08.04.2021 08:30:51.088 GMT-0500,30.303,30.267,0.1,0.0008
08.04.2021 08:30:51.138 GMT-0500,30.293000000000003,30.267,0.1,0.1
08.04.2021 08:30:51.189 GMT-0500,30.282,30.258000000000003,0.1,0.1
08.04.2021 08:30:52.933 GMT-0500,30.283,30.256999999999998,0.1,0.0008
08.04.2021 08:30:52.983 GMT-0500,30.273000000000003,30.247,0.1,0.1
08.04.2021 08:30:53.907 GMT-0500,30.282,30.248,0.1,0.1
08.04.2021 08:30:56.615 GMT-0500,30.283,30.256999999999998,0.1,0.075
08.04.2021 08:30:56.666 GMT-0500,30.282,30.248,0.1,0.1
08.04.2021 08:30:57.257 GMT-0500,30.282,30.258000000000003,0.1,0.075
08.04.2021 08:30:58.022 GMT-0500,30.272,30.258000000000003,0.0008,0.075
08.04.2021 08:30:58.072 GMT-0500,30.273000000000003,30.247,0.1,0.1
08.04.2021 08:30:59.750 GMT-0500,30.282,30.248,0.1,0.1
08.04.2021 08:30:59.956 GMT-0500,30.272,30.248,0.0008,0.1
08.04.2021 08:31:00.566 GMT-0500,30.283,30.247,0.1,0.1
08.04.2021 08:31:00.616 GMT-0500,30.272,30.248,0.0008,0.1
08.04.2021 08:31:06.324 GMT-0500,30.272,30.258000000000003,0.0008,0.075
08.04.2021 08:31:06.577 GMT-0500,30.273000000000003,30.247,0.1,0.1
08.04.2021 08:31:07.698 GMT-0500,30.272,30.248,0.1,0.1
08.04.2021 08:31:08.656 GMT-0500,30.283,30.256999999999998,0.1,0.1
08.04.2021 08:31:08.767 GMT-0500,30.291999999999998,30.258000000000003,0.1,0.1
08.04.2021 08:31:09.093 GMT-0500,30.291999999999998,30.258000000000003,0.1,0.1
08.04.2021 08:31:09.479 GMT-0500,30.293000000000003,30.267,0.1,0.1
08.04.2021 08:31:10.039 GMT-0500,30.272,30.258000000000003,0.1,0.1
08.04.2021 08:31:12.363 GMT-0500,30.283,30.256999999999998,0.1,0.1
08.04.2021 08:31:19.590 GMT-0500,30.283,30.267,0.1,0.1
08.04.2021 08:31:19.640 GMT-0500,30.291999999999998,30.268,0.1,0.1
08.04.2021 08:31:19.691 GMT-0500,30.283,30.256999999999998,0.1,0.1
08.04.2021 08:31:19.864 GMT-0500,30.273000000000003,30.256999999999998,0.1,0.1
08.04.2021 08:31:20.102 GMT-0500,30.263,30.256999999999998,0.0008,0.075
08.04.2021 08:31:20.152 GMT-0500,30.272,30.248,0.1,0.1
08.04.2021 08:31:20.553 GMT-0500,30.262,30.248,0.1,0.1
08.04.2021 08:31:20.958 GMT-0500,30.272,30.248,0.1,0.1
08.04.2021 08:31:21.087 GMT-0500,30.263,30.247,0.1,0.1
08.04.2021 08:31:21.218 GMT-0500,30.253000000000004,30.237,0.1,0.1
08.04.2021 08:31:21.712 GMT-0500,30.263,30.237,0.1,0.1
08.04.2021 08:31:22.776 GMT-0500,30.263,30.237,0.1,0.1
08.04.2021 08:31:22.897 GMT-0500,30.263,30.247,0.1,0.1
08.04.2021 08:31:23.281 GMT-0500,30.263,30.247,0.1,0.0008
08.04.2021 08:31:23.331 GMT-0500,30.262,30.238000000000003,0.1,0.1
08.04.2021 08:31:24.455 GMT-0500,30.263,30.237,0.1,0.1
08.04.2021 08:31:25.101 GMT-0500,30.241999999999997,30.228,0.1,0.1
08.04.2021 08:31:25.663 GMT-0500,30.253000000000004,30.227,0.1,0.1
08.04.2021 08:31:31.179 GMT-0500,30.253000000000004,30.227,0.1,0.1
08.04.2021 08:31:31.380 GMT-0500,30.253000000000004,30.227,0.1,0.1
08.04.2021 08:31:31.508 GMT-0500,30.243000000000002,30.217,0.1,0.1
08.04.2021 08:31:32.964 GMT-0500,30.233000000000004,30.217,0.1,0.1
08.04.2021 08:31:37.167 GMT-0500,30.232,30.208000000000002,0.1,0.1
08.04.2021 08:31:41.796 GMT-0500,30.232,30.218000000000004,0.1,0.075
08.04.2021 08:31:41.846 GMT-0500,30.232,30.208000000000002,0.1,0.1
08.04.2021 08:31:42.968 GMT-0500,30.232,30.218000000000004,0.1,0.0008
08.04.2021 08:31:43.018 GMT-0500,30.241999999999997,30.218000000000004,0.1,0.1
08.04.2021 08:31:44.054 GMT-0500,30.241999999999997,30.218000000000004,0.1,0.1
08.04.2021 08:31:44.674 GMT-0500,30.233000000000004,30.206999999999997,0.1,0.1
08.04.2021 08:31:45.658 GMT-0500,30.233000000000004,30.217,0.1,0.0008
08.04.2021 08:31:45.708 GMT-0500,30.241999999999997,30.218000000000004,0.1,0.1
08.04.2021 08:31:46.098 GMT-0500,30.243000000000002,30.217,0.1,0.0008
08.04.2021 08:31:46.149 GMT-0500,30.232,30.208000000000002,0.1,0.1
08.04.2021 08:31:49.827 GMT-0500,30.233000000000004,30.217,0.1,0.1
08.04.2021 08:31:50.094 GMT-0500,30.241999999999997,30.218000000000004,0.1,0.1
08.04.2021 08:31:52.141 GMT-0500,30.243000000000002,30.217,0.1,0.1
08.04.2021 08:31:52.191 GMT-0500,30.243000000000002,30.217,0.1,0.1
08.04.2021 08:31:53.155 GMT-0500,30.243000000000002,30.227,0.1,0.075
08.04.2021 08:31:54.019 GMT-0500,30.232,30.218000000000004,0.1,0.1
08.04.2021 08:31:54.128 GMT-0500,30.232,30.208000000000002,0.1,0.1
08.04.2021 08:31:56.503 GMT-0500,30.232,30.218000000000004,0.1,0.075
08.04.2021 08:31:56.701 GMT-0500,30.243000000000002,30.217,0.1,0.1
08.04.2021 08:31:59.095 GMT-0500,30.232,30.218000000000004,0.0008,0.1
08.04.2021 08:31:59.145 GMT-0500,30.233000000000004,30.206999999999997,0.1,0.1
08.04.2021 08:31:59.356 GMT-0500,30.233000000000004,30.217,0.1,0.1
08.04.2021 08:31:59.491 GMT-0500,30.233000000000004,30.206999999999997,0.1,0.1
08.04.2021 08:32:01.249 GMT-0500,30.221999999999998,30.208000000000002,0.0008,0.1
08.04.2021 08:32:02.539 GMT-0500,30.233000000000004,30.206999999999997,0.1,0.1
08.04.2021 08:32:02.869 GMT-0500,30.223000000000003,30.206999999999997,0.1,0.1
08.04.2021 08:32:04.733 GMT-0500,30.213,30.197,0.1,0.1
08.04.2021 08:32:06.324 GMT-0500,30.223000000000003,30.197,0.1,0.1
08.04.2021 08:32:06.439 GMT-0500,30.233000000000004,30.217,0.1,0.0008
08.04.2021 08:32:06.489 GMT-0500,30.232,30.218000000000004,0.1,0.1
08.04.2021 08:32:07.271 GMT-0500,30.233000000000004,30.206999999999997,0.1,0.1
08.04.2021 08:32:07.505 GMT-0500,30.233000000000004,30.217,0.1,0.0008
08.04.2021 08:32:07.555 GMT-0500,30.241999999999997,30.218000000000004,0.1,0.1
08.04.2021 08:32:07.963 GMT-0500,30.243000000000002,30.217,0.1,0.1
08.04.2021 08:32:08.064 GMT-0500,30.232,30.208000000000002,0.1,0.1
08.04.2021 08:32:08.341 GMT-0500,30.233000000000004,30.197,0.1,0.1
08.04.2021 08:32:08.583 GMT-0500,30.232,30.198000000000004,0.1,0.1
08.04.2021 08:32:09.272 GMT-0500,30.223000000000003,30.217,0.0008,0.075
08.04.2021 08:32:09.322 GMT-0500,30.232,30.208000000000002,0.1,0.1
08.04.2021 08:32:09.740 GMT-0500,30.221999999999998,30.208000000000002,0.0008,0.1
08.04.2021 08:32:09.791 GMT-0500,30.233000000000004,30.206999999999997,0.1,0.1
08.04.2021 08:32:10.458 GMT-0500,30.243000000000002,30.217,0.1,0.1
08.04.2021 08:32:10.559 GMT-0500,30.233000000000004,30.217,0.1,0.1
08.04.2021 08:32:10.659 GMT-0500,30.233000000000004,30.206999999999997,0.1,0.1
08.04.2021 08:32:10.710 GMT-0500,30.223000000000003,30.206999999999997,0.1,0.1
08.04.2021 08:32:10.861 GMT-0500,30.232,30.208000000000002,0.1,0.1
08.04.2021 08:32:10.936 GMT-0500,30.232,30.208000000000002,0.1,0.1
08.04.2021 08:32:11.138 GMT-0500,30.232,30.218000000000004,0.1,0.1
08.04.2021 08:32:12.532 GMT-0500,30.233000000000004,30.217,0.1,0.0008
08.04.2021 08:32:12.583 GMT-0500,30.221999999999998,30.208000000000002,0.1,0.1
08.04.2021 08:32:13.116 GMT-0500,30.232,30.218000000000004,0.1,0.0008
08.04.2021 08:32:13.167 GMT-0500,30.233000000000004,30.217,0.1,0.1
08.04.2021 08:32:14.686 GMT-0500,30.232,30.208000000000002,0.1,0.1
08.04.2021 08:32:15.152 GMT-0500,30.232,30.208000000000002,0.1,0.1
08.04.2021 08:32:15.203 GMT-0500,30.232,30.208000000000002,0.1,0.1
08.04.2021 08:32:15.338 GMT-0500,30.232,30.218000000000004,0.1,0.0008
08.04.2021 08:32:16.529 GMT-0500,30.223000000000003,30.197,0.1,0.1
08.04.2021 08:32:17.995 GMT-0500,30.221999999999998,30.208000000000002,0.1,0.0008
08.04.2021 08:32:18.918 GMT-0500,30.221999999999998,30.198000000000004,0.1,0.1
08.04.2021 08:32:19.214 GMT-0500,30.223000000000003,30.206999999999997,0.1,0.0008
08.04.2021 08:32:19.497 GMT-0500,30.223000000000003,30.197,0.1,0.1
08.04.2021 08:32:20.532 GMT-0500,30.221999999999998,30.208000000000002,0.1,0.075
08.04.2021 08:32:22.118 GMT-0500,30.212,30.198000000000004,0.1,0.1
08.04.2021 08:32:22.423 GMT-0500,30.221999999999998,30.198000000000004,0.1,0.1
08.04.2021 08:32:23.219 GMT-0500,30.223000000000003,30.206999999999997,0.1,0.0008
08.04.2021 08:32:27.784 GMT-0500,30.233000000000004,30.206999999999997,0.1,0.1
08.04.2021 08:32:30.618 GMT-0500,30.221999999999998,30.208000000000002,0.1,0.1
08.04.2021 08:32:31.923 GMT-0500,30.233000000000004,30.217,0.1,0.1
08.04.2021 08:32:32.375 GMT-0500,30.243000000000002,30.227,0.1,0.1
08.04.2021 08:32:32.477 GMT-0500,30.232,30.218000000000004,0.1,0.1
08.04.2021 08:32:33.003 GMT-0500,30.241999999999997,30.218000000000004,0.1,0.1
08.04.2021 08:32:33.053 GMT-0500,30.232,30.218000000000004,0.1,0.1
08.04.2021 08:32:33.746 GMT-0500,30.243000000000002,30.217,0.1,0.1
08.04.2021 08:32:33.963 GMT-0500,30.241999999999997,30.228,0.1,0.1
08.04.2021 08:32:34.566 GMT-0500,30.241999999999997,30.218000000000004,0.1,0.1
08.04.2021 08:32:35.486 GMT-0500,30.241999999999997,30.218000000000004,0.1,0.1
08.04.2021 08:32:35.537 GMT-0500,30.243000000000002,30.217,0.1,0.1
08.04.2021 08:32:37.781 GMT-0500,30.232,30.218000000000004,0.0008,0.1
08.04.2021 08:32:38.992 GMT-0500,30.221999999999998,30.208000000000002,0.1,0.1
08.04.2021 08:32:39.958 GMT-0500,30.213,30.197,0.1,0.1
08.04.2021 08:32:42.696 GMT-0500,30.203000000000003,30.186999999999998,0.1,0.1
08.04.2021 08:32:44.176 GMT-0500,30.193,30.177,0.1,0.1
08.04.2021 08:32:45.869 GMT-0500,30.183000000000003,30.166999999999998,0.1,0.1
08.04.2021 08:32:49.329 GMT-0500,30.193,30.166999999999998,0.1,0.1
08.04.2021 08:32:50.968 GMT-0500,30.193,30.177,0.1,0.075
08.04.2021 08:32:51.119 GMT-0500,30.192,30.168000000000003,0.1,0.1
08.04.2021 08:32:54.554 GMT-0500,30.182,30.168000000000003,0.0008,0.1
08.04.2021 08:32:58.339 GMT-0500,30.192,30.168000000000003,0.1,0.1
08.04.2021 08:32:58.995 GMT-0500,30.193,30.177,0.1,0.1
08.04.2021 08:32:59.227 GMT-0500,30.192,30.168000000000003,0.1,0.1
08.04.2021 08:33:00.441 GMT-0500,30.183000000000003,30.166999999999998,0.1,0.1
08.04.2021 08:33:00.553 GMT-0500,30.193,30.177,0.1,0.1
08.04.2021 08:33:04.635 GMT-0500,30.203000000000003,30.177,0.1,0.1
08.04.2021 08:33:04.685 GMT-0500,30.201999999999998,30.188000000000002,0.1,0.1
08.04.2021 08:33:04.843 GMT-0500,30.193,30.177,0.1,0.1
08.04.2021 08:33:05.576 GMT-0500,30.182,30.168000000000003,0.1,0.1
08.04.2021 08:33:06.232 GMT-0500,30.192,30.168000000000003,0.1,0.1
08.04.2021 08:33:06.805 GMT-0500,30.182,30.168000000000003,0.0008,0.1
08.04.2021 08:33:07.670 GMT-0500,30.171999999999997,30.158,0.1,0.1
08.04.2021 08:33:08.128 GMT-0500,30.171999999999997,30.158,0.1,0.0008
08.04.2021 08:33:08.178 GMT-0500,30.163000000000004,30.147,0.1,0.1
08.04.2021 08:33:08.753 GMT-0500,30.171999999999997,30.158,0.1,0.1
08.04.2021 08:33:10.281 GMT-0500,30.163000000000004,30.147,0.1,0.1
08.04.2021 08:33:11.350 GMT-0500,30.163000000000004,30.147,0.1,0.0008
08.04.2021 08:33:11.400 GMT-0500,30.162,30.148000000000003,0.1,0.1
08.04.2021 08:33:11.559 GMT-0500,30.171999999999997,30.148000000000003,0.1,0.1
08.04.2021 08:33:11.961 GMT-0500,30.151999999999997,30.138,0.1,0.1
08.04.2021 08:33:13.195 GMT-0500,30.151999999999997,30.128000000000004,0.1,0.1
08.04.2021 08:33:13.513 GMT-0500,30.153000000000002,30.127,0.1,0.1
08.04.2021 08:33:13.821 GMT-0500,30.153000000000002,30.137,0.1,0.1
08.04.2021 08:33:14.051 GMT-0500,30.153000000000002,30.127,0.1,0.1
08.04.2021 08:33:16.324 GMT-0500,30.153000000000002,30.127,0.1,0.1
08.04.2021 08:33:16.428 GMT-0500,30.153000000000002,30.137,0.1,0.1
08.04.2021 08:33:16.610 GMT-0500,30.153000000000002,30.127,0.1,0.1
08.04.2021 08:33:17.048 GMT-0500,30.151999999999997,30.138,0.1,0.0008
08.04.2021 08:33:17.263 GMT-0500,30.143,30.127,0.1,0.1
08.04.2021 08:33:21.799 GMT-0500,30.153000000000002,30.137,0.1,0.1
08.04.2021 08:33:22.338 GMT-0500,30.162,30.138,0.1,0.1
08.04.2021 08:33:22.777 GMT-0500,30.151999999999997,30.138,0.1,0.1
08.04.2021 08:33:22.999 GMT-0500,30.162,30.138,0.1,0.1
08.04.2021 08:33:23.234 GMT-0500,30.153000000000002,30.137,0.1,0.1
08.04.2021 08:33:23.606 GMT-0500,30.163000000000004,30.137,0.1,0.1
08.04.2021 08:33:23.792 GMT-0500,30.151999999999997,30.138,0.0008,0.1
08.04.2021 08:33:24.534 GMT-0500,30.162,30.138,0.1,0.1
08.04.2021 08:33:24.812 GMT-0500,30.163000000000004,30.147,0.1,0.0008
08.04.2021 08:33:24.863 GMT-0500,30.163000000000004,30.137,0.1,0.1
08.04.2021 08:33:25.116 GMT-0500,30.151999999999997,30.138,0.0008,0.1
08.04.2021 08:33:25.813 GMT-0500,30.163000000000004,30.147,0.1,0.1
08.04.2021 08:33:25.864 GMT-0500,30.163000000000004,30.137,0.1,0.1
08.04.2021 08:33:26.066 GMT-0500,30.151999999999997,30.138,0.1,0.1
08.04.2021 08:33:26.220 GMT-0500,30.163000000000004,30.137,0.1,0.1
08.04.2021 08:33:26.719 GMT-0500,30.153000000000002,30.137,0.0008,0.1
08.04.2021 08:33:27.339 GMT-0500,30.163000000000004,30.147,0.1,0.1
08.04.2021 08:33:29.066 GMT-0500,30.173000000000002,30.147,0.1,0.1
08.04.2021 08:33:30.611 GMT-0500,30.163000000000004,30.147,0.1,0.1
08.04.2021 08:33:31.496 GMT-0500,30.153000000000002,30.137,0.1,0.1
08.04.2021 08:33:32.003 GMT-0500,30.162,30.138,0.1,0.1
08.04.2021 08:33:33.618 GMT-0500,30.153000000000002,30.137,0.1,0.1
08.04.2021 08:33:34.276 GMT-0500,30.162,30.138,0.1,0.1
08.04.2021 08:33:34.349 GMT-0500,30.162,30.148000000000003,0.1,0.0008
08.04.2021 08:33:34.543 GMT-0500,30.163000000000004,30.137,0.1,0.1
08.04.2021 08:33:36.455 GMT-0500,30.163000000000004,30.137,0.1,0.1
08.04.2021 08:33:40.515 GMT-0500,30.143,30.127,0.1,0.1
08.04.2021 08:33:40.906 GMT-0500,30.151999999999997,30.138,0.1,0.1
08.04.2021 08:33:41.990 GMT-0500,30.151999999999997,30.128000000000004,0.1,0.1
08.04.2021 08:33:42.853 GMT-0500,30.153000000000002,30.137,0.1,0.075
08.04.2021 08:33:44.693 GMT-0500,30.151999999999997,30.128000000000004,0.1,0.1
08.04.2021 08:33:44.836 GMT-0500,30.153000000000002,30.137,0.1,0.0008
08.04.2021 08:33:44.936 GMT-0500,30.162,30.138,0.1,0.1
08.04.2021 08:33:45.383 GMT-0500,30.162,30.138,0.1,0.1
08.04.2021 08:33:45.484 GMT-0500,30.162,30.138,0.1,0.1
08.04.2021 08:33:47.133 GMT-0500,30.162,30.148000000000003,0.1,0.0008
08.04.2021 08:33:47.278 GMT-0500,30.151999999999997,30.138,0.1,0.1
08.04.2021 08:33:47.672 GMT-0500,30.163000000000004,30.137,0.1,0.1
08.04.2021 08:33:47.751 GMT-0500,30.163000000000004,30.137,0.1,0.1
08.04.2021 08:33:49.782 GMT-0500,30.151999999999997,30.138,0.1,0.0008
08.04.2021 08:33:49.832 GMT-0500,30.143,30.127,0.1,0.1
08.04.2021 08:33:50.723 GMT-0500,30.153000000000002,30.127,0.1,0.1
08.04.2021 08:33:51.054 GMT-0500,30.142,30.128000000000004,0.1,0.1
08.04.2021 08:33:53.215 GMT-0500,30.153000000000002,30.127,0.1,0.1
08.04.2021 08:33:53.849 GMT-0500,30.151999999999997,30.128000000000004,0.1,0.1
08.04.2021 08:33:54.323 GMT-0500,30.143,30.137,0.0008,0.075
08.04.2021 08:33:54.373 GMT-0500,30.153000000000002,30.137,0.1,0.1
08.04.2021 08:33:58.364 GMT-0500,30.163000000000004,30.137,0.1,0.1
08.04.2021 08:33:58.904 GMT-0500,30.153000000000002,30.137,0.0008,0.1
08.04.2021 08:33:59.567 GMT-0500,30.151999999999997,30.138,0.1,0.0008
08.04.2021 08:33:59.617 GMT-0500,30.142,30.128000000000004,0.1,0.1
08.04.2021 08:34:03.252 GMT-0500,30.153000000000002,30.137,0.1,0.0008
08.04.2021 08:34:03.303 GMT-0500,30.163000000000004,30.147,0.1,0.1
08.04.2021 08:34:03.453 GMT-0500,30.151999999999997,30.138,0.1,0.1
08.04.2021 08:34:03.671 GMT-0500,30.163000000000004,30.147,0.1,0.1
08.04.2021 08:34:07.337 GMT-0500,30.151999999999997,30.138,0.1,0.1
08.04.2021 08:34:08.591 GMT-0500,30.163000000000004,30.147,0.1,0.1
08.04.2021 08:34:08.842 GMT-0500,30.151999999999997,30.138,0.1,0.1
08.04.2021 08:34:08.893 GMT-0500,30.162,30.138,0.1,0.1
08.04.2021 08:34:09.382 GMT-0500,30.163000000000004,30.147,0.1,0.075
08.04.2021 08:34:09.930 GMT-0500,30.163000000000004,30.137,0.1,0.1
08.04.2021 08:34:11.073 GMT-0500,30.162,30.148000000000003,0.1,0.075
08.04.2021 08:34:12.617 GMT-0500,30.163000000000004,30.137,0.1,0.1
08.04.2021 08:34:13.341 GMT-0500,30.151999999999997,30.138,0.1,0.1
08.04.2021 08:34:13.632 GMT-0500,30.163000000000004,30.137,0.1,0.1
08.04.2021 08:34:14.951 GMT-0500,30.163000000000004,30.147,0.1,0.1
08.04.2021 08:34:15.739 GMT-0500,30.171999999999997,30.148000000000003,0.1,0.1
08.04.2021 08:34:18.881 GMT-0500,30.173000000000002,30.157,0.1,0.075
08.04.2021 08:34:19.035 GMT-0500,30.171999999999997,30.148000000000003,0.1,0.1
08.04.2021 08:34:19.212 GMT-0500,30.171999999999997,30.158,0.1,0.1
08.04.2021 08:34:20.572 GMT-0500,30.183000000000003,30.166999999999998,0.1,0.1
08.04.2021 08:34:22.913 GMT-0500,30.192,30.178,0.1,0.1
08.04.2021 08:34:24.008 GMT-0500,30.183000000000003,30.166999999999998,0.1,0.1
08.04.2021 08:34:24.400 GMT-0500,30.193,30.177,0.1,0.1
08.04.2021 08:34:25.923 GMT-0500,30.183000000000003,30.177,0.0008,0.075
08.04.2021 08:34:25.973 GMT-0500,30.182,30.168000000000003,0.1,0.1
08.04.2021 08:34:26.928 GMT-0500,30.192,30.178,0.1,0.1
08.04.2021 08:34:27.232 GMT-0500,30.192,30.168000000000003,0.1,0.1
08.04.2021 08:34:27.685 GMT-0500,30.193,30.177,0.1,0.1
08.04.2021 08:34:27.786 GMT-0500,30.201999999999998,30.188000000000002,0.1,0.1
08.04.2021 08:34:27.937 GMT-0500,30.193,30.177,0.1,0.1
08.04.2021 08:34:28.150 GMT-0500,30.201999999999998,30.178,0.1,0.1
08.04.2021 08:34:28.749 GMT-0500,30.203000000000003,30.186999999999998,0.1,0.1
08.04.2021 08:34:28.849 GMT-0500,30.203000000000003,30.177,0.1,0.1
08.04.2021 08:34:29.014 GMT-0500,30.192,30.178,0.0008,0.1
08.04.2021 08:34:29.639 GMT-0500,30.201999999999998,30.178,0.1,0.1
08.04.2021 08:34:30.099 GMT-0500,30.203000000000003,30.186999999999998,0.1,0.1
08.04.2021 08:34:30.157 GMT-0500,30.203000000000003,30.177,0.1,0.1
08.04.2021 08:34:33.193 GMT-0500,30.203000000000003,30.186999999999998,0.1,0.0008
08.04.2021 08:34:33.642 GMT-0500,30.203000000000003,30.177,0.1,0.1
08.04.2021 08:34:34.030 GMT-0500,30.192,30.178,0.0008,0.1
08.04.2021 08:34:36.227 GMT-0500,30.203000000000003,30.186999999999998,0.1,0.1
08.04.2021 08:34:36.714 GMT-0500,30.203000000000003,30.177,0.1,0.1
08.04.2021 08:34:37.145 GMT-0500,30.193,30.177,0.1,0.1
08.04.2021 08:34:42.641 GMT-0500,30.182,30.168000000000003,0.1,0.1
08.04.2021 08:34:43.140 GMT-0500,30.192,30.178,0.1,0.1
08.04.2021 08:34:43.306 GMT-0500,30.182,30.178,0.0008,0.075
08.04.2021 08:34:43.356 GMT-0500,30.183000000000003,30.166999999999998,0.1,0.1
08.04.2021 08:34:43.878 GMT-0500,30.193,30.166999999999998,0.1,0.1
08.04.2021 08:34:45.436 GMT-0500,30.183000000000003,30.166999999999998,0.1,0.1
08.04.2021 08:34:46.398 GMT-0500,30.183000000000003,30.166999999999998,0.1,0.0008
08.04.2021 08:34:46.448 GMT-0500,30.182,30.158,0.1,0.1
08.04.2021 08:34:46.767 GMT-0500,30.171999999999997,30.158,0.1,0.1
08.04.2021 08:34:48.822 GMT-0500,30.182,30.168000000000003,0.1,0.0008
08.04.2021 08:34:48.872 GMT-0500,30.182,30.168000000000003,0.1,0.1
08.04.2021 08:34:50.471 GMT-0500,30.183000000000003,30.177,0.0008,0.075
08.04.2021 08:34:50.521 GMT-0500,30.192,30.178,0.1,0.1
08.04.2021 08:34:51.396 GMT-0500,30.183000000000003,30.166999999999998,0.1,0.1
08.04.2021 08:34:51.927 GMT-0500,30.173000000000002,30.157,0.1,0.1
08.04.2021 08:34:52.165 GMT-0500,30.182,30.158,0.1,0.1
08.04.2021 08:34:53.763 GMT-0500,30.182,30.168000000000003,0.1,0.1
08.04.2021 08:34:53.814 GMT-0500,30.183000000000003,30.157,0.1,0.1
08.04.2021 08:34:53.864 GMT-0500,30.183000000000003,30.166999999999998,0.1,0.1
08.04.2021 08:34:55.938 GMT-0500,30.173000000000002,30.166999999999998,0.0008,0.075
08.04.2021 08:34:55.988 GMT-0500,30.171999999999997,30.158,0.1,0.1
08.04.2021 08:34:56.442 GMT-0500,30.163000000000004,30.147,0.1,0.1
08.04.2021 08:34:57.525 GMT-0500,30.171999999999997,30.158,0.1,0.1
08.04.2021 08:35:00.716 GMT-0500,30.163000000000004,30.147,0.1,0.1
08.04.2021 08:35:00.978 GMT-0500,30.173000000000002,30.157,0.1,0.1
08.04.2021 08:35:01.528 GMT-0500,30.183000000000003,30.157,0.1,0.1
08.04.2021 08:35:02.459 GMT-0500,30.171999999999997,30.158,0.1,0.1
08.04.2021 08:35:02.659 GMT-0500,30.182,30.168000000000003,0.1,0.1
08.04.2021 08:35:02.960 GMT-0500,30.192,30.168000000000003,0.1,0.1
08.04.2021 08:35:03.064 GMT-0500,30.193,30.166999999999998,0.1,0.1
08.04.2021 08:35:03.451 GMT-0500,30.171999999999997,30.168000000000003,0.0008,0.075
08.04.2021 08:35:03.502 GMT-0500,30.173000000000002,30.157,0.1,0.1
08.04.2021 08:35:04.917 GMT-0500,30.163000000000004,30.147,0.1,0.1
08.04.2021 08:35:05.577 GMT-0500,30.173000000000002,30.147,0.1,0.1
08.04.2021 08:35:05.848 GMT-0500,30.163000000000004,30.147,0.1,0.1
08.04.2021 08:35:07.985 GMT-0500,30.173000000000002,30.157,0.1,0.1
08.04.2021 08:35:08.136 GMT-0500,30.163000000000004,30.147,0.1,0.1
08.04.2021 08:35:11.075 GMT-0500,30.153000000000002,30.137,0.1,0.1
08.04.2021 08:35:11.483 GMT-0500,30.163000000000004,30.147,0.1,0.1
08.04.2021 08:35:20.016 GMT-0500,30.153000000000002,30.137,0.1,0.1
08.04.2021 08:35:20.694 GMT-0500,30.153000000000002,30.147,0.0008,0.075
08.04.2021 08:35:20.744 GMT-0500,30.162,30.148000000000003,0.1,0.1
08.04.2021 08:35:24.262 GMT-0500,30.153000000000002,30.137,0.1,0.1
08.04.2021 08:35:26.122 GMT-0500,30.151999999999997,30.128000000000004,0.1,0.1
08.04.2021 08:35:26.172 GMT-0500,30.133000000000003,30.116999999999997,0.1,0.1
08.04.2021 08:35:26.529 GMT-0500,30.143,30.127,0.1,0.1
08.04.2021 08:35:28.004 GMT-0500,30.131999999999998,30.118000000000002,0.1,0.1
08.04.2021 08:35:30.312 GMT-0500,30.122,30.108000000000004,0.1,0.1
08.04.2021 08:35:33.550 GMT-0500,30.133000000000003,30.116999999999997,0.1,0.1
08.04.2021 08:35:41.381 GMT-0500,30.131999999999998,30.118000000000002,0.1,0.0008
08.04.2021 08:35:41.431 GMT-0500,30.122,30.108000000000004,0.1,0.1
08.04.2021 08:35:42.608 GMT-0500,30.112,30.098000000000003,0.1,0.1
08.04.2021 08:35:46.343 GMT-0500,30.122,30.108000000000004,0.1,0.0008
08.04.2021 08:35:46.393 GMT-0500,30.122,30.108000000000004,0.1,0.1
08.04.2021 08:35:46.679 GMT-0500,30.133000000000003,30.116999999999997,0.1,0.1
08.04.2021 08:35:46.796 GMT-0500,30.123,30.107,0.1,0.1
08.04.2021 08:35:50.343 GMT-0500,30.112,30.108000000000004,0.0008,0.075
08.04.2021 08:35:50.393 GMT-0500,30.113000000000003,30.096999999999998,0.1,0.1
08.04.2021 08:35:55.609 GMT-0500,30.123,30.107,0.1,0.1
08.04.2021 08:35:56.808 GMT-0500,30.112,30.098000000000003,0.1,0.1
08.04.2021 08:35:57.264 GMT-0500,30.123,30.107,0.1,0.1
08.04.2021 08:36:01.048 GMT-0500,30.122,30.098000000000003,0.1,0.1
08.04.2021 08:36:01.098 GMT-0500,30.112,30.098000000000003,0.1,0.1
08.04.2021 08:36:05.059 GMT-0500,30.093000000000004,30.076999999999998,0.1,0.1
08.04.2021 08:36:08.906 GMT-0500,30.102,30.088,0.1,0.0008
08.04.2021 08:36:08.956 GMT-0500,30.102,30.088,0.1,0.1
08.04.2021 08:36:16.621 GMT-0500,30.093000000000004,30.076999999999998,0.1,0.1
08.04.2021 08:36:25.353 GMT-0500,30.103,30.087,0.1,0.1
08.04.2021 08:36:37.205 GMT-0500,30.112,30.098000000000003,0.1,0.0008
08.04.2021 08:36:37.256 GMT-0500,30.112,30.098000000000003,0.1,0.1
08.04.2021 08:36:37.614 GMT-0500,30.103,30.087,0.1,0.1
08.04.2021 08:36:39.399 GMT-0500,30.093000000000004,30.076999999999998,0.1,0.1
08.04.2021 08:36:45.214 GMT-0500,30.103,30.087,0.1,0.1
08.04.2021 08:36:46.556 GMT-0500,30.112,30.098000000000003,0.1,0.1
08.04.2021 08:36:47.910 GMT-0500,30.102,30.088,0.1,0.1
08.04.2021 08:36:53.768 GMT-0500,30.092,30.078000000000003,0.1,0.1
08.04.2021 08:36:54.392 GMT-0500,30.103,30.087,0.1,0.1
08.04.2021 08:36:55.475 GMT-0500,30.113000000000003,30.096999999999998,0.1,0.1
08.04.2021 08:36:55.626 GMT-0500,30.102,30.088,0.1,0.1
08.04.2021 08:36:57.005 GMT-0500,30.113000000000003,30.096999999999998,0.1,0.0008
08.04.2021 08:36:57.055 GMT-0500,30.112,30.098000000000003,0.1,0.1
08.04.2021 08:36:58.457 GMT-0500,30.112,30.098000000000003,0.1,0.0008
08.04.2021 08:36:58.510 GMT-0500,30.102,30.088,0.1,0.1
08.04.2021 08:37:00.454 GMT-0500,30.092,30.078000000000003,0.1,0.1
08.04.2021 08:37:01.608 GMT-0500,30.083000000000002,30.067,0.1,0.1
08.04.2021 08:37:03.056 GMT-0500,30.072,30.058000000000003,0.1,0.1
08.04.2021 08:37:04.590 GMT-0500,30.081999999999997,30.068,0.1,0.1
08.04.2021 08:37:05.200 GMT-0500,30.072,30.058000000000003,0.1,0.1
08.04.2021 08:37:05.348 GMT-0500,30.083000000000002,30.067,0.1,0.1
08.04.2021 08:37:06.022 GMT-0500,30.072,30.058000000000003,0.1,0.1
08.04.2021 08:37:06.072 GMT-0500,30.081999999999997,30.058000000000003,0.1,0.1
08.04.2021 08:37:06.122 GMT-0500,30.081999999999997,30.068,0.1,0.1
08.04.2021 08:37:06.223 GMT-0500,30.073000000000004,30.057,0.1,0.1
08.04.2021 08:37:06.868 GMT-0500,30.081999999999997,30.068,0.1,0.1
08.04.2021 08:37:08.109 GMT-0500,30.081999999999997,30.058000000000003,0.1,0.1
08.04.2021 08:37:08.159 GMT-0500,30.083000000000002,30.067,0.1,0.1
08.04.2021 08:37:09.540 GMT-0500,30.081999999999997,30.058000000000003,0.1,0.1
08.04.2021 08:37:10.984 GMT-0500,30.072,30.058000000000003,0.0008,0.1
08.04.2021 08:37:11.907 GMT-0500,30.072,30.068,0.0008,0.075
08.04.2021 08:37:11.957 GMT-0500,30.081999999999997,30.068,0.1,0.1
08.04.2021 08:37:12.007 GMT-0500,30.072,30.058000000000003,0.1,0.1
08.04.2021 08:37:13.684 GMT-0500,30.081999999999997,30.068,0.1,0.0008
08.04.2021 08:37:13.735 GMT-0500,30.081999999999997,30.068,0.1,0.1
08.04.2021 08:37:14.043 GMT-0500,30.081999999999997,30.058000000000003,0.1,0.1
08.04.2021 08:37:14.665 GMT-0500,30.072,30.058000000000003,0.1,0.1
08.04.2021 08:37:15.213 GMT-0500,30.081999999999997,30.068,0.1,0.1
08.04.2021 08:37:19.592 GMT-0500,30.092,30.078000000000003,0.1,0.1
08.04.2021 08:37:21.975 GMT-0500,30.102,30.088,0.1,0.1
08.04.2021 08:37:22.076 GMT-0500,30.092,30.078000000000003,0.1,0.1
08.04.2021 08:37:26.867 GMT-0500,30.081999999999997,30.068,0.1,0.1
08.04.2021 08:37:36.224 GMT-0500,30.072,30.058000000000003,0.1,0.1
08.04.2021 08:37:36.324 GMT-0500,30.072,30.048000000000002,0.1,0.1
08.04.2021 08:37:37.270 GMT-0500,30.072,30.058000000000003,0.1,0.1
08.04.2021 08:37:45.861 GMT-0500,30.072,30.058000000000003,0.1,0.0008
08.04.2021 08:37:45.911 GMT-0500,30.061999999999998,30.048000000000002,0.1,0.1
08.04.2021 08:38:03.289 GMT-0500,30.061999999999998,30.058000000000003,0.0008,0.075
08.04.2021 08:38:03.340 GMT-0500,30.073000000000004,30.057,0.1,0.1
08.04.2021 08:38:04.802 GMT-0500,30.083000000000002,30.057,0.1,0.1
08.04.2021 08:38:04.852 GMT-0500,30.073000000000004,30.057,0.1,0.1
08.04.2021 08:38:07.818 GMT-0500,30.061999999999998,30.048000000000002,0.1,0.1
08.04.2021 08:38:15.175 GMT-0500,30.072,30.048000000000002,0.1,0.1
08.04.2021 08:38:16.419 GMT-0500,30.073000000000004,30.046999999999997,0.1,0.1
08.04.2021 08:38:16.922 GMT-0500,30.072,30.048000000000002,0.1,0.1
08.04.2021 08:38:17.312 GMT-0500,30.073000000000004,30.046999999999997,0.1,0.1
08.04.2021 08:38:17.463 GMT-0500,30.053,30.037,0.1,0.1
08.04.2021 08:38:19.074 GMT-0500,30.061999999999998,30.048000000000002,0.1,0.1
08.04.2021 08:38:19.124 GMT-0500,30.061999999999998,30.038000000000004,0.1,0.1
08.04.2021 08:38:20.932 GMT-0500,30.063000000000002,30.046999999999997,0.1,0.0008
08.04.2021 08:38:25.513 GMT-0500,30.052,30.038000000000004,0.1,0.1
08.04.2021 08:38:28.349 GMT-0500,30.063000000000002,30.037,0.1,0.1
08.04.2021 08:38:28.761 GMT-0500,30.053,30.037,0.0008,0.1
08.04.2021 08:38:29.099 GMT-0500,30.063000000000002,30.037,0.1,0.1
08.04.2021 08:38:29.901 GMT-0500,30.053,30.037,0.1,0.1
08.04.2021 08:38:30.002 GMT-0500,30.061999999999998,30.048000000000002,0.1,0.1
08.04.2021 08:38:31.223 GMT-0500,30.061999999999998,30.038000000000004,0.1,0.1
08.04.2021 08:38:32.050 GMT-0500,30.061999999999998,30.048000000000002,0.1,0.075
08.04.2021 08:38:33.392 GMT-0500,30.061999999999998,30.048000000000002,0.1,0.0008
08.04.2021 08:38:33.443 GMT-0500,30.052,30.038000000000004,0.1,0.1
08.04.2021 08:38:33.887 GMT-0500,30.063000000000002,30.037,0.1,0.1
08.04.2021 08:38:34.404 GMT-0500,30.052,30.038000000000004,0.0008,0.1
08.04.2021 08:38:34.568 GMT-0500,30.061999999999998,30.038000000000004,0.1,0.1
08.04.2021 08:38:35.467 GMT-0500,30.061999999999998,30.038000000000004,0.1,0.1
08.04.2021 08:38:35.750 GMT-0500,30.061999999999998,30.038000000000004,0.1,0.1
08.04.2021 08:38:36.597 GMT-0500,30.061999999999998,30.038000000000004,0.1,0.1
08.04.2021 08:38:37.164 GMT-0500,30.061999999999998,30.038000000000004,0.1,0.1
08.04.2021 08:38:37.477 GMT-0500,30.052,30.038000000000004,0.1,0.1
08.04.2021 08:38:43.587 GMT-0500,30.043000000000003,30.026999999999997,0.1,0.1
08.04.2021 08:38:44.658 GMT-0500,30.041999999999998,30.038000000000004,0.0008,0.075
08.04.2021 08:38:44.709 GMT-0500,30.052,30.038000000000004,0.1,0.1
08.04.2021 08:38:51.016 GMT-0500,30.061999999999998,30.048000000000002,0.1,0.1
08.04.2021 08:38:53.715 GMT-0500,30.072,30.048000000000002,0.1,0.1
08.04.2021 08:38:55.545 GMT-0500,30.063000000000002,30.046999999999997,0.1,0.1
08.04.2021 08:38:56.089 GMT-0500,30.072,30.058000000000003,0.1,0.0008
08.04.2021 08:38:56.140 GMT-0500,30.072,30.058000000000003,0.1,0.1
08.04.2021 08:39:00.845 GMT-0500,30.063000000000002,30.046999999999997,0.1,0.1
08.04.2021 08:39:02.660 GMT-0500,30.063000000000002,30.037,0.1,0.1
08.04.2021 08:39:02.711 GMT-0500,30.053,30.037,0.1,0.1
08.04.2021 08:39:04.079 GMT-0500,30.061999999999998,30.038000000000004,0.1,0.1
08.04.2021 08:39:04.129 GMT-0500,30.061999999999998,30.048000000000002,0.1,0.1
08.04.2021 08:39:10.614 GMT-0500,30.073000000000004,30.057,0.1,0.0008
08.04.2021 08:39:10.664 GMT-0500,30.072,30.058000000000003,0.1,0.1
08.04.2021 08:39:12.065 GMT-0500,30.083000000000002,30.067,0.1,0.1
08.04.2021 08:39:12.166 GMT-0500,30.072,30.058000000000003,0.1,0.1
08.04.2021 08:39:18.465 GMT-0500,30.063000000000002,30.057,0.0008,0.075
08.04.2021 08:39:18.515 GMT-0500,30.063000000000002,30.046999999999997,0.1,0.1
08.04.2021 08:39:40.698 GMT-0500,30.073000000000004,30.057,0.1,0.1
08.04.2021 08:39:40.799 GMT-0500,30.063000000000002,30.046999999999997,0.1,0.1
08.04.2021 08:39:41.136 GMT-0500,30.072,30.058000000000003,0.1,0.1
08.04.2021 08:39:43.016 GMT-0500,30.073000000000004,30.046999999999997,0.1,0.1
08.04.2021 08:39:43.641 GMT-0500,30.072,30.058000000000003,0.1,0.075
08.04.2021 08:39:47.923 GMT-0500,30.081999999999997,30.068,0.1,0.1
08.04.2021 08:39:49.120 GMT-0500,30.092,30.078000000000003,0.1,0.1
08.04.2021 08:39:52.066 GMT-0500,30.102,30.088,0.1,0.1
08.04.2021 08:39:52.355 GMT-0500,30.092,30.078000000000003,0.1,0.1
08.04.2021 08:39:57.185 GMT-0500,30.103,30.076999999999998,0.1,0.1
08.04.2021 08:39:57.999 GMT-0500,30.092,30.078000000000003,0.1,0.1
08.04.2021 08:39:58.396 GMT-0500,30.102,30.078000000000003,0.1,0.1
08.04.2021 08:39:58.503 GMT-0500,30.092,30.078000000000003,0.1,0.1
08.04.2021 08:39:58.622 GMT-0500,30.103,30.076999999999998,0.1,0.1
08.04.2021 08:39:59.517 GMT-0500,30.093000000000004,30.076999999999998,0.1,0.1
08.04.2021 08:39:59.659 GMT-0500,30.103,30.076999999999998,0.1,0.1
08.04.2021 08:40:00.052 GMT-0500,30.092,30.078000000000003,0.1,0.1
08.04.2021 08:40:00.103 GMT-0500,30.102,30.078000000000003,0.1,0.1
08.04.2021 08:40:00.203 GMT-0500,30.092,30.078000000000003,0.1,0.1
08.04.2021 08:40:00.931 GMT-0500,30.102,30.088,0.1,0.1
08.04.2021 08:40:00.982 GMT-0500,30.103,30.076999999999998,0.1,0.1
08.04.2021 08:40:01.032 GMT-0500,30.093000000000004,30.076999999999998,0.1,0.1
08.04.2021 08:40:01.468 GMT-0500,30.102,30.078000000000003,0.1,0.1
08.04.2021 08:40:01.518 GMT-0500,30.103,30.087,0.1,0.1
08.04.2021 08:40:01.854 GMT-0500,30.102,30.078000000000003,0.1,0.1
08.04.2021 08:40:01.954 GMT-0500,30.093000000000004,30.076999999999998,0.1,0.1
08.04.2021 08:40:04.187 GMT-0500,30.102,30.078000000000003,0.1,0.1
08.04.2021 08:40:07.353 GMT-0500,30.103,30.087,0.1,0.1
08.04.2021 08:40:08.354 GMT-0500,30.093000000000004,30.076999999999998,0.1,0.1
08.04.2021 08:40:08.895 GMT-0500,30.081999999999997,30.068,0.1,0.1
08.04.2021 08:40:10.231 GMT-0500,30.083000000000002,30.076999999999998,0.0008,0.075
08.04.2021 08:40:10.281 GMT-0500,30.092,30.078000000000003,0.1,0.1
08.04.2021 08:40:15.329 GMT-0500,30.093000000000004,30.076999999999998,0.1,0.0008
08.04.2021 08:40:15.380 GMT-0500,30.081999999999997,30.068,0.1,0.1
08.04.2021 08:40:21.445 GMT-0500,30.073000000000004,30.057,0.1,0.1
08.04.2021 08:40:32.473 GMT-0500,30.083000000000002,30.057,0.1,0.1
08.04.2021 08:40:32.623 GMT-0500,30.072,30.058000000000003,0.1,0.1
08.04.2021 08:40:34.806 GMT-0500,30.081999999999997,30.068,0.1,0.1
08.04.2021 08:40:42.663 GMT-0500,30.083000000000002,30.076999999999998,0.0008,0.075
08.04.2021 08:40:42.714 GMT-0500,30.083000000000002,30.067,0.1,0.1
08.04.2021 08:40:45.523 GMT-0500,30.083000000000002,30.067,0.1,0.0008
08.04.2021 08:40:45.574 GMT-0500,30.073000000000004,30.057,0.1,0.1
08.04.2021 08:40:51.631 GMT-0500,30.073000000000004,30.067,0.0008,0.075
08.04.2021 08:40:51.682 GMT-0500,30.081999999999997,30.068,0.1,0.1
08.04.2021 08:40:53.691 GMT-0500,30.093000000000004,30.067,0.1,0.1
08.04.2021 08:40:53.741 GMT-0500,30.092,30.078000000000003,0.1,0.1
08.04.2021 08:40:57.832 GMT-0500,30.102,30.078000000000003,0.1,0.1
08.04.2021 08:40:57.983 GMT-0500,30.092,30.078000000000003,0.1,0.1
08.04.2021 08:40:59.541 GMT-0500,30.103,30.087,0.1,0.1
08.04.2021 08:41:03.054 GMT-0500,30.093000000000004,30.076999999999998,0.1,0.1
08.04.2021 08:41:03.473 GMT-0500,30.103,30.087,0.1,0.1
08.04.2021 08:41:07.215 GMT-0500,30.093000000000004,30.076999999999998,0.1,0.1
08.04.2021 08:41:08.693 GMT-0500,30.102,30.078000000000003,0.1,0.1
08.04.2021 08:41:08.778 GMT-0500,30.103,30.076999999999998,0.1,0.1
08.04.2021 08:41:09.345 GMT-0500,30.102,30.078000000000003,0.1,0.1
08.04.2021 08:41:09.396 GMT-0500,30.092,30.078000000000003,0.1,0.1
08.04.2021 08:41:09.496 GMT-0500,30.103,30.076999999999998,0.1,0.1
08.04.2021 08:41:09.896 GMT-0500,30.092,30.078000000000003,0.1,0.1
08.04.2021 08:41:09.946 GMT-0500,30.102,30.078000000000003,0.1,0.1
08.04.2021 08:41:12.298 GMT-0500,30.092,30.078000000000003,0.1,0.1
08.04.2021 08:41:12.808 GMT-0500,30.102,30.078000000000003,0.1,0.1
08.04.2021 08:41:13.622 GMT-0500,30.093000000000004,30.076999999999998,0.0008,0.1
08.04.2021 08:41:13.779 GMT-0500,30.103,30.076999999999998,0.1,0.1
08.04.2021 08:41:13.829 GMT-0500,30.103,30.087,0.1,0.1
08.04.2021 08:41:14.980 GMT-0500,30.102,30.078000000000003,0.1,0.1
08.04.2021 08:41:15.030 GMT-0500,30.092,30.078000000000003,0.1,0.1
08.04.2021 08:41:16.037 GMT-0500,30.081999999999997,30.068,0.1,0.1
08.04.2021 08:41:17.122 GMT-0500,30.092,30.068,0.1,0.1
08.04.2021 08:41:17.732 GMT-0500,30.093000000000004,30.076999999999998,0.1,0.1
08.04.2021 08:41:19.000 GMT-0500,30.102,30.078000000000003,0.1,0.1
08.04.2021 08:41:19.103 GMT-0500,30.092,30.078000000000003,0.1,0.1
08.04.2021 08:41:21.319 GMT-0500,30.093000000000004,30.087,0.0008,0.075
08.04.2021 08:41:21.369 GMT-0500,30.102,30.088,0.1,0.1
08.04.2021 08:41:31.763 GMT-0500,30.093000000000004,30.087,0.0008,0.075
08.04.2021 08:41:31.813 GMT-0500,30.093000000000004,30.076999999999998,0.1,0.1
08.04.2021 08:41:32.182 GMT-0500,30.103,30.076999999999998,0.1,0.1
08.04.2021 08:41:32.383 GMT-0500,30.102,30.088,0.1,0.1
08.04.2021 08:41:32.434 GMT-0500,30.103,30.076999999999998,0.1,0.1
08.04.2021 08:41:35.949 GMT-0500,30.092,30.078000000000003,0.0008,0.1
08.04.2021 08:41:44.160 GMT-0500,30.081999999999997,30.078000000000003,0.0008,0.075
08.04.2021 08:41:44.210 GMT-0500,30.083000000000002,30.067,0.1,0.1
08.04.2021 08:41:44.919 GMT-0500,30.093000000000004,30.076999999999998,0.1,0.1
08.04.2021 08:41:58.767 GMT-0500,30.103,30.087,0.1,0.1
08.04.2021 08:41:59.297 GMT-0500,30.093000000000004,30.076999999999998,0.1,0.1
08.04.2021 08:41:59.890 GMT-0500,30.102,30.088,0.1,0.0008
08.04.2021 08:41:59.940 GMT-0500,30.102,30.088,0.1,0.1
08.04.2021 08:42:00.434 GMT-0500,30.093000000000004,30.076999999999998,0.1,0.1
08.04.2021 08:42:13.731 GMT-0500,30.083000000000002,30.067,0.1,0.1
08.04.2021 08:42:19.343 GMT-0500,30.081999999999997,30.058000000000003,0.1,0.1
08.04.2021 08:42:19.393 GMT-0500,30.072,30.058000000000003,0.1,0.1
08.04.2021 08:42:19.981 GMT-0500,30.081999999999997,30.068,0.1,0.1
08.04.2021 08:42:21.107 GMT-0500,30.081999999999997,30.058000000000003,0.1,0.1
08.04.2021 08:42:21.157 GMT-0500,30.073000000000004,30.057,0.1,0.1
08.04.2021 08:42:23.093 GMT-0500,30.083000000000002,30.067,0.1,0.1
08.04.2021 08:42:28.813 GMT-0500,30.072,30.058000000000003,0.1,0.1
08.04.2021 08:42:50.170 GMT-0500,30.063000000000002,30.046999999999997,0.1,0.1
08.04.2021 08:43:02.157 GMT-0500,30.073000000000004,30.046999999999997,0.1,0.1
08.04.2021 08:43:02.662 GMT-0500,30.063000000000002,30.046999999999997,0.1,0.1
08.04.2021 08:43:26.071 GMT-0500,30.073000000000004,30.057,0.1,0.1
08.04.2021 08:43:36.031 GMT-0500,30.073000000000004,30.057,0.1,0.0008
08.04.2021 08:43:36.081 GMT-0500,30.063000000000002,30.046999999999997,0.1,0.1
08.04.2021 08:43:36.721 GMT-0500,30.073000000000004,30.057,0.1,0.1
08.04.2021 08:43:45.727 GMT-0500,30.072,30.068,0.0008,0.075
08.04.2021 08:43:45.777 GMT-0500,30.081999999999997,30.068,0.1,0.1
08.04.2021 08:43:48.375 GMT-0500,30.093000000000004,30.067,0.1,0.1
08.04.2021 08:43:49.014 GMT-0500,30.092,30.078000000000003,0.1,0.0008
08.04.2021 08:43:49.477 GMT-0500,30.083000000000002,30.067,0.1,0.1
08.04.2021 08:43:55.873 GMT-0500,30.083000000000002,30.076999999999998,0.0008,0.075
08.04.2021 08:43:55.923 GMT-0500,30.093000000000004,30.076999999999998,0.1,0.1
08.04.2021 08:44:02.477 GMT-0500,30.083000000000002,30.067,0.1,0.1
08.04.2021 08:44:04.912 GMT-0500,30.093000000000004,30.076999999999998,0.1,0.1
08.04.2021 08:44:08.160 GMT-0500,30.102,30.078000000000003,0.1,0.1
08.04.2021 08:44:09.809 GMT-0500,30.092,30.078000000000003,0.0008,0.1
08.04.2021 08:44:11.676 GMT-0500,30.103,30.087,0.1,0.1
08.04.2021 08:44:16.027 GMT-0500,30.113000000000003,30.096999999999998,0.1,0.0008
08.04.2021 08:44:16.077 GMT-0500,30.113000000000003,30.096999999999998,0.1,0.1
08.04.2021 08:44:19.907 GMT-0500,30.103,30.087,0.1,0.1
08.04.2021 08:44:23.129 GMT-0500,30.113000000000003,30.096999999999998,0.1,0.1
08.04.2021 08:44:24.866 GMT-0500,30.103,30.087,0.1,0.1
08.04.2021 08:44:29.061 GMT-0500,30.113000000000003,30.096999999999998,0.1,0.1
08.04.2021 08:44:29.793 GMT-0500,30.113000000000003,30.087,0.1,0.1
08.04.2021 08:44:29.843 GMT-0500,30.103,30.087,0.1,0.1
08.04.2021 08:44:37.269 GMT-0500,30.112,30.088,0.1,0.1
08.04.2021 08:44:39.449 GMT-0500,30.113000000000003,30.096999999999998,0.1,0.1
08.04.2021 08:44:47.315 GMT-0500,30.102,30.088,0.1,0.1
08.04.2021 08:44:51.586 GMT-0500,30.113000000000003,30.096999999999998,0.1,0.1
08.04.2021 08:44:56.407 GMT-0500,30.103,30.087,0.1,0.1
08.04.2021 08:45:01.317 GMT-0500,30.092,30.078000000000003,0.1,0.1
08.04.2021 08:45:04.780 GMT-0500,30.102,30.088,0.1,0.1
08.04.2021 08:45:05.522 GMT-0500,30.092,30.078000000000003,0.1,0.1
08.04.2021 08:45:12.603 GMT-0500,30.103,30.076999999999998,0.1,0.1
08.04.2021 08:45:12.654 GMT-0500,30.092,30.078000000000003,0.1,0.1
08.04.2021 08:45:16.787 GMT-0500,30.081999999999997,30.068,0.1,0.1
08.04.2021 08:45:17.582 GMT-0500,30.092,30.078000000000003,0.1,0.1
08.04.2021 08:45:20.053 GMT-0500,30.092,30.068,0.1,0.1
08.04.2021 08:45:21.746 GMT-0500,30.093000000000004,30.067,0.1,0.1
08.04.2021 08:45:28.880 GMT-0500,30.092,30.078000000000003,0.1,0.1
08.04.2021 08:45:29.666 GMT-0500,30.081999999999997,30.068,0.1,0.1
08.04.2021 08:45:49.010 GMT-0500,30.073000000000004,30.057,0.1,0.1
08.04.2021 08:45:50.115 GMT-0500,30.083000000000002,30.067,0.1,0.0008
08.04.2021 08:45:50.165 GMT-0500,30.081999999999997,30.068,0.1,0.1
08.04.2021 08:46:07.058 GMT-0500,30.073000000000004,30.057,0.1,0.1
08.04.2021 08:46:08.067 GMT-0500,30.073000000000004,30.067,0.0008,0.075
08.04.2021 08:46:08.118 GMT-0500,30.081999999999997,30.068,0.1,0.1
08.04.2021 08:46:12.063 GMT-0500,30.083000000000002,30.057,0.1,0.1
08.04.2021 08:46:12.164 GMT-0500,30.072,30.058000000000003,0.1,0.1
08.04.2021 08:46:33.464 GMT-0500,30.081999999999997,30.068,0.1,0.1
08.04.2021 08:46:35.689 GMT-0500,30.092,30.068,0.1,0.1
08.04.2021 08:46:35.739 GMT-0500,30.092,30.078000000000003,0.1,0.1
08.04.2021 08:46:47.120 GMT-0500,30.103,30.087,0.1,0.1
08.04.2021 08:46:50.626 GMT-0500,30.112,30.098000000000003,0.1,0.1
08.04.2021 08:46:50.776 GMT-0500,30.103,30.087,0.1,0.1
08.04.2021 08:46:55.585 GMT-0500,30.112,30.098000000000003,0.1,0.0008
08.04.2021 08:46:55.635 GMT-0500,30.113000000000003,30.096999999999998,0.1,0.1
08.04.2021 08:47:10.817 GMT-0500,30.123,30.107,0.1,0.0008
08.04.2021 08:47:10.868 GMT-0500,30.112,30.098000000000003,0.1,0.1
08.04.2021 08:47:54.737 GMT-0500,30.122,30.108000000000004,0.1,0.1
08.04.2021 08:47:54.939 GMT-0500,30.113000000000003,30.096999999999998,0.1,0.1
08.04.2021 08:47:55.725 GMT-0500,30.123,30.107,0.1,0.1
08.04.2021 08:48:26.970 GMT-0500,30.113000000000003,30.096999999999998,0.1,0.1
08.04.2021 08:48:37.847 GMT-0500,30.102,30.088,0.1,0.1
08.04.2021 08:48:38.950 GMT-0500,30.112,30.098000000000003,0.1,0.1
08.04.2021 08:48:39.985 GMT-0500,30.103,30.096999999999998,0.0008,0.075
08.04.2021 08:48:40.035 GMT-0500,30.103,30.087,0.1,0.1
08.04.2021 08:48:47.273 GMT-0500,30.113000000000003,30.096999999999998,0.1,0.1
08.04.2021 08:48:57.085 GMT-0500,30.122,30.108000000000004,0.1,0.1
08.04.2021 08:49:03.619 GMT-0500,30.113000000000003,30.107,0.0008,0.075
08.04.2021 08:49:03.669 GMT-0500,30.112,30.098000000000003,0.1,0.1
08.04.2021 08:49:03.782 GMT-0500,30.123,30.107,0.1,0.1
08.04.2021 08:49:26.463 GMT-0500,30.131999999999998,30.118000000000002,0.1,0.1
08.04.2021 08:49:34.933 GMT-0500,30.142,30.128000000000004,0.1,0.1
08.04.2021 08:49:35.378 GMT-0500,30.143,30.116999999999997,0.1,0.1
08.04.2021 08:49:36.236 GMT-0500,30.142,30.128000000000004,0.1,0.1
08.04.2021 08:50:03.041 GMT-0500,30.131999999999998,30.118000000000002,0.1,0.1
08.04.2021 08:50:10.752 GMT-0500,30.123,30.107,0.1,0.1
08.04.2021 08:50:13.234 GMT-0500,30.133000000000003,30.116999999999997,0.1,0.1
08.04.2021 08:50:17.560 GMT-0500,30.133000000000003,30.107,0.1,0.1
08.04.2021 08:50:18.420 GMT-0500,30.122,30.108000000000004,0.1,0.1
08.04.2021 08:50:23.281 GMT-0500,30.113000000000003,30.096999999999998,0.1,0.1
08.04.2021 08:50:57.991 GMT-0500,30.123,30.107,0.1,0.1
08.04.2021 08:51:03.278 GMT-0500,30.112,30.098000000000003,0.1,0.1
08.04.2021 08:51:05.521 GMT-0500,30.123,30.107,0.1,0.1
08.04.2021 08:52:28.968 GMT-0500,30.133000000000003,30.116999999999997,0.1,0.1
08.04.2021 08:52:39.080 GMT-0500,30.143,30.127,0.1,0.0008
08.04.2021 08:52:39.131 GMT-0500,30.142,30.128000000000004,0.1,0.1
08.04.2021 08:53:30.560 GMT-0500,30.151999999999997,30.138,0.1,0.1
08.04.2021 08:53:37.164 GMT-0500,30.163000000000004,30.137,0.1,0.1
08.04.2021 08:53:37.265 GMT-0500,30.162,30.148000000000003,0.1,0.1
08.04.2021 08:53:38.762 GMT-0500,30.153000000000002,30.137,0.1,0.1
08.04.2021 08:53:41.362 GMT-0500,30.163000000000004,30.147,0.1,0.0008
08.04.2021 08:53:41.412 GMT-0500,30.163000000000004,30.147,0.1,0.1
08.04.2021 08:53:44.309 GMT-0500,30.151999999999997,30.138,0.1,0.1
08.04.2021 08:53:48.763 GMT-0500,30.163000000000004,30.147,0.1,0.1
08.04.2021 08:53:49.609 GMT-0500,30.153000000000002,30.137,0.1,0.1
08.04.2021 08:53:52.769 GMT-0500,30.142,30.128000000000004,0.1,0.1
08.04.2021 08:54:44.971 GMT-0500,30.131999999999998,30.118000000000002,0.1,0.1
08.04.2021 08:54:46.290 GMT-0500,30.142,30.128000000000004,0.1,0.1
08.04.2021 08:54:51.460 GMT-0500,30.133000000000003,30.116999999999997,0.1,0.1
08.04.2021 08:54:58.332 GMT-0500,30.142,30.128000000000004,0.1,0.1
08.04.2021 08:55:04.470 GMT-0500,30.133000000000003,30.127,0.0008,0.075
08.04.2021 08:55:04.521 GMT-0500,30.131999999999998,30.118000000000002,0.1,0.1
08.04.2021 08:55:41.882 GMT-0500,30.143,30.116999999999997,0.1,0.1
08.04.2021 08:55:41.932 GMT-0500,30.143,30.127,0.1,0.1
08.04.2021 08:56:35.295 GMT-0500,30.151999999999997,30.138,0.1,0.1
08.04.2021 08:56:37.300 GMT-0500,30.163000000000004,30.147,0.1,0.1
08.04.2021 08:56:38.330 GMT-0500,30.173000000000002,30.147,0.1,0.1
08.04.2021 08:56:41.873 GMT-0500,30.173000000000002,30.157,0.1,0.0008
08.04.2021 08:56:43.704 GMT-0500,30.163000000000004,30.147,0.1,0.1
08.04.2021 08:56:47.565 GMT-0500,30.153000000000002,30.147,0.0008,0.075
08.04.2021 08:56:47.615 GMT-0500,30.153000000000002,30.137,0.1,0.1
08.04.2021 08:56:54.359 GMT-0500,30.153000000000002,30.147,0.0008,0.075
08.04.2021 08:56:54.409 GMT-0500,30.162,30.148000000000003,0.1,0.1
08.04.2021 08:57:17.530 GMT-0500,30.173000000000002,30.147,0.1,0.1
08.04.2021 08:57:17.737 GMT-0500,30.162,30.148000000000003,0.1,0.1
08.04.2021 08:57:24.199 GMT-0500,30.153000000000002,30.137,0.1,0.1
08.04.2021 08:57:59.477 GMT-0500,30.162,30.148000000000003,0.1,0.1
08.04.2021 08:58:07.873 GMT-0500,30.153000000000002,30.137,0.1,0.1
08.04.2021 08:58:10.866 GMT-0500,30.162,30.148000000000003,0.1,0.1
08.04.2021 08:58:15.321 GMT-0500,30.173000000000002,30.147,0.1,0.1
08.04.2021 08:58:15.371 GMT-0500,30.173000000000002,30.157,0.1,0.1
08.04.2021 08:58:30.547 GMT-0500,30.182,30.168000000000003,0.1,0.1
08.04.2021 08:58:48.700 GMT-0500,30.193,30.166999999999998,0.1,0.1
08.04.2021 08:58:49.533 GMT-0500,30.193,30.166999999999998,0.1,0.1
08.04.2021 08:58:51.417 GMT-0500,30.193,30.177,0.1,0.1
08.04.2021 08:58:59.398 GMT-0500,30.203000000000003,30.186999999999998,0.1,0.1
08.04.2021 08:59:00.416 GMT-0500,30.192,30.178,0.1,0.1
08.04.2021 08:59:08.533 GMT-0500,30.201999999999998,30.188000000000002,0.1,0.1
08.04.2021 09:00:20.305 GMT-0500,30.212,30.198000000000004,0.1,0.1
08.04.2021 09:00:22.245 GMT-0500,30.221999999999998,30.208000000000002,0.1,0.1
08.04.2021 09:00:38.951 GMT-0500,30.233000000000004,30.217,0.1,0.1
08.04.2021 09:00:40.726 GMT-0500,30.232,30.218000000000004,0.1,0.0008
08.04.2021 09:00:40.777 GMT-0500,30.221999999999998,30.208000000000002,0.1,0.1
08.04.2021 09:00:53.879 GMT-0500,30.232,30.218000000000004,0.1,0.1
08.04.2021 09:00:57.811 GMT-0500,30.221999999999998,30.208000000000002,0.1,0.1
08.04.2021 09:01:24.071 GMT-0500,30.233000000000004,30.217,0.1,0.1
08.04.2021 09:01:24.172 GMT-0500,30.223000000000003,30.206999999999997,0.1,0.1
08.04.2021 09:01:38.553 GMT-0500,30.233000000000004,30.217,0.1,0.1
08.04.2021 09:01:50.629 GMT-0500,30.241999999999997,30.218000000000004,0.1,0.1
08.04.2021 09:01:50.679 GMT-0500,30.243000000000002,30.227,0.1,0.1
08.04.2021 09:02:05.821 GMT-0500,30.253000000000004,30.237,0.1,0.1
08.04.2021 09:02:14.522 GMT-0500,30.243000000000002,30.227,0.1,0.1
08.04.2021 09:02:54.024 GMT-0500,30.232,30.218000000000004,0.1,0.1
08.04.2021 09:03:26.375 GMT-0500,30.243000000000002,30.227,0.1,0.1
08.04.2021 09:03:47.426 GMT-0500,30.252,30.238000000000003,0.1,0.1
08.04.2021 09:03:49.448 GMT-0500,30.263,30.247,0.1,0.1
08.04.2021 09:04:35.212 GMT-0500,30.262,30.258000000000003,0.0008,0.075
08.04.2021 09:04:35.291 GMT-0500,30.272,30.258000000000003,0.1,0.1
08.04.2021 09:04:36.142 GMT-0500,30.262,30.248,0.1,0.1
08.04.2021 09:04:39.907 GMT-0500,30.253000000000004,30.237,0.1,0.1
08.04.2021 09:04:55.921 GMT-0500,30.262,30.248,0.1,0.1
08.04.2021 09:05:00.199 GMT-0500,30.272,30.248,0.1,0.1
08.04.2021 09:05:00.249 GMT-0500,30.262,30.248,0.1,0.1
08.04.2021 09:05:01.403 GMT-0500,30.273000000000003,30.256999999999998,0.1,0.1
08.04.2021 09:05:09.696 GMT-0500,30.263,30.247,0.1,0.1
08.04.2021 09:05:25.851 GMT-0500,30.253000000000004,30.237,0.1,0.1
08.04.2021 09:05:30.813 GMT-0500,30.263,30.247,0.1,0.0008
08.04.2021 09:05:30.871 GMT-0500,30.262,30.248,0.1,0.1
08.04.2021 09:05:44.665 GMT-0500,30.273000000000003,30.247,0.1,0.1
08.04.2021 09:05:44.715 GMT-0500,30.272,30.258000000000003,0.1,0.1
08.04.2021 09:06:02.106 GMT-0500,30.283,30.267,0.1,0.1
08.04.2021 09:06:02.617 GMT-0500,30.272,30.258000000000003,0.1,0.1
08.04.2021 09:06:10.339 GMT-0500,30.262,30.248,0.1,0.1
08.04.2021 09:06:16.182 GMT-0500,30.273000000000003,30.256999999999998,0.1,0.1
08.04.2021 09:06:17.357 GMT-0500,30.262,30.248,0.1,0.1
08.04.2021 09:06:21.431 GMT-0500,30.272,30.258000000000003,0.1,0.0008
08.04.2021 09:06:21.482 GMT-0500,30.273000000000003,30.256999999999998,0.1,0.1
08.04.2021 09:06:34.271 GMT-0500,30.273000000000003,30.267,0.0008,0.075
08.04.2021 09:06:34.322 GMT-0500,30.282,30.268,0.1,0.1
08.04.2021 09:06:37.341 GMT-0500,30.272,30.258000000000003,0.1,0.1
08.04.2021 09:06:51.970 GMT-0500,30.262,30.248,0.1,0.1
08.04.2021 09:06:55.889 GMT-0500,30.253000000000004,30.237,0.1,0.1
08.04.2021 09:06:57.961 GMT-0500,30.263,30.237,0.1,0.1
08.04.2021 09:06:58.012 GMT-0500,30.262,30.248,0.1,0.1
08.04.2021 09:07:19.708 GMT-0500,30.273000000000003,30.256999999999998,0.1,0.1
08.04.2021 09:07:52.411 GMT-0500,30.262,30.248,0.1,0.1
08.04.2021 09:09:04.053 GMT-0500,30.262,30.238000000000003,0.1,0.1
08.04.2021 09:09:04.103 GMT-0500,30.252,30.238000000000003,0.1,0.1
08.04.2021 09:09:19.950 GMT-0500,30.263,30.247,0.1,0.1
08.04.2021 09:09:20.082 GMT-0500,30.253000000000004,30.237,0.1,0.1
08.04.2021 09:09:42.653 GMT-0500,30.243000000000002,30.227,0.1,0.1
08.04.2021 09:10:24.717 GMT-0500,30.232,30.218000000000004,0.1,0.1
08.04.2021 09:10:25.210 GMT-0500,30.223000000000003,30.206999999999997,0.1,0.1
08.04.2021 09:10:41.153 GMT-0500,30.223000000000003,30.217,0.0008,0.075
08.04.2021 09:10:41.203 GMT-0500,30.233000000000004,30.217,0.1,0.1
08.04.2021 09:10:44.250 GMT-0500,30.221999999999998,30.208000000000002,0.1,0.1
08.04.2021 09:11:48.206 GMT-0500,30.233000000000004,30.206999999999997,0.1,0.1
08.04.2021 09:11:48.256 GMT-0500,30.233000000000004,30.217,0.1,0.1
08.04.2021 09:12:06.244 GMT-0500,30.243000000000002,30.227,0.1,0.1
08.04.2021 09:12:10.471 GMT-0500,30.253000000000004,30.237,0.1,0.1
08.04.2021 09:12:17.639 GMT-0500,30.243000000000002,30.227,0.1,0.1
08.04.2021 09:12:20.567 GMT-0500,30.253000000000004,30.237,0.1,0.1
08.04.2021 09:12:50.186 GMT-0500,30.263,30.247,0.1,0.1
08.04.2021 09:13:03.634 GMT-0500,30.273000000000003,30.256999999999998,0.1,0.1
08.04.2021 09:13:30.789 GMT-0500,30.283,30.267,0.1,0.1
08.04.2021 09:14:24.102 GMT-0500,30.291999999999998,30.278000000000002,0.1,0.1
08.04.2021 09:15:21.803 GMT-0500,30.283,30.267,0.1,0.1
08.04.2021 09:15:42.980 GMT-0500,30.283,30.267,0.1,0.0008
08.04.2021 09:15:43.030 GMT-0500,30.273000000000003,30.256999999999998,0.1,0.1
08.04.2021 09:15:58.256 GMT-0500,30.262,30.248,0.1,0.1
08.04.2021 09:16:24.463 GMT-0500,30.253000000000004,30.237,0.1,0.1
08.04.2021 09:16:44.910 GMT-0500,30.253000000000004,30.227,0.1,0.1
08.04.2021 09:16:45.123 GMT-0500,30.253000000000004,30.237,0.1,0.0008
08.04.2021 09:16:45.282 GMT-0500,30.253000000000004,30.227,0.1,0.1
08.04.2021 09:16:47.639 GMT-0500,30.252,30.238000000000003,0.1,0.1
08.04.2021 09:16:47.855 GMT-0500,30.253000000000004,30.227,0.1,0.1
08.04.2021 09:16:48.241 GMT-0500,30.253000000000004,30.237,0.1,0.0008
08.04.2021 09:16:51.780 GMT-0500,30.252,30.228,0.1,0.1
08.04.2021 09:16:51.830 GMT-0500,30.253000000000004,30.237,0.1,0.1
08.04.2021 09:16:52.194 GMT-0500,30.253000000000004,30.227,0.1,0.1
08.04.2021 09:16:56.100 GMT-0500,30.252,30.238000000000003,0.1,0.075
08.04.2021 09:16:56.818 GMT-0500,30.241999999999997,30.228,0.1,0.1
08.04.2021 09:17:54.995 GMT-0500,30.252,30.238000000000003,0.1,0.1
08.04.2021 09:18:45.691 GMT-0500,30.263,30.237,0.1,0.1
08.04.2021 09:18:45.973 GMT-0500,30.252,30.238000000000003,0.0008,0.1
08.04.2021 09:18:46.024 GMT-0500,30.262,30.238000000000003,0.1,0.1
08.04.2021 09:18:54.282 GMT-0500,30.252,30.238000000000003,0.0008,0.1
08.04.2021 09:18:54.332 GMT-0500,30.262,30.238000000000003,0.1,0.1
08.04.2021 09:18:55.922 GMT-0500,30.262,30.248,0.1,0.1
08.04.2021 09:19:35.318 GMT-0500,30.253000000000004,30.237,0.1,0.1
08.04.2021 09:19:37.493 GMT-0500,30.252,30.228,0.1,0.1
08.04.2021 09:19:37.657 GMT-0500,30.253000000000004,30.237,0.1,0.075
08.04.2021 09:20:05.484 GMT-0500,30.241999999999997,30.228,0.1,0.1
08.04.2021 09:20:30.278 GMT-0500,30.232,30.218000000000004,0.1,0.1
08.04.2021 09:20:47.735 GMT-0500,30.243000000000002,30.227,0.1,0.1
08.04.2021 09:20:57.166 GMT-0500,30.233000000000004,30.217,0.1,0.1
08.04.2021 09:21:16.528 GMT-0500,30.221999999999998,30.218000000000004,0.0008,0.075
08.04.2021 09:21:16.578 GMT-0500,30.223000000000003,30.206999999999997,0.1,0.1
08.04.2021 09:22:07.653 GMT-0500,30.223000000000003,30.197,0.1,0.1
08.04.2021 09:22:07.703 GMT-0500,30.212,30.198000000000004,0.1,0.1
08.04.2021 09:23:14.126 GMT-0500,30.223000000000003,30.206999999999997,0.1,0.1
08.04.2021 09:23:24.013 GMT-0500,30.213,30.197,0.1,0.1
08.04.2021 09:23:26.222 GMT-0500,30.223000000000003,30.197,0.1,0.1
08.04.2021 09:23:32.574 GMT-0500,30.213,30.197,0.1,0.1
08.04.2021 09:23:32.717 GMT-0500,30.223000000000003,30.197,0.1,0.1
08.04.2021 09:23:37.688 GMT-0500,30.221999999999998,30.198000000000004,0.1,0.1
08.04.2021 09:24:33.340 GMT-0500,30.221999999999998,30.208000000000002,0.1,0.1
08.04.2021 09:25:02.669 GMT-0500,30.213,30.197,0.1,0.1
08.04.2021 09:25:49.416 GMT-0500,30.223000000000003,30.197,0.1,0.1
08.04.2021 09:25:52.654 GMT-0500,30.221999999999998,30.198000000000004,0.1,0.1
08.04.2021 09:25:54.243 GMT-0500,30.221999999999998,30.208000000000002,0.1,0.1
08.04.2021 09:26:15.122 GMT-0500,30.213,30.197,0.1,0.1
08.04.2021 09:26:31.305 GMT-0500,30.213,30.206999999999997,0.0008,0.075
08.04.2021 09:26:31.355 GMT-0500,30.221999999999998,30.208000000000002,0.1,0.1
08.04.2021 09:27:02.879 GMT-0500,30.213,30.197,0.1,0.1
08.04.2021 09:27:10.971 GMT-0500,30.221999999999998,30.198000000000004,0.1,0.1
08.04.2021 09:27:11.801 GMT-0500,30.221999999999998,30.208000000000002,0.1,0.1
08.04.2021 09:30:27.001 GMT-0500,30.213,30.197,0.1,0.1
08.04.2021 09:30:51.516 GMT-0500,30.203000000000003,30.186999999999998,0.1,0.1
08.04.2021 09:31:13.279 GMT-0500,30.201999999999998,30.178,0.1,0.1
08.04.2021 09:31:13.329 GMT-0500,30.192,30.178,0.1,0.1
08.04.2021 09:31:55.978 GMT-0500,30.193,30.166999999999998,0.1,0.1
08.04.2021 09:31:56.028 GMT-0500,30.182,30.168000000000003,0.1,0.1
08.04.2021 09:32:14.007 GMT-0500,30.193,30.177,0.1,0.1
08.04.2021 09:32:19.023 GMT-0500,30.183000000000003,30.166999999999998,0.1,0.1
08.04.2021 09:32:43.385 GMT-0500,30.171999999999997,30.158,0.1,0.1
08.04.2021 09:32:43.535 GMT-0500,30.182,30.168000000000003,0.1,0.1
08.04.2021 09:32:59.814 GMT-0500,30.182,30.158,0.1,0.1
08.04.2021 09:32:59.865 GMT-0500,30.171999999999997,30.158,0.1,0.1
08.04.2021 09:33:36.505 GMT-0500,30.163000000000004,30.147,0.1,0.1
08.04.2021 09:34:07.748 GMT-0500,30.171999999999997,30.158,0.1,0.1
08.04.2021 09:34:59.631 GMT-0500,30.183000000000003,30.166999999999998,0.1,0.1
08.04.2021 09:35:06.028 GMT-0500,30.192,30.178,0.1,0.1
08.04.2021 09:35:10.274 GMT-0500,30.182,30.168000000000003,0.1,0.1
08.04.2021 09:35:20.994 GMT-0500,30.193,30.177,0.1,0.1
08.04.2021 09:36:08.945 GMT-0500,30.183000000000003,30.166999999999998,0.1,0.1
08.04.2021 09:36:21.180 GMT-0500,30.171999999999997,30.158,0.1,0.1
08.04.2021 09:37:02.736 GMT-0500,30.182,30.168000000000003,0.1,0.1
08.04.2021 09:37:08.344 GMT-0500,30.173000000000002,30.157,0.1,0.1
08.04.2021 09:37:13.137 GMT-0500,30.182,30.168000000000003,0.1,0.1
08.04.2021 09:37:26.154 GMT-0500,30.182,30.158,0.1,0.1
08.04.2021 09:37:26.511 GMT-0500,30.183000000000003,30.166999999999998,0.1,0.1
08.04.2021 09:37:26.562 GMT-0500,30.183000000000003,30.157,0.1,0.1
08.04.2021 09:37:26.812 GMT-0500,30.183000000000003,30.166999999999998,0.1,0.0008
08.04.2021 09:37:28.380 GMT-0500,30.182,30.158,0.1,0.1
08.04.2021 09:37:28.452 GMT-0500,30.173000000000002,30.157,0.0008,0.1
08.04.2021 09:37:47.518 GMT-0500,30.171999999999997,30.148000000000003,0.1,0.1
08.04.2021 09:37:47.568 GMT-0500,30.163000000000004,30.147,0.1,0.1
08.04.2021 09:38:11.343 GMT-0500,30.173000000000002,30.157,0.1,0.1
08.04.2021 09:38:23.253 GMT-0500,30.163000000000004,30.147,0.1,0.1
08.04.2021 09:39:24.755 GMT-0500,30.173000000000002,30.157,0.1,0.1
08.04.2021 09:39:51.093 GMT-0500,30.171999999999997,30.148000000000003,0.1,0.1
08.04.2021 09:39:51.143 GMT-0500,30.162,30.148000000000003,0.1,0.1
08.04.2021 09:40:19.496 GMT-0500,30.153000000000002,30.137,0.1,0.1
08.04.2021 09:43:28.590 GMT-0500,30.143,30.127,0.1,0.1
08.04.2021 09:43:29.302 GMT-0500,30.143,30.137,0.0008,0.075
08.04.2021 09:43:29.352 GMT-0500,30.153000000000002,30.137,0.1,0.1
08.04.2021 09:43:59.320 GMT-0500,30.143,30.137,0.0008,0.075
08.04.2021 09:43:59.370 GMT-0500,30.143,30.127,0.1,0.1
08.04.2021 09:44:04.123 GMT-0500,30.142,30.138,0.0008,0.075
08.04.2021 09:44:04.173 GMT-0500,30.151999999999997,30.138,0.1,0.1
08.04.2021 09:45:09.142 GMT-0500,30.163000000000004,30.147,0.1,0.1
08.04.2021 09:45:09.293 GMT-0500,30.171999999999997,30.148000000000003,0.1,0.1
08.04.2021 09:45:09.344 GMT-0500,30.163000000000004,30.147,0.1,0.1
08.04.2021 09:45:20.563 GMT-0500,30.151999999999997,30.138,0.1,0.1
08.04.2021 09:45:24.073 GMT-0500,30.163000000000004,30.137,0.1,0.1
08.04.2021 09:45:25.079 GMT-0500,30.153000000000002,30.137,0.1,0.1
08.04.2021 09:45:25.684 GMT-0500,30.163000000000004,30.137,0.1,0.1
08.04.2021 09:45:26.464 GMT-0500,30.151999999999997,30.138,0.0008,0.1
08.04.2021 09:45:27.424 GMT-0500,30.162,30.138,0.1,0.1
08.04.2021 09:45:27.474 GMT-0500,30.151999999999997,30.138,0.1,0.1
08.04.2021 09:45:28.365 GMT-0500,30.163000000000004,30.147,0.1,0.1
08.04.2021 09:45:41.501 GMT-0500,30.151999999999997,30.138,0.1,0.1
08.04.2021 09:45:53.330 GMT-0500,30.142,30.128000000000004,0.1,0.1
08.04.2021 09:46:01.512 GMT-0500,30.151999999999997,30.128000000000004,0.1,0.1
08.04.2021 09:46:02.184 GMT-0500,30.153000000000002,30.127,0.1,0.1
08.04.2021 09:46:02.334 GMT-0500,30.153000000000002,30.127,0.1,0.1
08.04.2021 09:46:02.573 GMT-0500,30.153000000000002,30.137,0.1,0.0008
08.04.2021 09:46:12.369 GMT-0500,30.153000000000002,30.127,0.1,0.1
08.04.2021 09:46:12.419 GMT-0500,30.151999999999997,30.128000000000004,0.1,0.1
08.04.2021 09:46:28.786 GMT-0500,30.142,30.118000000000002,0.1,0.1
08.04.2021 09:46:30.809 GMT-0500,30.131999999999998,30.118000000000002,0.0008,0.1
08.04.2021 09:46:48.157 GMT-0500,30.142,30.128000000000004,0.1,0.1
08.04.2021 09:47:27.731 GMT-0500,30.151999999999997,30.128000000000004,0.1,0.1
08.04.2021 09:47:27.781 GMT-0500,30.151999999999997,30.138,0.1,0.1
08.04.2021 09:48:15.198 GMT-0500,30.162,30.148000000000003,0.1,0.1
08.04.2021 09:49:13.113 GMT-0500,30.162,30.138,0.1,0.1
08.04.2021 09:49:13.164 GMT-0500,30.151999999999997,30.138,0.1,0.1
08.04.2021 09:49:14.231 GMT-0500,30.143,30.127,0.1,0.1
08.04.2021 09:49:14.431 GMT-0500,30.153000000000002,30.127,0.1,0.1
08.04.2021 09:49:14.645 GMT-0500,30.151999999999997,30.138,0.1,0.1
08.04.2021 09:49:34.477 GMT-0500,30.153000000000002,30.137,0.1,0.0008
08.04.2021 09:49:34.527 GMT-0500,30.143,30.127,0.1,0.1
08.04.2021 09:50:13.947 GMT-0500,30.151999999999997,30.138,0.1,0.1
08.04.2021 09:50:55.600 GMT-0500,30.163000000000004,30.147,0.1,0.1
08.04.2021 09:51:12.572 GMT-0500,30.171999999999997,30.148000000000003,0.1,0.1
08.04.2021 09:51:12.622 GMT-0500,30.163000000000004,30.147,0.1,0.1
08.04.2021 09:51:43.109 GMT-0500,30.173000000000002,30.147,0.1,0.1
08.04.2021 09:51:44.161 GMT-0500,30.163000000000004,30.147,0.1,0.1
08.04.2021 09:51:44.285 GMT-0500,30.171999999999997,30.158,0.1,0.1
08.04.2021 09:51:46.099 GMT-0500,30.163000000000004,30.147,0.1,0.1
08.04.2021 09:52:08.499 GMT-0500,30.171999999999997,30.158,0.1,0.0008
08.04.2021 09:52:08.549 GMT-0500,30.171999999999997,30.158,0.1,0.1
08.04.2021 09:52:50.347 GMT-0500,30.163000000000004,30.147,0.1,0.1
08.04.2021 09:55:20.114 GMT-0500,30.153000000000002,30.137,0.1,0.1
08.04.2021 09:55:46.614 GMT-0500,30.142,30.128000000000004,0.1,0.1
08.04.2021 09:55:49.242 GMT-0500,30.153000000000002,30.137,0.1,0.1
08.04.2021 09:55:50.199 GMT-0500,30.153000000000002,30.127,0.1,0.1
08.04.2021 09:55:50.453 GMT-0500,30.143,30.127,0.1,0.1
08.04.2021 09:57:02.976 GMT-0500,30.133000000000003,30.116999999999997,0.1,0.1
08.04.2021 09:57:31.139 GMT-0500,30.123,30.107,0.1,0.1
08.04.2021 09:57:53.182 GMT-0500,30.123,30.096999999999998,0.1,0.1
08.04.2021 09:57:53.232 GMT-0500,30.112,30.098000000000003,0.1,0.1
08.04.2021 09:57:53.333 GMT-0500,30.123,30.107,0.1,0.1
08.04.2021 10:00:17.733 GMT-0500,30.131999999999998,30.118000000000002,0.1,0.1
08.04.2021 10:00:38.520 GMT-0500,30.123,30.107,0.1,0.1
08.04.2021 10:02:26.119 GMT-0500,30.122,30.098000000000003,0.1,0.1
08.04.2021 10:02:26.169 GMT-0500,30.113000000000003,30.096999999999998,0.1,0.1
08.04.2021 10:02:31.083 GMT-0500,30.122,30.108000000000004,0.1,0.0008
08.04.2021 10:02:31.134 GMT-0500,30.122,30.108000000000004,0.1,0.1
08.04.2021 10:03:08.460 GMT-0500,30.131999999999998,30.118000000000002,0.1,0.1
08.04.2021 10:03:37.202 GMT-0500,30.142,30.128000000000004,0.1,0.1
08.04.2021 10:04:14.920 GMT-0500,30.151999999999997,30.138,0.1,0.1
08.04.2021 10:04:24.689 GMT-0500,30.143,30.127,0.1,0.1
08.04.2021 10:04:30.472 GMT-0500,30.131999999999998,30.118000000000002,0.1,0.1
08.04.2021 10:04:50.145 GMT-0500,30.143,30.127,0.1,0.1
08.04.2021 10:05:02.867 GMT-0500,30.131999999999998,30.118000000000002,0.1,0.1
08.04.2021 10:05:34.066 GMT-0500,30.133000000000003,30.107,0.1,0.1
08.04.2021 10:05:34.116 GMT-0500,30.133000000000003,30.116999999999997,0.1,0.1
08.04.2021 10:05:34.217 GMT-0500,30.123,30.107,0.1,0.1
08.04.2021 10:06:01.429 GMT-0500,30.133000000000003,30.107,0.1,0.1
08.04.2021 10:06:01.480 GMT-0500,30.131999999999998,30.118000000000002,0.1,0.1
08.04.2021 10:06:01.934 GMT-0500,30.133000000000003,30.107,0.1,0.1
08.04.2021 10:06:02.135 GMT-0500,30.131999999999998,30.118000000000002,0.1,0.1
08.04.2021 10:06:02.236 GMT-0500,30.131999999999998,30.108000000000004,0.1,0.1
08.04.2021 10:06:02.286 GMT-0500,30.131999999999998,30.118000000000002,0.1,0.1
08.04.2021 10:06:02.387 GMT-0500,30.131999999999998,30.108000000000004,0.1,0.1
08.04.2021 10:06:02.437 GMT-0500,30.131999999999998,30.118000000000002,0.1,0.1
08.04.2021 10:08:20.199 GMT-0500,30.122,30.108000000000004,0.1,0.1
08.04.2021 10:10:11.690 GMT-0500,30.131999999999998,30.118000000000002,0.1,0.1
08.04.2021 10:11:59.239 GMT-0500,30.143,30.127,0.1,0.1
08.04.2021 10:12:03.694 GMT-0500,30.142,30.118000000000002,0.1,0.1
08.04.2021 10:12:03.881 GMT-0500,30.133000000000003,30.116999999999997,0.0008,0.1
08.04.2021 10:13:50.729 GMT-0500,30.142,30.128000000000004,0.1,0.1
08.04.2021 10:14:15.693 GMT-0500,30.153000000000002,30.137,0.1,0.1
08.04.2021 10:15:06.145 GMT-0500,30.151999999999997,30.128000000000004,0.1,0.1
08.04.2021 10:15:07.510 GMT-0500,30.153000000000002,30.137,0.1,0.075
08.04.2021 10:15:09.042 GMT-0500,30.151999999999997,30.128000000000004,0.1,0.1
08.04.2021 10:15:10.851 GMT-0500,30.151999999999997,30.138,0.1,0.0008
08.04.2021 10:20:07.976 GMT-0500,30.142,30.128000000000004,0.1,0.1
08.04.2021 10:20:35.518 GMT-0500,30.142,30.118000000000002,0.1,0.1
08.04.2021 10:20:35.568 GMT-0500,30.142,30.128000000000004,0.1,0.1
08.04.2021 10:22:58.266 GMT-0500,30.143,30.116999999999997,0.1,0.1
08.04.2021 10:22:58.317 GMT-0500,30.131999999999998,30.118000000000002,0.1,0.1
08.04.2021 10:24:20.118 GMT-0500,30.123,30.107,0.1,0.1
08.04.2021 10:25:00.747 GMT-0500,30.131999999999998,30.118000000000002,0.1,0.1
08.04.2021 10:25:07.551 GMT-0500,30.143,30.127,0.1,0.1
08.04.2021 10:25:47.651 GMT-0500,30.131999999999998,30.118000000000002,0.1,0.1
08.04.2021 10:27:25.489 GMT-0500,30.143,30.116999999999997,0.1,0.1
08.04.2021 10:27:25.539 GMT-0500,30.143,30.127,0.1,0.1
08.04.2021 10:27:28.370 GMT-0500,30.151999999999997,30.128000000000004,0.1,0.1
08.04.2021 10:27:28.420 GMT-0500,30.153000000000002,30.137,0.1,0.1
08.04.2021 10:28:15.238 GMT-0500,30.142,30.128000000000004,0.1,0.1
08.04.2021 10:28:30.724 GMT-0500,30.153000000000002,30.137,0.1,0.1
08.04.2021 10:29:59.486 GMT-0500,30.163000000000004,30.137,0.1,0.1
08.04.2021 10:29:59.537 GMT-0500,30.162,30.148000000000003,0.1,0.1
08.04.2021 10:30:00.396 GMT-0500,30.163000000000004,30.137,0.1,0.1
08.04.2021 10:30:00.640 GMT-0500,30.153000000000002,30.137,0.1,0.1
08.04.2021 10:30:31.367 GMT-0500,30.162,30.148000000000003,0.1,0.1
08.04.2021 10:30:45.336 GMT-0500,30.173000000000002,30.157,0.1,0.1
08.04.2021 10:31:01.057 GMT-0500,30.163000000000004,30.147,0.1,0.1
08.04.2021 10:31:41.149 GMT-0500,30.151999999999997,30.138,0.1,0.1
08.04.2021 10:31:41.323 GMT-0500,30.162,30.148000000000003,0.1,0.1
08.04.2021 10:33:00.357 GMT-0500,30.162,30.138,0.1,0.1
08.04.2021 10:33:00.408 GMT-0500,30.163000000000004,30.147,0.1,0.1
08.04.2021 10:33:00.508 GMT-0500,30.162,30.138,0.1,0.1
08.04.2021 10:33:00.609 GMT-0500,30.163000000000004,30.147,0.1,0.1
08.04.2021 10:33:00.662 GMT-0500,30.163000000000004,30.137,0.1,0.1
08.04.2021 10:33:00.713 GMT-0500,30.162,30.148000000000003,0.1,0.1
08.04.2021 10:33:00.763 GMT-0500,30.162,30.138,0.1,0.1
08.04.2021 10:33:01.008 GMT-0500,30.163000000000004,30.147,0.1,0.0008
08.04.2021 10:33:01.177 GMT-0500,30.163000000000004,30.137,0.1,0.1
08.04.2021 10:33:02.052 GMT-0500,30.162,30.148000000000003,0.1,0.075
08.04.2021 10:33:03.329 GMT-0500,30.162,30.138,0.1,0.1
08.04.2021 10:33:03.379 GMT-0500,30.162,30.148000000000003,0.1,0.1
08.04.2021 10:33:08.534 GMT-0500,30.153000000000002,30.137,0.1,0.1
08.04.2021 10:33:16.707 GMT-0500,30.162,30.148000000000003,0.1,0.1
08.04.2021 10:33:21.017 GMT-0500,30.162,30.138,0.1,0.1
08.04.2021 10:33:21.269 GMT-0500,30.153000000000002,30.137,0.1,0.1
08.04.2021 10:33:25.192 GMT-0500,30.163000000000004,30.147,0.1,0.0008
08.04.2021 10:33:25.243 GMT-0500,30.162,30.148000000000003,0.1,0.1
08.04.2021 10:34:02.757 GMT-0500,30.171999999999997,30.158,0.1,0.1
08.04.2021 10:36:12.797 GMT-0500,30.183000000000003,30.157,0.1,0.1
08.04.2021 10:36:12.847 GMT-0500,30.182,30.168000000000003,0.1,0.1
08.04.2021 10:36:45.276 GMT-0500,30.193,30.177,0.1,0.1
08.04.2021 10:37:58.553 GMT-0500,30.182,30.168000000000003,0.1,0.1
08.04.2021 10:38:58.228 GMT-0500,30.173000000000002,30.157,0.1,0.1
08.04.2021 10:41:55.254 GMT-0500,30.162,30.148000000000003,0.1,0.1
08.04.2021 10:43:49.673 GMT-0500,30.151999999999997,30.138,0.1,0.1
08.04.2021 10:45:57.111 GMT-0500,30.142,30.128000000000004,0.1,0.1
08.04.2021 10:49:20.508 GMT-0500,30.133000000000003,30.116999999999997,0.1,0.1
08.04.2021 10:49:48.000 GMT-0500,30.123,30.107,0.1,0.1
08.04.2021 10:50:06.936 GMT-0500,30.133000000000003,30.116999999999997,0.1,0.1
08.04.2021 10:52:48.006 GMT-0500,30.131999999999998,30.108000000000004,0.1,0.1
08.04.2021 10:52:48.102 GMT-0500,30.131999999999998,30.118000000000002,0.1,0.075
08.04.2021 10:56:23.461 GMT-0500,30.131999999999998,30.108000000000004,0.1,0.1
08.04.2021 10:56:24.827 GMT-0500,30.131999999999998,30.118000000000002,0.1,0.0008
08.04.2021 10:56:37.270 GMT-0500,30.133000000000003,30.107,0.1,0.1
08.04.2021 10:56:38.449 GMT-0500,30.133000000000003,30.116999999999997,0.1,0.1
08.04.2021 10:59:53.377 GMT-0500,30.142,30.128000000000004,0.1,0.1
08.04.2021 11:03:01.848 GMT-0500,30.131999999999998,30.118000000000002,0.1,0.1
08.04.2021 11:11:34.272 GMT-0500,30.142,30.128000000000004,0.1,0.0008
08.04.2021 11:11:34.322 GMT-0500,30.143,30.127,0.1,0.1
08.04.2021 11:14:31.398 GMT-0500,30.142,30.138,0.0008,0.075
08.04.2021 11:14:31.448 GMT-0500,30.153000000000002,30.137,0.1,0.1
08.04.2021 11:14:54.396 GMT-0500,30.162,30.148000000000003,0.1,0.1
08.04.2021 11:15:23.247 GMT-0500,30.163000000000004,30.137,0.1,0.1
08.04.2021 11:15:23.298 GMT-0500,30.153000000000002,30.137,0.1,0.1
08.04.2021 11:15:41.426 GMT-0500,30.162,30.148000000000003,0.1,0.1
08.04.2021 11:17:23.493 GMT-0500,30.153000000000002,30.137,0.1,0.1
08.04.2021 11:18:45.697 GMT-0500,30.143,30.127,0.1,0.1
08.04.2021 11:21:05.193 GMT-0500,30.151999999999997,30.138,0.1,0.0008
08.04.2021 11:21:05.243 GMT-0500,30.153000000000002,30.137,0.1,0.1
08.04.2021 11:21:40.430 GMT-0500,30.163000000000004,30.147,0.1,0.1
08.04.2021 11:23:01.306 GMT-0500,30.173000000000002,30.157,0.1,0.1
08.04.2021 11:24:26.813 GMT-0500,30.173000000000002,30.147,0.1,0.1
08.04.2021 11:24:26.864 GMT-0500,30.163000000000004,30.147,0.1,0.1
08.04.2021 11:24:33.779 GMT-0500,30.153000000000002,30.137,0.1,0.1
08.04.2021 11:31:12.485 GMT-0500,30.153000000000002,30.147,0.0008,0.075
08.04.2021 11:31:12.535 GMT-0500,30.163000000000004,30.147,0.1,0.1
08.04.2021 11:32:00.163 GMT-0500,30.151999999999997,30.138,0.1,0.1
08.04.2021 11:32:15.453 GMT-0500,30.162,30.148000000000003,0.1,0.1
08.04.2021 11:32:59.192 GMT-0500,30.153000000000002,30.137,0.1,0.1
08.04.2021 11:33:32.927 GMT-0500,30.162,30.138,0.1,0.1
08.04.2021 11:33:33.028 GMT-0500,30.153000000000002,30.137,0.1,0.1
08.04.2021 11:33:33.795 GMT-0500,30.162,30.148000000000003,0.1,0.1
08.04.2021 11:34:27.598 GMT-0500,30.153000000000002,30.137,0.1,0.1
08.04.2021 11:39:42.380 GMT-0500,30.163000000000004,30.137,0.1,0.1
08.04.2021 11:39:42.431 GMT-0500,30.162,30.148000000000003,0.1,0.1
08.04.2021 11:54:36.663 GMT-0500,30.151999999999997,30.138,0.1,0.1
08.04.2021 11:56:42.358 GMT-0500,30.143,30.127,0.1,0.1
08.04.2021 11:57:57.768 GMT-0500,30.131999999999998,30.118000000000002,0.1,0.1
08.04.2021 12:03:57.294 GMT-0500,30.122,30.108000000000004,0.1,0.1
08.04.2021 12:05:46.644 GMT-0500,30.113000000000003,30.096999999999998,0.1,0.1
08.04.2021 12:08:02.703 GMT-0500,30.103,30.087,0.1,0.1
08.04.2021 12:08:04.052 GMT-0500,30.093000000000004,30.076999999999998,0.1,0.1
08.04.2021 12:09:36.909 GMT-0500,30.083000000000002,30.067,0.1,0.1
08.04.2021 12:09:48.534 GMT-0500,30.093000000000004,30.076999999999998,0.1,0.1
08.04.2021 12:10:06.470 GMT-0500,30.093000000000004,30.067,0.1,0.1
08.04.2021 12:10:06.521 GMT-0500,30.083000000000002,30.067,0.1,0.1
08.04.2021 12:10:32.848 GMT-0500,30.093000000000004,30.067,0.1,0.1
08.04.2021 12:10:32.898 GMT-0500,30.081999999999997,30.068,0.1,0.1
08.04.2021 12:10:33.675 GMT-0500,30.093000000000004,30.067,0.1,0.1
08.04.2021 12:10:33.786 GMT-0500,30.083000000000002,30.067,0.0008,0.1
08.04.2021 12:13:20.578 GMT-0500,30.093000000000004,30.076999999999998,0.1,0.1
08.04.2021 12:16:51.610 GMT-0500,30.083000000000002,30.067,0.1,0.1
08.04.2021 12:17:02.196 GMT-0500,30.073000000000004,30.057,0.1,0.1
08.04.2021 12:17:15.571 GMT-0500,30.061999999999998,30.048000000000002,0.1,0.1
08.04.2021 12:17:35.370 GMT-0500,30.061999999999998,30.058000000000003,0.0008,0.075
08.04.2021 12:17:35.420 GMT-0500,30.072,30.058000000000003,0.1,0.1
08.04.2021 12:19:26.033 GMT-0500,30.063000000000002,30.046999999999997,0.1,0.1
08.04.2021 12:19:36.442 GMT-0500,30.073000000000004,30.057,0.1,0.1
08.04.2021 12:19:44.633 GMT-0500,30.061999999999998,30.048000000000002,0.1,0.1
08.04.2021 12:19:47.136 GMT-0500,30.073000000000004,30.046999999999997,0.1,0.1
08.04.2021 12:19:47.187 GMT-0500,30.061999999999998,30.048000000000002,0.1,0.1
08.04.2021 12:19:50.343 GMT-0500,30.072,30.048000000000002,0.1,0.1
08.04.2021 12:19:51.029 GMT-0500,30.073000000000004,30.046999999999997,0.1,0.1
08.04.2021 12:19:52.123 GMT-0500,30.072,30.048000000000002,0.1,0.1
08.04.2021 12:19:54.706 GMT-0500,30.063000000000002,30.046999999999997,0.1,0.1
08.04.2021 12:19:57.809 GMT-0500,30.072,30.048000000000002,0.1,0.1
08.04.2021 12:20:00.107 GMT-0500,30.063000000000002,30.046999999999997,0.1,0.1
08.04.2021 12:20:05.512 GMT-0500,30.072,30.048000000000002,0.1,0.1
08.04.2021 12:20:13.481 GMT-0500,30.061999999999998,30.048000000000002,0.1,0.1
08.04.2021 12:21:17.338 GMT-0500,30.072,30.048000000000002,0.1,0.1
08.04.2021 12:21:17.800 GMT-0500,30.073000000000004,30.057,0.1,0.1
08.04.2021 12:21:23.576 GMT-0500,30.073000000000004,30.057,0.1,0.0008
08.04.2021 12:21:23.626 GMT-0500,30.063000000000002,30.046999999999997,0.1,0.1
08.04.2021 12:22:23.079 GMT-0500,30.072,30.058000000000003,0.1,0.1
08.04.2021 12:22:23.386 GMT-0500,30.061999999999998,30.048000000000002,0.1,0.1
08.04.2021 12:22:41.437 GMT-0500,30.073000000000004,30.046999999999997,0.1,0.1
08.04.2021 12:22:42.096 GMT-0500,30.073000000000004,30.057,0.1,0.075
08.04.2021 12:22:42.238 GMT-0500,30.061999999999998,30.048000000000002,0.1,0.1
08.04.2021 12:23:04.944 GMT-0500,30.073000000000004,30.046999999999997,0.1,0.1
08.04.2021 12:23:05.254 GMT-0500,30.061999999999998,30.048000000000002,0.1,0.1
08.04.2021 12:26:59.398 GMT-0500,30.072,30.058000000000003,0.1,0.1
08.04.2021 12:27:23.415 GMT-0500,30.072,30.058000000000003,0.1,0.0008
08.04.2021 12:27:23.465 GMT-0500,30.063000000000002,30.046999999999997,0.1,0.1
08.04.2021 12:28:13.034 GMT-0500,30.072,30.048000000000002,0.1,0.1
08.04.2021 12:28:14.159 GMT-0500,30.063000000000002,30.046999999999997,0.0008,0.1
08.04.2021 12:32:02.943 GMT-0500,30.053,30.037,0.1,0.1
08.04.2021 12:32:06.114 GMT-0500,30.061999999999998,30.038000000000004,0.1,0.1
08.04.2021 12:32:06.781 GMT-0500,30.053,30.037,0.1,0.1
08.04.2021 12:32:07.141 GMT-0500,30.063000000000002,30.037,0.1,0.1
08.04.2021 12:32:07.613 GMT-0500,30.053,30.037,0.0008,0.1
08.04.2021 12:32:08.057 GMT-0500,30.061999999999998,30.038000000000004,0.1,0.1
08.04.2021 12:32:08.208 GMT-0500,30.052,30.038000000000004,0.1,0.1
08.04.2021 12:32:08.489 GMT-0500,30.063000000000002,30.037,0.1,0.1
08.04.2021 12:32:08.816 GMT-0500,30.061999999999998,30.038000000000004,0.1,0.1
08.04.2021 12:32:09.113 GMT-0500,30.061999999999998,30.048000000000002,0.1,0.1
08.04.2021 12:36:49.012 GMT-0500,30.052,30.038000000000004,0.1,0.1
08.04.2021 12:45:23.658 GMT-0500,30.041999999999998,30.028000000000002,0.1,0.1
08.04.2021 12:50:12.227 GMT-0500,30.052,30.038000000000004,0.1,0.1
08.04.2021 12:50:14.147 GMT-0500,30.053,30.026999999999997,0.1,0.1
08.04.2021 12:50:14.197 GMT-0500,30.052,30.038000000000004,0.1,0.1
08.04.2021 12:50:26.251 GMT-0500,30.041999999999998,30.028000000000002,0.1,0.1
08.04.2021 12:57:26.402 GMT-0500,30.052,30.038000000000004,0.1,0.1
08.04.2021 12:57:28.706 GMT-0500,30.043000000000003,30.037,0.0008,0.075
08.04.2021 12:57:28.756 GMT-0500,30.041999999999998,30.028000000000002,0.1,0.1
08.04.2021 13:00:04.231 GMT-0500,30.033,30.017,0.1,0.1
08.04.2021 13:00:16.652 GMT-0500,30.041999999999998,30.018,0.1,0.1
08.04.2021 13:00:17.155 GMT-0500,30.043000000000003,30.017,0.1,0.1
08.04.2021 13:00:17.206 GMT-0500,30.041999999999998,30.018,0.1,0.1
08.04.2021 13:00:17.723 GMT-0500,30.043000000000003,30.017,0.1,0.1
08.04.2021 13:00:27.846 GMT-0500,30.041999999999998,30.018,0.1,0.1
08.04.2021 13:00:28.582 GMT-0500,30.041999999999998,30.018,0.1,0.1
08.04.2021 13:21:35.088 GMT-0500,30.023000000000003,30.006999999999998,0.1,0.1
08.04.2021 13:25:23.078 GMT-0500,30.013,29.997,0.1,0.1
08.04.2021 13:25:23.128 GMT-0500,30.022,29.998,0.1,0.1
08.04.2021 13:25:23.179 GMT-0500,30.012,29.998,0.1,0.1
08.04.2021 13:28:40.587 GMT-0500,30.022,30.008000000000003,0.1,0.1
08.04.2021 13:32:53.497 GMT-0500,30.032,30.018,0.1,0.1
08.04.2021 13:33:12.989 GMT-0500,30.041999999999998,30.028000000000002,0.1,0.1
08.04.2021 13:35:33.513 GMT-0500,30.033,30.017,0.1,0.1
08.04.2021 13:39:46.095 GMT-0500,30.041999999999998,30.028000000000002,0.1,0.1
08.04.2021 13:40:06.599 GMT-0500,30.032,30.018,0.1,0.1
08.04.2021 13:46:55.617 GMT-0500,30.043000000000003,30.026999999999997,0.1,0.1
08.04.2021 14:02:45.592 GMT-0500,30.052,30.038000000000004,0.1,0.1
08.04.2021 14:03:30.791 GMT-0500,30.052,30.028000000000002,0.1,0.1
08.04.2021 14:03:30.841 GMT-0500,30.043000000000003,30.026999999999997,0.1,0.1
08.04.2021 14:26:05.811 GMT-0500,30.032,30.018,0.1,0.1
08.04.2021 14:26:09.679 GMT-0500,30.023000000000003,30.006999999999998,0.1,0.1
08.04.2021 14:26:21.063 GMT-0500,30.022,29.998,0.1,0.1
08.04.2021 14:26:21.113 GMT-0500,30.013,29.997,0.1,0.1
08.04.2021 14:34:58.359 GMT-0500,30.003000000000004,29.987,0.1,0.1
08.04.2021 14:35:00.616 GMT-0500,30.002,29.988000000000003,0.1,0.0008
08.04.2021 14:35:00.666 GMT-0500,29.993000000000002,29.977,0.1,0.1
08.04.2021 14:35:10.182 GMT-0500,29.983000000000004,29.967,0.1,0.1
08.04.2021 14:35:11.059 GMT-0500,29.971999999999998,29.958000000000002,0.1,0.1
08.04.2021 14:35:20.233 GMT-0500,29.963,29.947,0.1,0.1
08.04.2021 14:35:38.178 GMT-0500,29.963,29.947,0.1,0.0008
08.04.2021 14:35:38.228 GMT-0500,29.953000000000003,29.936999999999998,0.1,0.1
08.04.2021 14:36:24.832 GMT-0500,29.942,29.928,0.1,0.1
08.04.2021 14:36:34.389 GMT-0500,29.953000000000003,29.936999999999998,0.1,0.1
08.04.2021 14:36:34.490 GMT-0500,29.963,29.947,0.1,0.1
08.04.2021 14:36:35.355 GMT-0500,29.971999999999998,29.958000000000002,0.1,0.1
08.04.2021 14:36:45.396 GMT-0500,29.982,29.968000000000004,0.1,0.1
08.04.2021 14:38:05.834 GMT-0500,29.993000000000002,29.977,0.1,0.1
08.04.2021 14:38:58.849 GMT-0500,29.982,29.968000000000004,0.1,0.1
08.04.2021 14:39:27.878 GMT-0500,29.973000000000003,29.956999999999997,0.1,0.1
08.04.2021 14:40:02.963 GMT-0500,29.963,29.947,0.1,0.1
08.04.2021 14:41:16.642 GMT-0500,29.973000000000003,29.956999999999997,0.1,0.1
08.04.2021 14:41:25.056 GMT-0500,29.962,29.948000000000004,0.1,0.1
08.04.2021 14:43:36.561 GMT-0500,29.971999999999998,29.948000000000004,0.1,0.1
08.04.2021 14:43:36.611 GMT-0500,29.963,29.947,0.1,0.1
08.04.2021 14:43:56.446 GMT-0500,29.973000000000003,29.947,0.1,0.1
08.04.2021 14:43:56.496 GMT-0500,29.973000000000003,29.956999999999997,0.1,0.1
08.04.2021 14:44:09.562 GMT-0500,29.962,29.948000000000004,0.1,0.1
08.04.2021 14:44:25.129 GMT-0500,29.973000000000003,29.947,0.1,0.1
08.04.2021 14:44:25.180 GMT-0500,29.973000000000003,29.956999999999997,0.1,0.1
08.04.2021 14:46:38.455 GMT-0500,29.983000000000004,29.967,0.1,0.1
08.04.2021 14:47:04.151 GMT-0500,29.971999999999998,29.958000000000002,0.1,0.1
08.04.2021 14:47:35.445 GMT-0500,29.983000000000004,29.967,0.1,0.1
08.04.2021 14:48:17.205 GMT-0500,29.991999999999997,29.968000000000004,0.1,0.1
08.04.2021 14:48:17.442 GMT-0500,29.993000000000002,29.967,0.1,0.1
08.04.2021 14:49:13.787 GMT-0500,29.991999999999997,29.978,0.1,0.1
08.04.2021 14:49:20.874 GMT-0500,29.993000000000002,29.977,0.1,0.0008
08.04.2021 14:49:20.924 GMT-0500,29.982,29.968000000000004,0.1,0.1
08.04.2021 14:49:26.527 GMT-0500,29.993000000000002,29.977,0.1,0.1
08.04.2021 14:50:00.354 GMT-0500,30.002,29.988000000000003,0.1,0.1
08.04.2021 14:50:16.446 GMT-0500,30.013,29.997,0.1,0.1
08.04.2021 14:50:16.549 GMT-0500,30.002,29.988000000000003,0.1,0.1
08.04.2021 14:54:05.037 GMT-0500,30.013,29.997,0.1,0.1
08.04.2021 14:54:13.866 GMT-0500,30.003000000000004,29.987,0.1,0.1
08.04.2021 14:55:04.812 GMT-0500,29.993000000000002,29.977,0.1,0.1
08.04.2021 14:59:20.109 GMT-0500,30.002,29.978,0.1,0.1
08.04.2021 14:59:20.159 GMT-0500,30.003000000000004,29.987,0.1,0.1
08.04.2021 14:59:20.260 GMT-0500,29.991999999999997,29.978,0.1,0.1
08.04.2021 14:59:46.535 GMT-0500,30.003000000000004,29.987,0.1,0.1
08.04.2021 14:59:56.223 GMT-0500,30.012,29.998,0.1,0.1