time,ask,bid,ticker
1614004200036000000,19.873,19.827,AAL
1614004200601000000,19.862,19.828,AAL
1614004200663000000,19.872,19.828,AAL
1614004200765000000,19.862,19.828,AAL
1614004200802000000,313.683,312.09700000000004,GS
1614004200815000000,19.872,19.828,AAL
1614004200865000000,19.863,19.827,AAL
1614004200916000000,19.872,19.828,AAL
1614004200996000000,19.863,19.827,AAL
1614004201147000000,19.853,19.837,AAL
1614004201298000000,19.852,19.828,AAL
1614004201562000000,19.863,19.837,AAL
1614004201662000000,19.853,19.827,AAL
1614004201891000000,19.853,19.837,AAL
1614004201942000000,19.862,19.838,AAL
1614004202688000000,314.982,312.998,GS
1614004203171000000,314.982,313.178,GS
1614004203492000000,314.873,313.177,GS
1614004203644000000,314.862,313.178,GS
1614004203745000000,314.873,313.177,GS
1614004203888000000,314.982,313.178,GS
1614004204262000000,314.973,313.177,GS
1614004204371000000,314.962,313.178,GS
1614004204421000000,314.983,313.177,GS
1614004204471000000,314.85200000000003,313.178,GS
1614004204774000000,314.84200000000004,313.178,GS
1614004204989000000,314.833,313.177,GS
1614004205089000000,314.85200000000003,313.178,GS
1614004205517000000,314.843,313.177,GS
1614004205617000000,314.982,313.178,GS
1614004205681000000,314.982,313.578,GS
1614004206071000000,314.973,313.577,GS
1614004206208000000,314.962,313.578,GS
1614004206259000000,314.983,313.577,GS
1614004206423000000,314.982,313.188,GS
1614004206540000000,314.982,313.578,GS
1614004206752000000,314.962,313.578,GS
1614004206802000000,314.963,312.997,GS
1614004206906000000,314.962,313.578,GS
1614004207007000000,315.002,313.578,GS
1614004207262000000,314.992,313.578,GS
1614004207509000000,314.982,313.578,GS
1614004207937000000,315.003,313.577,GS
1614004208050000000,314.993,313.577,GS
1614004208687000000,314.983,313.577,GS
1614004208738000000,315.002,313.578,GS
1614004209075000000,315.002,313.788,GS
1614004209125000000,315.002,313.008,GS
1614004209248000000,314.992,313.008,GS
1614004209705000000,314.982,313.808,GS
1614004210156000000,315.002,313.808,GS
1614004210538000000,314.993,313.807,GS
1614004211083000000,314.983,313.807,GS
1614004211134000000,314.982,313.008,GS
1614004211232000000,314.982,313.918,GS
1614004211283000000,315.002,313.918,GS
1614004211640000000,314.993,313.91700000000003,GS
1614004212035000000,19.542,19.518,AAL
1614004212135000000,19.543,19.507,AAL
1614004212137000000,314.982,313.918,GS
1614004212188000000,315.002,313.918,GS
1614004212199000000,19.523,19.507,AAL
1614004212250000000,19.502,19.488,AAL
1614004212372000000,19.492,19.468,AAL
1614004212523000000,19.493,19.467,AAL
1614004212686000000,314.993,313.91700000000003,GS
1614004212724000000,19.502,19.478,AAL
1614004212914000000,19.512,19.498,AAL
1614004213014000000,19.523,19.497,AAL
1614004213234000000,19.512,19.488,AAL
1614004213284000000,19.522,19.488,AAL
1614004213515000000,19.522,19.488,AAL
1614004213565000000,19.513,19.487,AAL
1614004213615000000,19.522,19.488,AAL
1614004213665000000,19.522,19.508,AAL
1614004213887000000,19.522,19.488,AAL
1614004213887000000,314.983,313.91700000000003,GS
1614004214034000000,315.002,313.918,GS
1614004214052000000,19.522,19.498,AAL
1614004214420000000,314.993,313.91700000000003,GS
1614004215877000000,314.982,313.918,GS
1614004216166000000,315.003,313.91700000000003,GS
1614004216431000000,314.993,313.91700000000003,GS
1614004217226000000,314.983,313.91700000000003,GS
1614004217327000000,315.002,313.918,GS
1614004218055000000,314.993,313.91700000000003,GS
1614004218203000000,315.003,313.91700000000003,GS
1614004219669000000,315.003,313.867,GS
1614004220016000000,315.003,314.137,GS
1614004220190000000,315.003,313.867,GS
1614004220322000000,315.002,314.138,GS
1614004220423000000,314.992,314.138,GS
1614004220473000000,315.003,314.137,GS
1614004220942000000,314.992,313.878,GS
1614004221233000000,315.002,313.878,GS
1614004223634000000,314.992,313.868,GS
1614004223917000000,315.003,313.867,GS
1614004224183000000,19.752,19.728,AAL
1614004224308000000,19.742,19.718,AAL
1614004224358000000,19.753,19.717,AAL
1614004224458000000,19.743,19.717,AAL
1614004224508000000,19.753,19.717,AAL
1614004224575000000,19.753,19.727,AAL
1614004224755000000,19.732,19.718,AAL
1614004224844000000,314.992,313.868,GS
1614004224863000000,19.742,19.728,AAL
1614004224913000000,19.742,19.718,AAL
1614004225468000000,315.003,313.867,GS
1614004225617000000,19.743,19.717,AAL
1614004225866000000,19.752,19.718,AAL
1614004226784000000,314.992,313.868,GS
1614004226885000000,315.002,313.868,GS
1614004227187000000,19.733,19.717,AAL
1614004227287000000,19.733,19.707,AAL
1614004227338000000,19.723,19.697,AAL
1614004227571000000,19.733,19.707,AAL
1614004227581000000,314.54200000000003,313.868,GS
1614004227827000000,19.723,19.707,AAL
1614004227878000000,19.733,19.707,AAL
1614004228038000000,19.733,19.717,AAL
1614004228138000000,19.743,19.717,AAL
1614004228389000000,19.743,19.717,AAL
1614004228500000000,314.54200000000003,312.758,GS
1614004228565000000,314.54200000000003,312.768,GS
1614004228613000000,19.733,19.717,AAL
1614004228663000000,19.752,19.728,AAL
1614004228714000000,19.733,19.717,AAL
1614004228910000000,19.723,19.707,AAL
1614004228941000000,314.543,312.757,GS
1614004229032000000,19.702,19.688,AAL
1614004229132000000,19.722,19.708,AAL
1614004229193000000,314.543,313.95,GS
1614004229243000000,19.723,19.697,AAL
1614004229452000000,19.732,19.708,AAL
1614004229545000000,313.903,312.177,GS
1614004229553000000,19.723,19.707,AAL
1614004229603000000,19.722,19.698,AAL
1614004229888000000,19.723,19.707,AAL
1614004229938000000,19.722,19.698,AAL
1614004230106000000,19.712,19.688,AAL
1614004230290000000,19.702,19.688,AAL
1614004230350000000,19.712,19.688,AAL
1614004230476000000,19.702,19.678,AAL
1614004230577000000,19.693,19.667,AAL
1614004230690000000,19.682,19.668,AAL
1614004230842000000,19.693,19.667,AAL
1614004230915000000,314.543,313.28700000000003,GS
1614004231042000000,19.683,19.667,AAL
1614004231077000000,314.54200000000003,313.308,GS
1614004231093000000,19.692,19.668,AAL
1614004231143000000,19.693,19.677,AAL
1614004231193000000,19.692,19.668,AAL
1614004231294000000,19.693,19.677,AAL
1614004231393000000,314.53200000000004,313.308,GS
1614004231424000000,19.703,19.677,AAL
1614004231474000000,19.692,19.668,AAL
1614004231606000000,314.54200000000003,313.308,GS
1614004231680000000,314.302,313.308,GS
1614004231796000000,19.693,19.677,AAL
1614004231947000000,19.703,19.677,AAL
1614004232298000000,19.712,19.688,AAL
1614004232487000000,19.702,19.678,AAL
1614004232771000000,19.693,19.677,AAL
1614004233007000000,19.703,19.687,AAL
1614004233058000000,19.712,19.678,AAL
1614004233111000000,19.703,19.687,AAL
1614004233351000000,19.713,19.687,AAL
1614004233438000000,19.702,19.688,AAL
1614004233454000000,314.302,313.648,GS
1614004233688000000,19.713,19.687,AAL
1614004233738000000,19.703,19.687,AAL
1614004233868000000,19.712,19.688,AAL
1614004234069000000,19.712,19.698,AAL
1614004234169000000,19.723,19.697,AAL
1614004234413000000,19.723,19.707,AAL
1614004234464000000,19.712,19.688,AAL
1614004234765000000,19.702,19.678,AAL
1614004235027000000,19.712,19.698,AAL
1614004235128000000,19.733,19.707,AAL
1614004235178000000,19.722,19.708,AAL
1614004235228000000,19.732,19.708,AAL
1614004235279000000,19.722,19.708,AAL
1614004235379000000,19.743,19.707,AAL
1614004235429000000,19.742,19.718,AAL
1614004235530000000,19.732,19.718,AAL
1614004236327000000,19.723,19.707,AAL
1614004236377000000,19.732,19.708,AAL
1614004236571000000,19.723,19.707,AAL
1614004236621000000,19.732,19.708,AAL
1614004236697000000,19.722,19.708,AAL
1614004236966000000,19.713,19.697,AAL
1614004237066000000,19.733,19.707,AAL
1614004237117000000,19.743,19.717,AAL
1614004237267000000,19.723,19.707,AAL
1614004237317000000,19.732,19.708,AAL
1614004238085000000,19.742,19.718,AAL
1614004238242000000,19.713,19.697,AAL
1614004238292000000,19.733,19.717,AAL
1614004238342000000,19.753,19.727,AAL
1614004238411000000,315.002,313.648,GS
1614004238836000000,19.732,19.718,AAL
1614004238887000000,19.733,19.707,AAL
1614004238937000000,19.722,19.708,AAL
1614004239020000000,314.993,313.647,GS
1614004239090000000,19.732,19.708,AAL
1614004239399000000,315.003,313.647,GS
1614004239649000000,19.722,19.708,AAL
1614004239699000000,19.733,19.707,AAL
1614004240000000000,19.723,19.707,AAL
1614004240051000000,19.733,19.707,AAL
1614004240101000000,19.723,19.707,AAL
1614004240151000000,19.732,19.708,AAL
1614004240183000000,314.992,313.648,GS
1614004240255000000,19.732,19.718,AAL
1614004240305000000,19.732,19.708,AAL
1614004240520000000,19.723,19.707,AAL
1614004240621000000,19.732,19.708,AAL
1614004240642000000,315.002,313.648,GS
1614004240683000000,19.722,19.708,AAL
1614004240783000000,19.733,19.707,AAL
1614004240806000000,315.003,313.887,GS
1614004240906000000,315.002,313.878,GS
1614004240941000000,19.722,19.708,AAL
1614004240992000000,19.733,19.707,AAL
1614004241635000000,19.722,19.708,AAL
1614004241685000000,19.732,19.708,AAL
1614004242056000000,314.513,313.877,GS
1614004242106000000,314.063,312.077,GS
1614004242348000000,19.723,19.707,AAL
1614004242398000000,19.733,19.707,AAL
1614004242498000000,19.743,19.707,AAL
1614004242549000000,19.733,19.707,AAL
1614004242681000000,19.742,19.708,AAL
1614004242841000000,19.732,19.708,AAL
1614004243272000000,19.742,19.708,AAL
1614004243422000000,19.733,19.707,AAL
1614004243592000000,19.723,19.707,AAL
1614004243642000000,19.733,19.707,AAL
1614004243853000000,19.723,19.707,AAL
1614004243905000000,19.732,19.708,AAL
1614004244099000000,19.723,19.707,AAL
1614004244490000000,19.732,19.708,AAL
1614004244540000000,19.722,19.708,AAL
1614004244917000000,19.743,19.707,AAL
1614004245024000000,19.733,19.707,AAL
1614004246236000000,314.29200000000003,313.388,GS
1614004246806000000,314.283,313.397,GS
1614004247084000000,314.283,313.40700000000004,GS
1614004247134000000,314.29200000000003,313.408,GS
1614004249645000000,314.29200000000003,312.358,GS
1614004250233000000,314.29200000000003,312.448,GS
1614004252724000000,314.293,313.627,GS
1614004252885000000,314.29200000000003,313.828,GS
1614004252936000000,314.402,313.638,GS
1614004252986000000,314.41200000000003,313.958,GS
1614004253254000000,314.41200000000003,313.958,GS
1614004254374000000,314.402,313.968,GS
1614004254424000000,314.413,313.957,GS
1614004255164000000,19.673,19.647,AAL
1614004256120000000,19.672,19.658,AAL
1614004256322000000,19.683,19.657,AAL
1614004256728000000,314.41200000000003,313.968,GS
1614004256831000000,19.673,19.657,AAL
1614004256881000000,19.682,19.658,AAL
1614004256884000000,314.41200000000003,314.208,GS
1614004257132000000,19.663,19.647,AAL
1614004257313000000,314.41200000000003,314.218,GS
1614004257363000000,314.41200000000003,312.958,GS
1614004257473000000,314.392,313.688,GS
1614004258459000000,314.41200000000003,313.688,GS
1614004258576000000,314.41200000000003,313.748,GS
1614004259610000000,19.682,19.668,AAL
1614004259711000000,19.683,19.657,AAL
1614004259894000000,19.682,19.668,AAL
1614004259968000000,19.702,19.688,AAL
1614004260118000000,19.693,19.677,AAL
1614004260330000000,19.672,19.658,AAL
1614004260481000000,19.683,19.657,AAL
1614004260605000000,19.692,19.668,AAL
1614004260709000000,19.692,19.678,AAL
1614004260760000000,19.693,19.667,AAL
1614004260810000000,19.683,19.657,AAL
1614004260961000000,19.692,19.668,AAL
1614004261029000000,19.692,19.658,AAL
1614004261080000000,19.682,19.658,AAL
1614004261196000000,19.683,19.667,AAL
1614004261247000000,19.682,19.658,AAL
1614004261348000000,19.683,19.667,AAL
1614004261498000000,19.683,19.657,AAL
1614004261534000000,314.413,313.827,GS
1614004261607000000,19.673,19.657,AAL
1614004261657000000,19.672,19.648,AAL
1614004261718000000,19.672,19.658,AAL
1614004261781000000,314.183,313.712,GS
1614004261831000000,314.232,312.428,GS
1614004261956000000,19.673,19.647,AAL
1614004262172000000,314.233,312.437,GS
1614004262266000000,19.653,19.637,AAL
1614004262381000000,19.653,19.627,AAL
1614004262431000000,19.663,19.647,AAL
1614004263240000000,314.41200000000003,312.438,GS
1614004263262000000,19.683,19.667,AAL
1614004263312000000,19.693,19.667,AAL
1614004263413000000,19.672,19.658,AAL
1614004263641000000,19.662000000000003,19.648,AAL
1614004263792000000,19.652,19.638,AAL
1614004263857000000,19.663,19.637,AAL
1614004264108000000,19.672,19.648,AAL
1614004264309000000,19.663,19.647,AAL
1614004264374000000,19.673,19.647,AAL
1614004264495000000,314.403,312.447,GS
1614004264765000000,314.413,312.447,GS
1614004264908000000,19.663,19.637,AAL
1614004265057000000,19.653,19.627,AAL
1614004265234000000,19.642,19.618,AAL
1614004265397000000,19.632,19.608,AAL
1614004265447000000,19.643,19.607,AAL
1614004265553000000,19.643,19.617,AAL
1614004265685000000,19.633,19.607,AAL
1614004265890000000,19.622,19.608,AAL
1614004265940000000,19.632,19.608,AAL
1614004266311000000,314.41200000000003,312.898,GS
1614004267211000000,19.622,19.598,AAL
1614004267262000000,19.622,19.588,AAL
1614004267339000000,19.622,19.598,AAL
1614004267469000000,314.402,312.908,GS
1614004267579000000,314.41200000000003,312.908,GS
1614004267627000000,19.633,19.597,AAL
1614004267717000000,314.41200000000003,312.898,GS
1614004268215000000,314.113,312.90700000000004,GS
1614004268266000000,314.41200000000003,312.898,GS
1614004268300000000,19.623,19.607,AAL
1614004268351000000,19.643,19.607,AAL
1614004268861000000,19.632,19.598,AAL
1614004269217000000,314.402,312.908,GS
1614004269317000000,19.623,19.597,AAL
1614004269325000000,314.413,312.897,GS
1614004269623000000,19.633,19.607,AAL
1614004270416000000,314.413,312.90700000000004,GS
1614004270792000000,19.622,19.608,AAL
1614004270842000000,19.632,19.608,AAL
1614004271010000000,19.622,19.608,AAL
1614004271085000000,19.632,19.608,AAL
1614004271451000000,19.612,19.598,AAL
1614004271501000000,19.613,19.587,AAL
1614004272743000000,19.602,19.588,AAL
1614004272793000000,19.613,19.587,AAL
1614004272874000000,314.41200000000003,313.108,GS
1614004273382000000,314.393,313.107,GS
1614004276836000000,314.392,313.118,GS
1614004277759000000,314.392,313.128,GS
1614004279588000000,314.392,313.138,GS
1614004279689000000,315.003,313.107,GS
1614004280395000000,314.993,313.117,GS
1614004280638000000,314.992,313.148,GS
1614004280689000000,315.003,313.147,GS
1614004280938000000,315.003,314.385,GS
1614004281201000000,314.992,314.388,GS
1614004281252000000,314.493,313.15700000000004,GS
1614004281352000000,315.003,313.107,GS
1614004281769000000,314.643,313.107,GS
1614004281876000000,314.643,313.117,GS
1614004283181000000,314.643,313.127,GS
1614004284056000000,314.422,313.128,GS
1614004284107000000,314.643,313.127,GS
1614004284738000000,19.692,19.678,AAL
1614004284819000000,315.002,313.108,GS
1614004284839000000,19.702,19.678,AAL
1614004285089000000,19.702,19.688,AAL
1614004285168000000,19.703,19.677,AAL
1614004285217000000,314.432,313.148,GS
1614004285267000000,315.002,313.148,GS
1614004285269000000,19.692,19.678,AAL
1614004285371000000,315.002,313.108,GS
1614004285422000000,19.703,19.677,AAL
1614004285537000000,19.692,19.678,AAL
1614004285588000000,19.693,19.667,AAL
1614004286093000000,19.683,19.667,AAL
1614004286143000000,19.693,19.667,AAL
1614004286748000000,19.702,19.678,AAL
1614004286797000000,314.993,313.117,GS
1614004286897000000,315.002,313.108,GS
1614004286972000000,19.703,19.667,AAL
1614004287027000000,19.693,19.667,AAL
1614004287178000000,19.683,19.667,AAL
1614004287337000000,19.692,19.668,AAL
1614004287588000000,19.703,19.677,AAL
1614004287738000000,19.683,19.657,AAL
1614004288109000000,19.683,19.667,AAL
1614004288160000000,19.693,19.667,AAL
1614004288243000000,19.703,19.677,AAL
1614004288638000000,19.713,19.677,AAL
1614004288690000000,19.703,19.677,AAL
1614004288740000000,19.713,19.677,AAL
1614004288840000000,19.703,19.677,AAL
1614004288890000000,19.713,19.677,AAL
1614004288998000000,314.262,313.118,GS
1614004289048000000,315.002,313.118,GS
1614004289099000000,315.002,313.108,GS
1614004289236000000,19.702,19.678,AAL
1614004289287000000,19.713,19.677,AAL
1614004289498000000,314.993,313.107,GS
1614004289610000000,315.003,313.117,GS
1614004290073000000,19.723,19.687,AAL
1614004290155000000,19.712,19.688,AAL
1614004290205000000,19.712,19.678,AAL
1614004290720000000,19.703,19.677,AAL
1614004290899000000,19.703,19.667,AAL
1614004290949000000,19.692,19.668,AAL
1614004291092000000,19.702,19.668,AAL
1614004291143000000,19.702,19.678,AAL
1614004291194000000,19.703,19.667,AAL
1614004291535000000,19.702,19.678,AAL
1614004291536000000,314.423,313.117,GS
1614004292713000000,19.693,19.667,AAL
1614004292813000000,19.692,19.658,AAL
1614004292864000000,19.683,19.657,AAL
1614004293164000000,19.683,19.647,AAL
1614004293367000000,19.683,19.657,AAL
1614004293525000000,19.682,19.648,AAL
1614004293576000000,19.683,19.657,AAL
1614004293726000000,19.693,19.667,AAL
1614004293877000000,19.702,19.668,AAL
1614004293927000000,19.693,19.667,AAL
1614004294331000000,314.423,313.127,GS
1614004294981000000,19.702,19.678,AAL
1614004295482000000,19.692,19.678,AAL
1614004295532000000,19.693,19.667,AAL
1614004295784000000,19.693,19.677,AAL
1614004295975000000,19.703,19.677,AAL
1614004296123000000,19.693,19.677,AAL
1614004296519000000,19.692,19.668,AAL
1614004296767000000,314.423,313.997,GS
1614004296770000000,19.702,19.688,AAL
1614004296870000000,19.722,19.698,AAL
1614004296955000000,314.423,314.22700000000003,GS
1614004297005000000,314.973,313.34700000000004,GS
1614004297055000000,19.713,19.687,AAL
1614004297068000000,314.97200000000004,314.008,GS
1614004297206000000,19.732,19.708,AAL
1614004297322000000,19.743,19.717,AAL
1614004297477000000,19.733,19.717,AAL
1614004297555000000,314.963,314.007,GS
1614004297605000000,314.973,313.53700000000003,GS
1614004297656000000,314.973,314.327,GS
1614004297684000000,19.732,19.708,AAL
1614004297862000000,19.722,19.698,AAL
1614004297963000000,19.702,19.688,AAL
1614004297998000000,314.913,314.327,GS
1614004298048000000,314.91200000000003,313.538,GS
1614004298113000000,19.703,19.677,AAL
1614004298505000000,19.693,19.667,AAL
1614004298606000000,19.702,19.678,AAL
1614004298775000000,19.702,19.688,AAL
1614004298897000000,19.713,19.687,AAL
1614004298947000000,19.722,19.698,AAL
1614004299074000000,19.732,19.708,AAL
1614004299226000000,19.743,19.727,AAL
1614004299363000000,19.742,19.718,AAL
1614004299464000000,19.732,19.718,AAL
1614004299594000000,19.742,19.718,AAL
1614004300010000000,314.913,313.547,GS
1614004300114000000,19.733,19.717,AAL
1614004300164000000,19.743,19.717,AAL
1614004300628000000,314.913,313.557,GS
1614004300895000000,19.733,19.717,AAL
1614004300946000000,19.733,19.707,AAL
1614004301048000000,314.752,313.558,GS
1614004301313000000,19.723,19.697,AAL
1614004301375000000,19.733,19.697,AAL
1614004301427000000,314.753,313.567,GS
1614004301476000000,19.733,19.707,AAL
1614004301576000000,314.752,313.618,GS
1614004301579000000,19.722,19.698,AAL
1614004301627000000,314.752,313.558,GS
1614004302132000000,314.752,313.348,GS
1614004302183000000,314.91200000000003,313.348,GS
1614004302313000000,19.732,19.718,AAL
1614004302449000000,314.622,313.358,GS
1614004302570000000,314.622,313.348,GS
1614004302856000000,19.722,19.708,AAL
1614004302906000000,19.733,19.707,AAL
1614004303108000000,19.723,19.707,AAL
1614004303158000000,19.732,19.708,AAL
1614004303254000000,314.612,313.348,GS
1614004303304000000,19.723,19.707,AAL
1614004303597000000,19.733,19.707,AAL
1614004303823000000,19.723,19.707,AAL
1614004303923000000,19.733,19.707,AAL
1614004303974000000,19.723,19.707,AAL
1614004304027000000,19.722,19.698,AAL
1614004304077000000,19.713,19.697,AAL
1614004304367000000,314.623,313.34700000000004,GS
1614004304705000000,314.622,313.358,GS
1614004304883000000,19.712,19.688,AAL
1614004305399000000,314.623,313.367,GS
1614004305561000000,19.712,19.698,AAL
1614004305612000000,19.713,19.687,AAL
1614004305882000000,19.702,19.688,AAL
1614004306083000000,19.712,19.688,AAL
1614004306233000000,19.702,19.688,AAL
1614004306488000000,19.713,19.687,AAL
1614004306588000000,19.712,19.698,AAL
1614004306783000000,314.622,313.378,GS
1614004306884000000,314.91200000000003,313.348,GS
1614004306951000000,19.722,19.698,AAL
1614004307024000000,19.712,19.698,AAL
1614004307333000000,314.413,313.357,GS
1614004307384000000,314.41200000000003,313.348,GS
1614004307437000000,19.712,19.688,AAL
1614004308019000000,314.41200000000003,313.358,GS
1614004308054000000,19.702,19.688,AAL
1614004308104000000,19.713,19.687,AAL
1614004308120000000,314.413,313.34700000000004,GS
1614004308665000000,314.213,313.357,GS
1614004308715000000,314.91200000000003,313.128,GS
1614004308778000000,19.703,19.687,AAL
1614004308828000000,19.703,19.677,AAL
1614004308910000000,314.202,313.128,GS
1614004309317000000,19.712,19.688,AAL
1614004309391000000,314.202,313.845,GS
1614004309437000000,19.713,19.677,AAL
1614004309441000000,314.913,312.96700000000004,GS
1614004309487000000,19.703,19.677,AAL
1614004309542000000,314.242,312.918,GS
1614004309681000000,314.913,312.91700000000003,GS
1614004309747000000,314.113,312.91700000000003,GS
1614004309755000000,19.703,19.687,AAL
1614004309855000000,19.703,19.677,AAL
1614004310106000000,19.683,19.667,AAL
1614004310185000000,19.682,19.658,AAL
1614004310286000000,19.683,19.667,AAL
1614004310406000000,19.683,19.657,AAL
1614004310557000000,19.682,19.668,AAL
1614004310841000000,314.10200000000003,313.358,GS
1614004310892000000,313.933,312.927,GS
1614004310997000000,313.922,312.918,GS
1614004311877000000,313.922,312.928,GS
1614004312032000000,19.682,19.658,AAL
1614004314620000000,19.672,19.658,AAL
1614004314722000000,19.683,19.667,AAL
1614004314755000000,313.913,312.91700000000003,GS
1614004314773000000,19.692,19.668,AAL
1614004314806000000,313.91200000000003,312.688,GS
1614004314856000000,313.91200000000003,312.698,GS
1614004314906000000,313.91200000000003,312.688,GS
1614004314927000000,19.692,19.678,AAL
1614004314977000000,19.703,19.677,AAL
1614004315027000000,19.693,19.677,AAL
1614004315128000000,19.702,19.688,AAL
1614004315446000000,19.712,19.698,AAL
1614004315555000000,313.913,312.697,GS
1614004315610000000,19.722,19.698,AAL
1614004315765000000,19.722,19.708,AAL
1614004315866000000,19.713,19.697,AAL
1614004315970000000,19.722,19.708,AAL
1614004316554000000,313.91200000000003,313.308,GS
1614004316714000000,19.733,19.717,AAL
1614004316815000000,19.722,19.708,AAL
1614004316965000000,19.732,19.708,AAL
1614004317068000000,19.723,19.707,AAL
1614004317168000000,19.732,19.708,AAL
1614004317274000000,313.922,313.308,GS
1614004317429000000,19.723,19.707,AAL
1614004317579000000,19.712,19.698,AAL
1614004317950000000,19.713,19.687,AAL
1614004318000000000,19.712,19.698,AAL
1614004318109000000,19.703,19.687,AAL
1614004318677000000,19.703,19.677,AAL
1614004318727000000,19.693,19.677,AAL
1614004318869000000,19.703,19.687,AAL
1614004319237000000,19.692,19.678,AAL
1614004319503000000,19.693,19.667,AAL
1614004319754000000,19.693,19.677,AAL
1614004319804000000,19.703,19.677,AAL
1614004319854000000,19.713,19.697,AAL
1614004319955000000,19.703,19.677,AAL
1614004320122000000,314.913,313.307,GS
1614004320357000000,19.692,19.678,AAL
1614004320407000000,19.693,19.667,AAL
1614004320457000000,19.683,19.667,AAL
1614004320660000000,19.673,19.657,AAL
1614004321144000000,19.673,19.647,AAL
1614004321195000000,19.652,19.638,AAL
1614004321245000000,19.632,19.618,AAL
1614004321295000000,19.632,19.608,AAL
1614004321559000000,313.883,313.307,GS
1614004322124000000,19.643,19.617,AAL
1614004322174000000,19.643,19.607,AAL
1614004322224000000,19.643,19.617,AAL
1614004322330000000,19.642,19.608,AAL
1614004322425000000,19.643,19.617,AAL
1614004322549000000,19.632,19.608,AAL
1614004322974000000,19.622,19.598,AAL
1614004323153000000,19.613,19.587,AAL
1614004323659000000,19.612,19.598,AAL
1614004323710000000,19.622,19.598,AAL
1614004323860000000,19.623,19.587,AAL
1614004323910000000,19.623,19.597,AAL
1614004324011000000,19.622,19.588,AAL
1614004324088000000,19.622,19.598,AAL
1614004324153000000,313.873,313.307,GS
1614004324189000000,19.632,19.608,AAL
1614004324254000000,313.732,313.308,GS
1614004324304000000,313.742,313.308,GS
1614004324440000000,19.622,19.598,AAL
1614004324495000000,313.883,313.307,GS
1614004324569000000,19.633,19.607,AAL
1614004324619000000,19.633,19.597,AAL
1614004324875000000,313.872,313.318,GS
1614004324976000000,313.883,313.307,GS
1614004325405000000,313.882,313.588,GS
1614004325455000000,313.882,313.328,GS
1614004325557000000,313.883,313.317,GS
1614004325617000000,313.802,313.318,GS
1614004325643000000,19.612,19.598,AAL
1614004325667000000,313.883,313.317,GS
1614004325794000000,19.602,19.588,AAL
1614004325894000000,19.612,19.588,AAL
1614004326138000000,19.592,19.578,AAL
1614004326394000000,19.592,19.568,AAL
1614004326444000000,19.583,19.567,AAL
1614004326681000000,313.882,313.328,GS
1614004326781000000,313.882,313.318,GS
1614004326865000000,19.572,19.558,AAL
1614004326915000000,19.582,19.558,AAL
1614004327073000000,19.582,19.568,AAL
1614004327224000000,19.582,19.558,AAL
1614004327298000000,19.572,19.558,AAL
1614004327349000000,19.582,19.558,AAL
1614004327449000000,19.583,19.567,AAL
1614004327501000000,19.593,19.567,AAL
1614004327911000000,19.602,19.578,AAL
1614004328012000000,19.602,19.588,AAL
1614004328062000000,19.623,19.607,AAL
1614004328250000000,19.612,19.598,AAL
1614004328300000000,19.613,19.587,AAL
1614004328406000000,313.863,313.317,GS
1614004328451000000,19.602,19.588,AAL
1614004328457000000,313.862,313.308,GS
1614004328714000000,19.612,19.598,AAL
1614004328819000000,19.612,19.588,AAL
1614004328925000000,19.602,19.588,AAL
1614004328975000000,19.612,19.588,AAL
1614004329176000000,19.613,19.577,AAL
1614004329226000000,19.612,19.598,AAL
1614004329277000000,19.623,19.597,AAL
1614004329377000000,19.623,19.607,AAL
1614004329543000000,313.883,313.307,GS
1614004329640000000,313.783,313.317,GS
1614004329690000000,313.882,313.308,GS
1614004330069000000,19.632,19.608,AAL
1614004330298000000,19.622,19.608,AAL
1614004330349000000,19.633,19.607,AAL
1614004330679000000,19.622,19.608,AAL
1614004330780000000,19.613,19.597,AAL
1614004330830000000,19.613,19.587,AAL
1614004331131000000,19.592,19.578,AAL
1614004331388000000,19.583,19.567,AAL
1614004331508000000,19.592,19.568,AAL
1614004331609000000,19.593,19.557,AAL
1614004331715000000,19.593,19.577,AAL
1614004332244000000,19.583,19.557,AAL
1614004332444000000,19.583,19.567,AAL
1614004332545000000,19.562,19.548,AAL
1614004332595000000,19.572,19.548,AAL
1614004334504000000,19.583,19.567,AAL
1614004334554000000,19.593,19.557,AAL
1614004334608000000,19.583,19.557,AAL
1614004334708000000,19.593,19.557,AAL
1614004334758000000,19.593,19.567,AAL
1614004335096000000,313.72200000000004,313.308,GS
1614004339399000000,313.72200000000004,313.65700000000004,GS
1614004339450000000,314.863,313.767,GS
1614004339457000000,19.573,19.557,AAL
1614004339505000000,314.872,313.768,GS
1614004339556000000,314.922,313.768,GS
1614004339570000000,19.582,19.558,AAL
1614004340226000000,19.573,19.557,AAL
1614004340248000000,314.923,313.317,GS
1614004340364000000,19.573,19.547,AAL
1614004340459000000,314.922,313.308,GS
1614004340807000000,19.562,19.548,AAL
1614004340857000000,19.572,19.548,AAL
1614004341495000000,19.552,19.538,AAL
1614004341722000000,19.563,19.547,AAL
1614004341772000000,19.573,19.547,AAL
1614004341823000000,19.562,19.548,AAL
1614004341873000000,19.572,19.548,AAL
1614004341923000000,19.572,19.558,AAL
1614004342108000000,19.562,19.548,AAL
1614004342259000000,19.562,19.538,AAL
1614004342893000000,19.553,19.527,AAL
1614004343015000000,19.543,19.527,AAL
1614004343703000000,19.553,19.527,AAL
1614004343753000000,19.532,19.518,AAL
1614004343903000000,19.552,19.528,AAL
1614004344004000000,19.543,19.517,AAL
1614004344229000000,19.543,19.507,AAL
1614004344541000000,19.543,19.517,AAL
1614004344591000000,19.542,19.508,AAL
1614004344622000000,314.122,313.308,GS
1614004344641000000,19.543,19.517,AAL
1614004344691000000,19.542,19.508,AAL
1614004344742000000,19.543,19.517,AAL
1614004344792000000,19.542,19.508,AAL
1614004345116000000,19.542,19.518,AAL
1614004345152000000,314.123,313.66700000000003,GS
1614004345486000000,19.553,19.527,AAL
1614004345613000000,19.563,19.537000000000003,AAL
1614004345820000000,19.553,19.537000000000003,AAL
1614004346278000000,19.563,19.537000000000003,AAL
1614004346462000000,19.562,19.548,AAL
1614004346957000000,19.573,19.557,AAL
1614004348667000000,19.582,19.568,AAL
1614004348718000000,19.593,19.567,AAL
1614004348768000000,19.583,19.567,AAL
1614004348934000000,19.593,19.567,AAL
1614004348985000000,19.583,19.567,AAL
1614004349132000000,314.122,313.718,GS
1614004349232000000,314.122,313.608,GS
1614004349256000000,19.592,19.568,AAL
1614004349283000000,314.123,313.647,GS
1614004349306000000,19.582,19.568,AAL
1614004349357000000,19.592,19.568,AAL
1614004349529000000,19.583,19.567,AAL
1614004349680000000,19.593,19.567,AAL
1614004349890000000,19.583,19.567,AAL
1614004349940000000,19.593,19.567,AAL
1614004350000000000,19.583,19.567,AAL
1614004350051000000,19.592,19.568,AAL
1614004350201000000,19.583,19.567,AAL
1614004350251000000,19.592,19.568,AAL
1614004350312000000,19.583,19.567,AAL
1614004350413000000,19.593,19.567,AAL
1614004350478000000,19.592,19.578,AAL
1614004350530000000,314.123,313.607,GS
1614004350580000000,314.122,313.668,GS
1614004350889000000,19.583,19.567,AAL
1614004351039000000,19.582,19.558,AAL
1614004353717000000,19.593,19.567,AAL
1614004353823000000,19.593,19.577,AAL
1614004354055000000,19.583,19.567,AAL
1614004354207000000,19.583,19.557,AAL
1614004354678000000,314.423,313.317,GS
1614004354729000000,314.422,313.308,GS
1614004355479000000,314.413,313.317,GS
1614004355579000000,314.41200000000003,313.308,GS
1614004356137000000,19.572,19.558,AAL
1614004356571000000,314.403,313.317,GS
1614004356787000000,314.402,313.308,GS
1614004357403000000,19.582,19.558,AAL
1614004357508000000,19.593,19.567,AAL
1614004358075000000,19.603,19.577,AAL
1614004358385000000,19.603,19.587,AAL
1614004358712000000,19.603,19.577,AAL
1614004359540000000,19.602,19.588,AAL
1614004359897000000,19.602,19.578,AAL
1614004360008000000,19.603,19.587,AAL
1614004360058000000,19.602,19.578,AAL
1614004360286000000,19.603,19.587,AAL
1614004360386000000,19.622,19.598,AAL
1614004360436000000,19.612,19.588,AAL
1614004360575000000,19.612,19.598,AAL
1614004360625000000,19.613,19.587,AAL
1614004361051000000,19.622,19.588,AAL
1614004361559000000,19.613,19.587,AAL
1614004361574000000,314.393,313.317,GS
1614004361609000000,19.623,19.587,AAL
1614004361660000000,19.612,19.588,AAL
1614004361710000000,19.622,19.588,AAL
1614004361786000000,19.622,19.598,AAL
1614004361937000000,19.602,19.578,AAL
1614004361962000000,314.432,313.308,GS
1614004362274000000,19.603,19.587,AAL
1614004362375000000,19.592,19.578,AAL
1614004362455000000,314.423,313.65700000000004,GS
1614004362505000000,314.422,313.318,GS
1614004362556000000,314.203,313.91700000000003,GS
1614004362606000000,314.923,313.91700000000003,GS
1614004362671000000,314.073,313.91700000000003,GS
1614004362721000000,314.443,313.317,GS
1614004362742000000,19.603,19.577,AAL
1614004362772000000,314.223,313.807,GS
1614004363009000000,19.593,19.577,AAL
1614004363297000000,314.22200000000004,313.318,GS
1614004363822000000,19.592,19.568,AAL
1614004363872000000,19.583,19.567,AAL
1614004363950000000,19.583,19.557,AAL
1614004364095000000,19.582,19.568,AAL
1614004364167000000,19.593,19.567,AAL
1614004364395000000,19.592,19.558,AAL
1614004364445000000,19.582,19.558,AAL
1614004364726000000,19.573,19.557,AAL
1614004365420000000,19.583,19.557,AAL
1614004365809000000,19.582,19.568,AAL
1614004365809000000,314.22200000000004,313.328,GS
1614004365860000000,19.582,19.558,AAL
1614004366010000000,19.573,19.557,AAL
1614004366072000000,314.223,313.78700000000003,GS
1614004366175000000,19.563,19.547,AAL
1614004366630000000,19.573,19.557,AAL
1614004366749000000,19.563,19.547,AAL
1614004366936000000,314.91200000000003,313.788,GS
1614004366986000000,314.453,313.84700000000004,GS
1614004367109000000,19.572,19.548,AAL
1614004367159000000,19.562,19.548,AAL
1614004367413000000,314.452,313.788,GS
1614004367597000000,314.073,313.78700000000003,GS
1614004367647000000,314.452,313.788,GS
1614004367701000000,19.573,19.547,AAL
1614004368129000000,19.562,19.548,AAL
1614004368179000000,19.572,19.548,AAL
1614004368404000000,19.572,19.558,AAL
1614004369130000000,19.563,19.547,AAL
1614004369231000000,19.572,19.548,AAL
1614004369918000000,314.442,313.788,GS
1614004370141000000,314.452,313.788,GS
1614004370350000000,19.562,19.548,AAL
1614004370863000000,19.562,19.538,AAL
1614004371148000000,314.453,313.46700000000004,GS
1614004371148000000,19.563,19.547,AAL
1614004371249000000,19.573,19.557,AAL
1614004371527000000,19.572,19.548,AAL
1614004371628000000,19.572,19.558,AAL
1614004371751000000,19.572,19.548,AAL
1614004371801000000,19.572,19.558,AAL
1614004371952000000,19.583,19.557,AAL
1614004372502000000,19.573,19.557,AAL
1614004372552000000,19.582,19.558,AAL
1614004373140000000,19.593,19.567,AAL
1614004373721000000,19.582,19.558,AAL
1614004373772000000,19.593,19.557,AAL
1614004373822000000,19.583,19.567,AAL
1614004373973000000,19.573,19.557,AAL
1614004374023000000,19.582,19.558,AAL
1614004374123000000,19.582,19.548,AAL
1614004374174000000,19.572,19.548,AAL
1614004374324000000,19.573,19.557,AAL
1614004374441000000,19.553,19.537000000000003,AAL
1614004374562000000,19.563,19.537000000000003,AAL
1614004374612000000,19.562,19.548,AAL
1614004374743000000,19.572,19.558,AAL
1614004374948000000,19.583,19.557,AAL
1614004374998000000,19.582,19.568,AAL
1614004375562000000,19.572,19.558,AAL
1614004375882000000,19.562,19.548,AAL
1614004375983000000,19.573,19.557,AAL
1614004376348000000,19.573,19.547,AAL
1614004376398000000,19.573,19.557,AAL
1614004377463000000,314.442,313.588,GS
1614004377513000000,314.452,313.588,GS
1614004378140000000,19.573,19.547,AAL
1614004378190000000,19.563,19.547,AAL
1614004378240000000,19.572,19.548,AAL
1614004378242000000,314.453,313.46700000000004,GS
1614004378315000000,19.563,19.547,AAL
1614004378416000000,19.562,19.538,AAL
1614004378587000000,19.553,19.537000000000003,AAL
1614004378738000000,19.562,19.538,AAL
1614004379519000000,19.563,19.547,AAL
1614004379875000000,314.913,313.46700000000004,GS
1614004379992000000,19.572,19.548,AAL
1614004380093000000,19.563,19.547,AAL
1614004380543000000,314.91200000000003,313.928,GS
1614004380644000000,314.04200000000003,313.308,GS
1614004380694000000,314.052,313.308,GS
1614004380745000000,314.052,313.378,GS
1614004380795000000,314.463,313.377,GS
1614004380851000000,19.573,19.547,AAL
1614004381198000000,19.563,19.547,AAL
1614004381335000000,314.452,313.388,GS
1614004381453000000,314.033,313.377,GS
1614004381585000000,19.572,19.548,AAL
1614004381785000000,19.563,19.547,AAL
1614004382105000000,19.572,19.548,AAL
1614004382379000000,19.582,19.558,AAL
1614004382797000000,19.583,19.567,AAL
1614004382978000000,314.033,313.517,GS
1614004383028000000,314.453,313.517,GS
1614004383078000000,314.182,313.378,GS
1614004383129000000,314.453,313.377,GS
1614004383827000000,19.593,19.577,AAL
1614004383950000000,19.603,19.587,AAL
1614004384118000000,19.593,19.577,AAL
1614004384168000000,19.603,19.577,AAL
1614004384369000000,19.613,19.597,AAL
1614004384418000000,314.453,313.387,GS
1614004384618000000,314.183,313.377,GS
1614004384722000000,19.602,19.588,AAL
1614004384772000000,19.612,19.588,AAL
1614004385526000000,19.603,19.587,AAL
1614004385596000000,19.613,19.587,AAL
1614004385814000000,19.602,19.588,AAL
1614004385899000000,19.613,19.587,AAL
1614004385949000000,19.602,19.588,AAL
1614004386439000000,19.603,19.577,AAL
1614004386572000000,19.593,19.577,AAL
1614004386776000000,314.182,313.388,GS
1614004386876000000,314.182,313.378,GS
1614004387560000000,19.603,19.587,AAL
1614004387812000000,19.612,19.588,AAL
1614004387938000000,19.603,19.587,AAL
1614004388000000000,19.613,19.587,AAL
1614004388103000000,19.603,19.587,AAL
1614004388269000000,19.612,19.588,AAL
1614004388355000000,19.603,19.587,AAL
1614004388748000000,19.593,19.577,AAL
1614004388962000000,19.583,19.567,AAL
1614004389424000000,19.573,19.557,AAL
1614004389584000000,19.563,19.547,AAL
1614004389957000000,19.572,19.558,AAL
1614004390008000000,19.572,19.548,AAL
1614004390143000000,19.573,19.557,AAL
1614004390193000000,19.572,19.548,AAL
1614004390555000000,19.562,19.548,AAL
1614004390766000000,314.182,313.768,GS
1614004390938000000,19.552,19.538,AAL
1614004391015000000,314.142,313.768,GS
1614004391149000000,314.122,313.768,GS
1614004391199000000,314.142,313.768,GS
1614004391429000000,19.542,19.518,AAL
1614004391846000000,19.533,19.517,AAL
1614004392058000000,19.532,19.508,AAL
1614004392108000000,19.543,19.517,AAL
1614004392275000000,314.143,313.827,GS
1614004392326000000,314.143,313.377,GS
1614004392558000000,19.532,19.518,AAL
1614004392609000000,19.542,19.518,AAL
1614004392687000000,314.123,313.377,GS
1614004392737000000,314.142,313.378,GS
1614004392784000000,19.542,19.528,AAL
1614004393005000000,19.552,19.528,AAL
1614004393102000000,19.543,19.527,AAL
1614004393153000000,19.543,19.517,AAL
1614004393239000000,19.533,19.517,AAL
1614004393361000000,19.553,19.527,AAL
1614004393673000000,19.552,19.538,AAL
1614004393726000000,314.083,313.827,GS
1614004393773000000,19.552,19.528,AAL
1614004394077000000,314.083,313.387,GS
1614004394199000000,19.542,19.528,AAL
1614004394249000000,19.552,19.528,AAL
1614004394814000000,314.082,313.828,GS
1614004394864000000,314.082,313.388,GS
1614004394914000000,314.083,313.747,GS
1614004395037000000,19.553,19.537000000000003,AAL
1614004395344000000,314.082,313.378,GS
1614004395483000000,314.063,313.377,GS
1614004395498000000,19.552,19.528,AAL
1614004395548000000,19.552,19.538,AAL
1614004395919000000,314.062,313.828,GS
1614004396019000000,19.552,19.528,AAL
1614004396069000000,314.062,313.388,GS
1614004396166000000,19.563,19.537000000000003,AAL
1614004396367000000,19.563,19.547,AAL
1614004396782000000,314.063,313.377,GS
1614004397126000000,19.553,19.537000000000003,AAL
1614004397360000000,314.063,313.777,GS
1614004397630000000,314.052,313.778,GS
1614004397731000000,314.053,313.377,GS
1614004398174000000,19.552,19.528,AAL
1614004398368000000,19.542,19.528,AAL
1614004398422000000,314.03200000000004,313.378,GS
1614004398472000000,314.062,313.378,GS
1614004398574000000,314.083,313.377,GS
1614004398628000000,314.043,313.377,GS
1614004398678000000,314.082,313.378,GS
1614004398728000000,19.562,19.538,AAL
1614004398742000000,314.053,313.377,GS
1614004398792000000,314.083,313.377,GS
1614004398930000000,314.082,313.668,GS
1614004398980000000,19.563,19.547,AAL
1614004399052000000,19.572,19.548,AAL
1614004399067000000,314.052,313.668,GS
1614004399102000000,19.572,19.558,AAL
1614004399152000000,19.572,19.548,AAL
1614004399168000000,314.082,313.378,GS
1614004399270000000,19.572,19.558,AAL
1614004399302000000,314.03200000000004,313.378,GS
1614004399353000000,314.083,313.377,GS
1614004399403000000,314.023,313.377,GS
1614004399453000000,314.082,313.378,GS
1614004399638000000,19.592,19.578,AAL
1614004399743000000,19.602,19.578,AAL
1614004400132000000,19.603,19.587,AAL
1614004400193000000,314.083,313.387,GS
1614004400243000000,314.142,313.388,GS
1614004400293000000,314.142,313.708,GS
1614004400451000000,19.593,19.577,AAL
1614004400502000000,19.603,19.577,AAL
1614004401021000000,19.593,19.577,AAL
1614004401501000000,19.603,19.577,AAL
1614004401552000000,19.603,19.587,AAL
1614004401711000000,19.603,19.577,AAL
1614004402012000000,19.593,19.567,AAL
1614004402389000000,19.592,19.578,AAL
1614004402490000000,19.593,19.567,AAL
1614004402601000000,19.592,19.578,AAL
1614004402629000000,313.893,313.707,GS
1614004402680000000,314.463,313.307,GS
1614004402730000000,314.462,313.338,GS
1614004402741000000,19.602,19.578,AAL
1614004403198000000,19.593,19.577,AAL
1614004403295000000,19.603,19.577,AAL
1614004403345000000,19.602,19.588,AAL
1614004403395000000,19.602,19.578,AAL
1614004403629000000,314.462,313.508,GS
1614004403734000000,19.593,19.577,AAL
1614004403784000000,19.603,19.577,AAL
1614004403940000000,19.592,19.578,AAL
1614004403956000000,314.462,313.338,GS
1614004403990000000,19.602,19.578,AAL
1614004404196000000,19.592,19.578,AAL
1614004405810000000,314.453,313.337,GS
1614004405971000000,314.463,313.337,GS
1614004406123000000,19.582,19.568,AAL
1614004406309000000,19.573,19.557,AAL
1614004406586000000,19.563,19.547,AAL
1614004407661000000,314.462,313.868,GS
1614004407711000000,314.463,313.337,GS
1614004407903000000,19.573,19.547,AAL
1614004408003000000,19.563,19.547,AAL
1614004408054000000,19.572,19.548,AAL
1614004408154000000,19.563,19.547,AAL
1614004408204000000,314.453,313.337,GS
1614004408296000000,19.553,19.537000000000003,AAL
1614004408353000000,19.552,19.528,AAL
1614004408403000000,19.553,19.537000000000003,AAL
1614004408699000000,19.552,19.528,AAL
1614004408799000000,19.543,19.527,AAL
1614004408924000000,19.542,19.518,AAL
1614004409203000000,314.452,313.748,GS
1614004409214000000,19.543,19.527,AAL
1614004409253000000,314.463,313.747,GS
1614004409266000000,19.553,19.527,AAL
1614004409304000000,314.462,313.338,GS
1614004409316000000,19.552,19.538,AAL
1614004409417000000,19.542,19.528,AAL
1614004409448000000,314.452,313.348,GS
1614004409480000000,19.542,19.518,AAL
1614004409499000000,314.462,313.338,GS
1614004409890000000,19.553,19.527,AAL
1614004410952000000,19.553,19.537000000000003,AAL
1614004410962000000,314.112,313.348,GS
1614004411012000000,314.163,313.337,GS
1614004411052000000,19.562,19.538,AAL
1614004411235000000,19.572,19.548,AAL
1614004411435000000,19.553,19.537000000000003,AAL
1614004411551000000,19.552,19.528,AAL
1614004412523000000,19.542,19.528,AAL
1614004412657000000,314.16200000000003,313.858,GS
1614004412674000000,19.543,19.517,AAL
1614004412707000000,314.163,313.337,GS
1614004412894000000,19.553,19.527,AAL
1614004412995000000,19.562,19.538,AAL
1614004413154000000,19.563,19.547,AAL
1614004413255000000,19.572,19.558,AAL
1614004413647000000,19.572,19.548,AAL
1614004413948000000,314.853,313.34700000000004,GS
1614004413998000000,314.853,313.78700000000003,GS
1614004414049000000,314.853,313.337,GS
1614004414099000000,314.513,313.337,GS
1614004414297000000,19.562,19.548,AAL
1614004414355000000,19.563,19.537000000000003,AAL
1614004414655000000,314.193,313.337,GS
1614004415529000000,19.553,19.527,AAL
1614004415778000000,314.192,313.858,GS
1614004415828000000,314.243,313.857,GS
1614004415915000000,314.243,313.867,GS
1614004415923000000,19.563,19.537000000000003,AAL
1614004415965000000,314.843,313.877,GS
1614004416024000000,19.562,19.548,AAL
1614004416066000000,314.512,313.868,GS
1614004416266000000,19.552,19.528,AAL
1614004416398000000,314.512,313.858,GS
1614004416493000000,314.502,313.858,GS
1614004416544000000,314.513,313.857,GS
1614004416562000000,19.543,19.517,AAL
1614004416666000000,19.533,19.517,AAL
1614004416894000000,314.513,313.867,GS
1614004416967000000,19.553,19.537000000000003,AAL
1614004416995000000,314.512,313.808,GS
1614004417079000000,19.562,19.538,AAL
1614004417252000000,19.552,19.538,AAL
1614004417313000000,19.563,19.537000000000003,AAL
1614004417369000000,19.562,19.548,AAL
1614004417469000000,19.562,19.538,AAL
1614004417519000000,19.572,19.558,AAL
1614004417620000000,19.582,19.558,AAL
1614004417720000000,19.572,19.548,AAL
1614004418461000000,19.562,19.548,AAL
1614004418511000000,19.562,19.538,AAL
1614004418561000000,19.572,19.548,AAL
1614004418840000000,19.583,19.557,AAL
1614004419000000000,19.572,19.558,AAL
1614004419459000000,314.513,314.007,GS
1614004419468000000,19.583,19.557,AAL
1614004419509000000,314.242,313.338,GS
1614004419692000000,19.583,19.567,AAL
1614004419793000000,19.583,19.557,AAL
1614004419884000000,19.582,19.568,AAL
1614004419935000000,19.592,19.568,AAL
1614004420338000000,19.593,19.557,AAL
1614004420449000000,19.582,19.558,AAL
1614004420563000000,19.573,19.557,AAL
1614004420823000000,19.582,19.558,AAL
1614004421091000000,19.572,19.558,AAL
1614004421292000000,19.583,19.557,AAL
1614004421656000000,19.573,19.557,AAL
1614004422796000000,314.243,313.945,GS
1614004422985000000,19.563,19.547,AAL
1614004423058000000,19.562,19.538,AAL
1614004423201000000,314.243,314.007,GS
1614004423475000000,19.553,19.527,AAL
1614004423605000000,19.542,19.528,AAL
1614004423753000000,19.532,19.518,AAL
1614004424020000000,19.533,19.507,AAL
1614004424296000000,19.522,19.508,AAL
1614004424770000000,19.533,19.507,AAL
1614004424820000000,19.533,19.517,AAL
1614004424921000000,19.533,19.507,AAL
1614004424971000000,19.533,19.517,AAL
1614004425021000000,19.553,19.527,AAL
1614004425607000000,19.552,19.518,AAL
1614004425658000000,19.533,19.517,AAL
1614004426074000000,19.533,19.507,AAL
1614004426441000000,19.522,19.508,AAL
1614004426825000000,19.533,19.517,AAL
1614004427475000000,19.532,19.508,AAL
1614004427526000000,19.522,19.508,AAL
1614004427641000000,19.543,19.517,AAL
1614004428198000000,314.243,314.117,GS
1614004428299000000,314.84200000000004,314.128,GS
1614004428349000000,314.84200000000004,314.198,GS
1614004428376000000,19.542,19.528,AAL
1614004428399000000,314.853,314.117,GS
1614004428450000000,314.962,314.118,GS
1614004428477000000,19.552,19.538,AAL
1614004428693000000,19.533,19.507,AAL
1614004428737000000,314.962,314.068,GS
1614004428743000000,19.543,19.517,AAL
1614004428943000000,314.762,313.808,GS
1614004429056000000,314.763,313.797,GS
1614004429351000000,314.932,313.828,GS
1614004429463000000,314.293,313.797,GS
1614004429479000000,19.532,19.508,AAL
1614004429630000000,19.523,19.507,AAL
1614004429770000000,19.533,19.507,AAL
1614004429852000000,19.532,19.518,AAL
1614004430002000000,19.542,19.518,AAL
1614004430215000000,314.232,314.078,GS
1614004430266000000,314.933,313.797,GS
1614004430406000000,19.523,19.507,AAL
1614004431506000000,314.923,313.807,GS
1614004431606000000,314.933,313.797,GS
1614004431700000000,314.882,313.798,GS
1614004431801000000,314.293,313.797,GS
1614004431852000000,314.883,313.797,GS
1614004432025000000,314.932,313.798,GS
1614004432056000000,19.502,19.488,AAL
1614004432075000000,314.882,313.798,GS
1614004432128000000,19.502,19.478,AAL
1614004432182000000,314.333,314.007,GS
1614004432232000000,314.34200000000004,313.398,GS
1614004432279000000,19.502,19.488,AAL
1614004432333000000,314.343,313.337,GS
1614004432384000000,314.183,313.337,GS
1614004432429000000,19.513,19.497,AAL
1614004432480000000,19.522,19.498,AAL
1614004432621000000,314.533,313.337,GS
1614004433123000000,19.512,19.498,AAL
1614004433224000000,19.512,19.488,AAL
1614004433963000000,314.522,313.338,GS
1614004434062000000,19.503,19.487,AAL
1614004434064000000,314.533,313.337,GS
1614004434396000000,19.513,19.487,AAL
1614004434661000000,19.503,19.487,AAL
1614004435048000000,19.513,19.487,AAL
1614004435791000000,19.522,19.498,AAL
1614004435974000000,314.533,314.027,GS
1614004435992000000,19.522,19.508,AAL
1614004436092000000,19.523,19.497,AAL
1614004436245000000,314.53200000000004,313.338,GS
1614004436538000000,314.103,313.34700000000004,GS
1614004436589000000,314.533,313.34700000000004,GS
1614004436639000000,314.533,313.757,GS
1614004436832000000,314.28200000000004,313.758,GS
1614004437532000000,314.28200000000004,313.938,GS
1614004437582000000,314.53200000000004,313.758,GS
1614004437722000000,19.523,19.507,AAL
1614004438001000000,19.512,19.498,AAL
1614004438051000000,19.522,19.498,AAL
1614004438192000000,19.513,19.497,AAL
1614004438310000000,19.513,19.487,AAL
1614004438982000000,314.933,313.757,GS
1614004439170000000,314.923,313.767,GS
1614004439349000000,314.932,313.758,GS
1614004439529000000,19.502,19.488,AAL
1614004439817000000,19.513,19.487,AAL
1614004440267000000,19.503,19.487,AAL
1614004440630000000,19.503,19.477,AAL
1614004440994000000,314.34200000000004,314.048,GS
1614004441045000000,314.34200000000004,313.758,GS
1614004441286000000,19.492,19.478,AAL
1614004441567000000,19.492,19.468,AAL
1614004441573000000,314.283,313.757,GS
1614004441617000000,19.493,19.477,AAL
1614004442794000000,314.283,313.767,GS
1614004442895000000,314.493,313.757,GS
1614004442995000000,314.863,313.757,GS
1614004443066000000,19.503,19.477,AAL
1614004443550000000,19.493,19.477,AAL
1614004444249000000,19.483,19.467,AAL
1614004444400000000,19.473,19.457,AAL
1614004445448000000,19.472,19.448,AAL
1614004445654000000,19.462,19.438,AAL
1614004445804000000,19.453,19.427,AAL
1614004446356000000,19.442,19.428,AAL
1614004446406000000,19.442,19.418,AAL
1614004446893000000,19.432,19.418,AAL
1614004446944000000,19.433,19.407,AAL
1614004446994000000,19.423,19.407,AAL
1614004447140000000,314.85200000000003,313.768,GS
1614004447155000000,19.432,19.408,AAL
1614004447240000000,314.863,313.757,GS
1614004447327000000,314.343,313.757,GS
1614004447409000000,19.423,19.407,AAL
1614004447459000000,19.432,19.408,AAL
1614004448003000000,19.432,19.418,AAL
1614004448003000000,314.34200000000004,313.768,GS
1614004448161000000,314.34200000000004,313.758,GS
1614004448664000000,19.432,19.408,AAL
1614004448873000000,19.433,19.417,AAL
1614004449023000000,19.432,19.408,AAL
1614004449749000000,19.422,19.408,AAL
1614004450043000000,19.432,19.408,AAL
1614004450410000000,314.34200000000004,313.768,GS
1614004450511000000,314.34200000000004,313.998,GS
1614004450530000000,19.423,19.407,AAL
1614004450561000000,314.192,313.348,GS
1614004450603000000,19.432,19.408,AAL
1614004450661000000,314.273,313.34700000000004,GS
1614004450760000000,314.273,313.747,GS
1614004451139000000,19.433,19.417,AAL
1614004451526000000,19.443,19.427,AAL
1614004453195000000,19.463,19.437,AAL
1614004453273000000,314.273,313.757,GS
1614004453324000000,314.252,313.438,GS
1614004453395000000,19.453,19.437,AAL
1614004453424000000,314.53200000000004,313.348,GS
1614004453474000000,314.35200000000003,313.348,GS
1614004453620000000,19.452,19.428,AAL
1614004454284000000,19.453,19.437,AAL
1614004454384000000,19.453,19.427,AAL
1614004454678000000,314.353,313.357,GS
1614004454752000000,19.462,19.438,AAL
1614004454779000000,314.353,313.857,GS
1614004454880000000,314.252,313.738,GS
1614004454983000000,314.262,313.348,GS
1614004455477000000,314.273,313.34700000000004,GS
1614004455876000000,19.452,19.428,AAL
1614004455947000000,314.272,313.858,GS
1614004455998000000,314.522,313.748,GS
1614004456059000000,314.533,313.737,GS
1614004456278000000,19.453,19.437,AAL
1614004456329000000,19.463,19.437,AAL
1614004456380000000,19.453,19.437,AAL
1614004456484000000,19.462,19.438,AAL
1614004456532000000,314.533,313.34700000000004,GS
1614004456534000000,19.453,19.427,AAL
1614004456583000000,314.522,313.358,GS
1614004456697000000,314.53200000000004,313.738,GS
1614004456722000000,19.442,19.428,AAL
1614004457028000000,19.452,19.438,AAL
1614004457078000000,19.442,19.418,AAL
1614004457229000000,19.433,19.407,AAL
1614004457571000000,19.423,19.407,AAL
1614004457695000000,19.423,19.397,AAL
1614004457746000000,314.523,313.747,GS
1614004457846000000,314.53200000000004,313.738,GS
1614004458756000000,19.402,19.388,AAL
1614004458856000000,19.412000000000003,19.388,AAL
1614004459441000000,314.522,313.748,GS
1614004459475000000,19.422,19.398,AAL
1614004459541000000,314.53200000000004,313.738,GS
1614004459625000000,19.422,19.408,AAL
1614004459676000000,19.432,19.408,AAL
1614004460210000000,19.422,19.408,AAL
1614004460211000000,314.253,313.747,GS
1614004460260000000,19.423,19.397,AAL
1614004460261000000,314.533,313.747,GS
1614004460430000000,314.533,313.737,GS
1614004460510000000,19.413,19.397,AAL
1614004460560000000,19.413,19.387,AAL
1614004460893000000,19.402,19.378,AAL
1614004460994000000,19.403,19.387,AAL
1614004461385000000,19.412000000000003,19.388,AAL
1614004461488000000,19.412000000000003,19.398,AAL
1614004461538000000,19.423,19.397,AAL
1614004461628000000,19.412000000000003,19.398,AAL
1614004461678000000,19.423,19.397,AAL
1614004461779000000,19.422,19.408,AAL
1614004462172000000,19.423,19.397,AAL
1614004462415000000,19.412000000000003,19.398,AAL
1614004462566000000,19.402,19.388,AAL
1614004462760000000,314.53200000000004,314.238,GS
1614004462811000000,314.862,313.738,GS
1614004462865000000,314.562,313.738,GS
1614004462876000000,19.393,19.377,AAL
1614004463026000000,19.402,19.378,AAL
1614004463076000000,19.402,19.388,AAL
1614004463540000000,19.412000000000003,19.388,AAL
1614004463883000000,19.392,19.378,AAL
1614004463947000000,19.403,19.377,AAL
1614004464094000000,314.552,313.748,GS
1614004464163000000,19.403,19.387,AAL
1614004464195000000,314.562,313.738,GS
1614004464266000000,314.373,313.737,GS
1614004464316000000,314.562,313.738,GS
1614004464367000000,314.562,314.008,GS
1614004464939000000,19.412000000000003,19.388,AAL
1614004465247000000,19.402,19.388,AAL
1614004465298000000,19.402,19.378,AAL
1614004465459000000,19.393,19.377,AAL
1614004465510000000,19.402,19.378,AAL
1614004465768000000,19.412000000000003,19.388,AAL
1614004465971000000,314.553,314.017,GS
1614004466101000000,314.562,314.008,GS
1614004466219000000,19.403,19.387,AAL
1614004466269000000,19.412000000000003,19.388,AAL
1614004466319000000,19.402,19.388,AAL
1614004466561000000,314.563,314.147,GS
1614004466823000000,314.562,313.738,GS
1614004466855000000,19.402,19.378,AAL
1614004467304000000,314.963,314.177,GS
1614004467354000000,314.952,313.738,GS
1614004467418000000,19.413,19.387,AAL
1614004467471000000,314.963,313.737,GS
1614004467559000000,19.402,19.388,AAL
1614004467795000000,19.402,19.378,AAL
1614004468415000000,314.953,313.747,GS
1614004468582000000,314.962,314.238,GS
1614004468685000000,314.962,313.738,GS
1614004469360000000,19.393,19.367,AAL
1614004470464000000,314.962,314.328,GS
1614004470565000000,314.963,313.737,GS
1614004470942000000,314.952,313.748,GS
1614004471150000000,19.383,19.367,AAL
1614004471171000000,314.962,313.738,GS
1614004471648000000,314.952,314.158,GS
1614004472028000000,314.962,313.738,GS
1614004472942000000,19.372,19.358,AAL
1614004472981000000,314.953,313.747,GS
1614004472992000000,19.382,19.358,AAL
1614004473042000000,19.383,19.367,AAL
1614004473110000000,314.953,314.147,GS
1614004473160000000,314.963,313.737,GS
1614004473466000000,19.363,19.347,AAL
1614004473666000000,19.373,19.347,AAL
1614004473787000000,19.382,19.368,AAL
1614004474123000000,19.382,19.358,AAL
1614004474173000000,19.383,19.367,AAL
1614004474218000000,314.572,314.148,GS
1614004474394000000,314.572,313.738,GS
1614004474517000000,314.573,313.747,GS
1614004474625000000,314.572,313.738,GS
1614004474915000000,19.382,19.358,AAL
1614004475134000000,19.393,19.367,AAL
1614004475334000000,19.382,19.368,AAL
1614004475527000000,314.572,314.148,GS
1614004475628000000,314.573,313.737,GS
1614004475799000000,19.393,19.367,AAL
1614004476464000000,19.382,19.368,AAL
1614004477291000000,19.373,19.357,AAL
1614004477392000000,19.362,19.338,AAL
1614004477492000000,19.363,19.347,AAL
1614004477537000000,314.572,313.748,GS
1614004477558000000,19.362,19.338,AAL
1614004477587000000,314.573,313.737,GS
1614004478148000000,19.353,19.337,AAL
1614004478198000000,19.353,19.327,AAL
1614004479543000000,19.352,19.338,AAL
1614004479694000000,19.352,19.328,AAL
1614004479778000000,19.363,19.337,AAL
1614004480134000000,19.373,19.347,AAL
1614004480331000000,314.573,313.747,GS
1614004480381000000,19.383,19.357,AAL
1614004480437000000,314.573,313.737,GS
1614004481280000000,314.502,313.738,GS
1614004481381000000,314.952,313.808,GS
1614004481548000000,314.962,314.498,GS
1614004481582000000,19.372,19.348,AAL
1614004481800000000,315.003,314.497,GS
1614004482117000000,314.992,314.498,GS
1614004482316000000,314.943,314.497,GS
1614004482772000000,314.863,314.497,GS
1614004483049000000,19.363,19.347,AAL
1614004483182000000,314.992,314.498,GS
1614004483233000000,314.91200000000003,314.498,GS
1614004483394000000,315.003,314.497,GS
1614004483477000000,314.853,314.497,GS
1614004483628000000,314.85200000000003,314.638,GS
1614004483648000000,19.363,19.337,AAL
1614004483781000000,19.353,19.337,AAL
1614004483831000000,19.352,19.328,AAL
1614004484353000000,314.652,314.498,GS
1614004484403000000,315.003,314.497,GS
1614004484406000000,19.353,19.337,AAL
1614004484580000000,314.84200000000004,314.498,GS
1614004484732000000,19.362,19.338,AAL
1614004484782000000,19.362,19.348,AAL
1614004485632000000,19.362,19.338,AAL
1614004485685000000,19.363,19.347,AAL
1614004485820000000,19.363,19.337,AAL
1614004486224000000,19.352,19.338,AAL
1614004486325000000,19.352,19.328,AAL
1614004486401000000,314.993,314.497,GS
1614004486600000000,19.342,19.328,AAL
1614004486759000000,19.343,19.317,AAL
1614004486821000000,314.84200000000004,314.498,GS
1614004487122000000,314.993,314.497,GS
1614004487486000000,315.003,314.497,GS
1614004487667000000,314.843,314.497,GS
1614004487769000000,314.84200000000004,314.168,GS
1614004487919000000,314.84200000000004,314.158,GS
1614004488198000000,315.002,314.158,GS
1614004488365000000,19.332,19.318,AAL
1614004488777000000,314.992,314.168,GS
1614004488810000000,19.322,19.308,AAL
1614004488893000000,314.59200000000004,314.168,GS
1614004488943000000,314.993,314.16700000000003,GS
1614004489009000000,314.84200000000004,313.738,GS
1614004489224000000,315.003,313.737,GS
1614004489491000000,19.323,19.297,AAL
1614004489768000000,314.672,313.738,GS
1614004490068000000,314.672,314.218,GS
1614004490115000000,19.333,19.317,AAL
1614004490168000000,314.673,314.137,GS
1614004490284000000,314.672,313.738,GS
1614004490412000000,315.002,313.738,GS
1614004490462000000,314.653,313.737,GS
1614004490981000000,19.343,19.317,AAL
1614004491143000000,314.653,313.747,GS
1614004491143000000,19.343,19.327,AAL
1614004491288000000,314.653,313.737,GS
1614004491544000000,19.333,19.317,AAL
1614004491783000000,19.342,19.318,AAL
1614004491941000000,19.333,19.317,AAL
1614004491991000000,19.343,19.317,AAL
1614004492033000000,314.652,314.138,GS
1614004492094000000,19.332,19.318,AAL
1614004492195000000,19.342,19.318,AAL
1614004492578000000,314.652,314.148,GS
1614004492678000000,314.652,314.138,GS
1614004493144000000,19.342,19.328,AAL
1614004493178000000,314.653,314.147,GS
1614004493228000000,314.993,314.147,GS
1614004493374000000,315.003,314.137,GS
1614004493724000000,315.003,314.567,GS
1614004493775000000,315.003,314.137,GS
1614004493835000000,314.992,314.138,GS
1614004493890000000,19.343,19.317,AAL
1614004493935000000,315.003,314.137,GS
1614004494604000000,315.002,314.148,GS
1614004494705000000,315.003,314.137,GS
1614004495156000000,315.003,314.337,GS
1614004495490000000,19.343,19.327,AAL
1614004495639000000,19.342,19.318,AAL
1614004496051000000,315.003,314.577,GS
1614004496757000000,314.943,314.137,GS
1614004496826000000,314.942,314.148,GS
1614004496876000000,314.943,314.137,GS
1614004498822000000,314.863,314.577,GS
1614004498872000000,314.863,314.137,GS
1614004500144000000,314.85200000000003,314.578,GS
1614004500194000000,314.853,314.137,GS
1614004500294000000,314.862,314.448,GS
1614004500867000000,314.702,314.448,GS
1614004502609000000,314.773,314.447,GS
1614004502682000000,314.703,314.447,GS
1614004502691000000,19.352,19.338,AAL
1614004502792000000,19.362,19.338,AAL
1614004503033000000,314.772,314.548,GS
1614004503083000000,314.773,314.447,GS
1614004503156000000,314.942,314.448,GS
1614004503161000000,19.362,19.348,AAL
1614004503211000000,19.362,19.338,AAL
1614004503311000000,19.363,19.347,AAL
1614004503403000000,314.933,314.687,GS
1614004503453000000,314.933,314.457,GS
1614004503504000000,314.942,314.448,GS
1614004503554000000,314.943,314.577,GS
1614004503656000000,19.362,19.338,AAL
1614004503791000000,19.362,19.348,AAL
1614004503948000000,19.353,19.337,AAL
1614004503949000000,314.943,314.447,GS
1614004504240000000,314.932,314.448,GS
1614004504340000000,314.943,314.447,GS
1614004504386000000,19.342,19.328,AAL
1614004504742000000,19.332,19.318,AAL
1614004504869000000,314.823,314.447,GS
1614004504893000000,19.342,19.328,AAL
1614004504943000000,19.353,19.327,AAL
1614004504978000000,314.613,314.447,GS
1614004505029000000,314.813,313.827,GS
1614004505044000000,19.342,19.328,AAL
1614004505146000000,314.823,313.817,GS
1614004505195000000,19.342,19.318,AAL
1614004505196000000,314.79200000000003,313.818,GS
1614004505246000000,19.333,19.317,AAL
1614004505465000000,314.79200000000003,314.128,GS
1614004505497000000,19.352,19.338,AAL
1614004505584000000,19.353,19.327,AAL
1614004505702000000,19.343,19.317,AAL
1614004505803000000,19.342,19.328,AAL
1614004506150000000,314.942,314.128,GS
1614004506615000000,19.363,19.337,AAL
1614004506716000000,19.363,19.347,AAL
1614004506824000000,314.933,314.137,GS
1614004506924000000,314.943,314.127,GS
1614004506949000000,19.372,19.358,AAL
1614004507146000000,19.373,19.347,AAL
1614004507249000000,19.372,19.358,AAL
1614004507279000000,314.942,314.388,GS
1614004507299000000,19.373,19.347,AAL
1614004507349000000,19.373,19.357,AAL
1614004507681000000,314.712,314.388,GS
1614004507732000000,314.943,314.387,GS
1614004507800000000,314.943,314.46700000000004,GS
1614004507851000000,314.943,314.127,GS
1614004507972000000,314.932,314.468,GS
1614004508052000000,19.372,19.348,AAL
1614004508259000000,19.372,19.358,AAL
1614004509411000000,314.712,314.468,GS
1614004510605000000,314.713,314.47700000000003,GS
1614004510655000000,314.712,314.408,GS
1614004511219000000,19.372,19.348,AAL
1614004511593000000,19.373,19.357,AAL
1614004511669000000,314.582,314.408,GS
1614004511719000000,314.712,314.128,GS
1614004511744000000,19.373,19.347,AAL
1614004511819000000,314.713,313.817,GS
1614004511844000000,19.373,19.357,AAL
1614004511870000000,314.692,313.818,GS
1614004511920000000,314.762,313.738,GS
1614004511995000000,19.362,19.348,AAL
1614004512055000000,314.763,314.117,GS
1614004512166000000,314.762,313.738,GS
1614004512216000000,314.753,314.007,GS
1614004512346000000,314.763,313.737,GS
1614004512467000000,19.353,19.337,AAL
1614004512493000000,314.883,313.737,GS
1614004512643000000,314.633,313.737,GS
1614004512769000000,19.353,19.327,AAL
1614004512794000000,314.633,314.187,GS
1614004512844000000,314.633,313.737,GS
1614004512894000000,314.633,314.16700000000003,GS
1614004512945000000,314.873,314.297,GS
1614004512984000000,19.353,19.337,AAL
1614004512995000000,314.872,314.408,GS
1614004513129000000,314.943,314.40700000000004,GS
1614004513268000000,315.002,314.708,GS
1614004513318000000,314.973,314.357,GS
1614004513545000000,314.973,314.607,GS
1614004513554000000,19.353,19.327,AAL
1614004513596000000,314.973,314.117,GS
1614004513604000000,19.363,19.337,AAL
1614004513646000000,314.97200000000004,314.408,GS
1614004513773000000,19.352,19.338,AAL
1614004513896000000,314.963,314.607,GS
1614004513946000000,314.97200000000004,314.538,GS
1614004513974000000,19.363,19.347,AAL
1614004514059000000,315.002,314.538,GS
1614004514535000000,19.363,19.337,AAL
1614004515412000000,19.353,19.337,AAL
1614004515519000000,19.342,19.328,AAL
1614004515824000000,314.992,314.538,GS
1614004516054000000,315.253,314.72700000000003,GS
1614004516105000000,315.253,314.71700000000004,GS
1614004516164000000,315.252,314.878,GS
1614004516268000000,315.253,314.71700000000004,GS
1614004516469000000,315.483,314.877,GS
1614004516520000000,315.533,314.71700000000004,GS
1614004516570000000,315.41200000000003,314.988,GS
1614004516819000000,315.41200000000003,315.078,GS
1614004516869000000,315.523,315.077,GS
1614004516978000000,315.533,315.077,GS
1614004516979000000,19.332,19.318,AAL
1614004517606000000,315.53200000000004,315.088,GS
1614004517817000000,315.523,315.087,GS
1614004517867000000,315.533,315.087,GS
1614004518109000000,315.53200000000004,315.098,GS
1614004518224000000,315.53200000000004,315.108,GS
1614004518466000000,315.53200000000004,314.448,GS
1614004518517000000,315.53200000000004,315.098,GS
1614004518618000000,315.533,315.087,GS
1614004518668000000,315.533,315.09700000000004,GS
1614004519106000000,315.533,315.117,GS
1614004519207000000,315.533,315.107,GS
1614004519656000000,315.663,314.777,GS
1614004520016000000,315.652,314.778,GS
1614004520066000000,315.663,314.777,GS
1614004520116000000,315.423,314.777,GS
1614004520219000000,315.503,314.777,GS
1614004521016000000,315.423,314.777,GS
1614004521440000000,315.422,315.148,GS
1614004521548000000,315.423,315.22700000000003,GS
1614004521838000000,315.413,315.22700000000003,GS
1614004521889000000,315.423,315.22700000000003,GS
1614004522196000000,315.462,315.228,GS
1614004523837000000,315.503,315.22700000000003,GS
1614004523963000000,315.423,315.22700000000003,GS
1614004524148000000,315.41200000000003,315.228,GS
1614004524524000000,315.422,315.228,GS
1614004525607000000,315.393,315.22700000000003,GS
1614004525657000000,315.422,315.228,GS
1614004525970000000,315.423,315.327,GS
1614004526021000000,315.553,315.22700000000003,GS
1614004526765000000,315.54200000000003,315.238,GS
1614004526816000000,315.54200000000003,315.228,GS
1614004527235000000,19.403,19.387,AAL
1614004527481000000,19.413,19.397,AAL
1614004527812000000,315.553,315.237,GS
1614004527931000000,315.452,315.238,GS
1614004527981000000,315.453,315.22700000000003,GS
1614004528130000000,315.553,315.22700000000003,GS
1614004528610000000,19.423,19.397,AAL
1614004528660000000,19.422,19.408,AAL
1614004528671000000,315.462,315.228,GS
1614004528722000000,315.553,315.22700000000003,GS
1614004528811000000,19.433,19.417,AAL
1614004528817000000,315.463,315.22700000000003,GS
1614004529004000000,19.443,19.427,AAL
1614004529047000000,315.453,315.22700000000003,GS
1614004529349000000,315.553,315.22700000000003,GS
1614004529465000000,19.433,19.417,AAL
1614004530146000000,19.433,19.407,AAL
1614004530148000000,315.603,315.22700000000003,GS
1614004530196000000,19.433,19.417,AAL
1614004530199000000,315.523,315.22700000000003,GS
1614004530447000000,19.432,19.408,AAL
1614004530775000000,19.432,19.418,AAL
1614004530876000000,19.443,19.427,AAL
1614004531078000000,315.522,315.248,GS
1614004532488000000,315.523,315.257,GS
1614004532538000000,315.523,315.247,GS
1614004532563000000,19.463,19.447,AAL
1614004532650000000,315.462,315.248,GS
1614004532750000000,315.522,315.248,GS
1614004532801000000,315.453,315.22700000000003,GS
1614004532903000000,315.522,315.228,GS
1614004532954000000,19.473,19.457,AAL
1614004532954000000,315.463,315.22700000000003,GS
1614004533025000000,19.473,19.447,AAL
1614004533076000000,19.473,19.457,AAL
1614004533096000000,315.453,315.22700000000003,GS
1614004533543000000,315.523,315.22700000000003,GS
1614004533794000000,19.483,19.467,AAL
1614004534018000000,19.482,19.458,AAL
1614004534403000000,19.482,19.468,AAL
1614004534626000000,315.522,315.248,GS
1614004534676000000,315.522,315.228,GS
1614004534704000000,19.473,19.457,AAL
1614004535046000000,19.482,19.458,AAL
1614004535146000000,19.472,19.458,AAL
1614004535631000000,19.462,19.448,AAL
1614004535851000000,19.472,19.448,AAL
1614004536025000000,19.473,19.457,AAL
1614004536180000000,19.472,19.448,AAL
1614004536281000000,19.472,19.458,AAL
1614004536485000000,19.483,19.457,AAL
1614004536535000000,19.482,19.468,AAL
1614004536635000000,19.482,19.458,AAL
1614004536736000000,19.492,19.468,AAL
1614004539244000000,315.502,315.228,GS
1614004539394000000,315.493,315.22700000000003,GS
1614004539572000000,19.473,19.457,AAL
1614004539772000000,19.482,19.458,AAL
1614004539873000000,19.472,19.458,AAL
1614004539973000000,19.473,19.447,AAL
1614004540224000000,19.472,19.458,AAL
1614004540275000000,19.473,19.447,AAL
1614004540735000000,19.472,19.458,AAL
1614004540766000000,315.483,315.22700000000003,GS
1614004540897000000,315.502,315.228,GS
1614004540897000000,19.472,19.448,AAL
1614004540947000000,315.463,315.22700000000003,GS
1614004541244000000,19.472,19.458,AAL
1614004541909000000,315.503,315.22700000000003,GS
1614004542168000000,19.473,19.447,AAL
1614004542257000000,19.472,19.458,AAL
1614004542927000000,19.472,19.448,AAL
1614004542996000000,19.463,19.447,AAL
1614004543535000000,19.472,19.458,AAL
1614004543586000000,19.473,19.447,AAL
1614004543713000000,315.503,315.267,GS
1614004543736000000,19.483,19.457,AAL
1614004543813000000,315.502,315.228,GS
1614004543912000000,19.492,19.468,AAL
1614004544017000000,315.463,315.22700000000003,GS
1614004544192000000,19.482,19.468,AAL
1614004544243000000,19.492,19.468,AAL
1614004544300000000,19.483,19.467,AAL
1614004544378000000,315.502,315.228,GS
1614004544431000000,19.492,19.468,AAL
1614004544482000000,19.503,19.487,AAL
1614004544632000000,19.512,19.498,AAL
1614004544945000000,315.462,315.228,GS
1614004544962000000,19.523,19.497,AAL
1614004545013000000,19.512,19.498,AAL
1614004545658000000,19.532,19.518,AAL
1614004545809000000,19.553,19.527,AAL
1614004545823000000,315.503,315.22700000000003,GS
1614004545859000000,19.543,19.527,AAL
1614004545912000000,19.533,19.507,AAL
1614004545943000000,315.503,315.267,GS
1614004545963000000,19.523,19.507,AAL
1614004546025000000,19.532,19.508,AAL
1614004546102000000,315.503,315.22700000000003,GS
1614004546125000000,19.532,19.518,AAL
1614004546176000000,19.533,19.507,AAL
1614004546394000000,19.532,19.518,AAL
1614004546545000000,19.543,19.517,AAL
1614004546807000000,315.503,315.267,GS
1614004548059000000,315.463,315.267,GS
1614004548094000000,19.533,19.517,AAL
1614004548144000000,19.543,19.517,AAL
1614004548427000000,316.053,315.22700000000003,GS
1614004548527000000,315.683,315.22700000000003,GS
1614004548578000000,316.142,315.228,GS
1614004548651000000,19.533,19.517,AAL
1614004548701000000,19.543,19.517,AAL
1614004548966000000,316.312,315.228,GS
1614004549117000000,316.302,315.228,GS
1614004549257000000,19.533,19.517,AAL
1614004549267000000,316.303,315.487,GS
1614004549387000000,315.802,315.228,GS
1614004549407000000,19.513,19.497,AAL
1614004549508000000,19.522,19.498,AAL
1614004549699000000,315.623,315.22700000000003,GS
1614004549803000000,315.622,315.278,GS
1614004549853000000,315.832,315.278,GS
1614004549955000000,315.832,315.288,GS
1614004549955000000,19.513,19.497,AAL
1614004550005000000,315.883,315.28700000000003,GS
1614004550006000000,19.522,19.498,AAL
1614004550076000000,315.882,315.298,GS
1614004550128000000,19.513,19.497,AAL
1614004550179000000,19.513,19.487,AAL
1614004550185000000,315.883,315.307,GS
1614004550311000000,315.773,315.307,GS
1614004550335000000,19.502,19.478,AAL
1614004550485000000,19.502,19.488,AAL
1614004550536000000,19.503,19.477,AAL
1614004550616000000,315.772,315.298,GS
1614004551318000000,19.493,19.467,AAL
1614004552274000000,19.482,19.468,AAL
1614004552324000000,19.492,19.468,AAL
1614004553021000000,315.773,315.387,GS
1614004553467000000,19.482,19.468,AAL
1614004553518000000,19.492,19.468,AAL
1614004553618000000,315.773,315.397,GS
1614004553668000000,315.772,315.298,GS
1614004553718000000,315.773,315.40700000000004,GS
1614004554019000000,19.482,19.468,AAL
1614004554280000000,19.483,19.457,AAL
1614004554330000000,19.482,19.468,AAL
1614004554549000000,315.773,315.41700000000003,GS
1614004554607000000,19.483,19.457,AAL
1614004554658000000,19.473,19.457,AAL
1614004554861000000,19.462,19.448,AAL
1614004555059000000,19.473,19.447,AAL
1614004555117000000,19.463,19.447,AAL
1614004555267000000,19.463,19.437,AAL
1614004555370000000,19.463,19.447,AAL
1614004555423000000,19.482,19.468,AAL
1614004555473000000,19.482,19.458,AAL
1614004555523000000,19.483,19.467,AAL
1614004556090000000,316.013,315.41700000000003,GS
1614004556141000000,316.002,315.448,GS
1614004556191000000,316.013,315.367,GS
1614004556241000000,316.013,315.40700000000004,GS
1614004556291000000,316.013,315.387,GS
1614004556836000000,19.482,19.458,AAL
1614004557062000000,19.482,19.468,AAL
1614004557424000000,19.482,19.458,AAL
1614004557560000000,315.822,315.388,GS
1614004557605000000,19.483,19.467,AAL
1614004557716000000,315.823,315.447,GS
1614004558103000000,19.493,19.477,AAL
1614004558353000000,315.822,315.558,GS
1614004558410000000,19.483,19.467,AAL
1614004558565000000,315.883,315.557,GS
1614004558772000000,19.482,19.458,AAL
1614004558897000000,19.482,19.468,AAL
1614004559007000000,315.872,315.558,GS
1614004559043000000,19.483,19.457,AAL
1614004559057000000,315.883,315.557,GS
1614004559233000000,19.492,19.478,AAL
1614004559557000000,315.883,315.22700000000003,GS
1614004559608000000,315.882,315.598,GS
1614004559976000000,315.892,315.598,GS
1614004560100000000,19.493,19.467,AAL
1614004560150000000,19.493,19.477,AAL
1614004560475000000,315.873,315.59700000000004,GS
1614004560512000000,19.493,19.467,AAL
1614004560612000000,19.492,19.478,AAL
1614004560918000000,19.492,19.468,AAL
1614004561119000000,19.472,19.458,AAL
1614004561272000000,19.473,19.447,AAL
1614004561322000000,19.472,19.458,AAL
1614004561357000000,316.012,315.318,GS
1614004561422000000,19.473,19.447,AAL
1614004561457000000,315.872,315.308,GS
1614004561640000000,19.472,19.458,AAL
1614004561752000000,19.482,19.468,AAL
1614004562062000000,19.492,19.478,AAL
1614004562327000000,19.482,19.468,AAL
1614004562564000000,19.483,19.457,AAL
1614004562960000000,19.462,19.448,AAL
1614004563205000000,315.872,315.318,GS
1614004563419000000,315.862,315.318,GS
1614004563940000000,315.862,315.328,GS
1614004564054000000,315.752,315.328,GS
1614004564362000000,315.752,315.338,GS
1614004564463000000,315.753,315.327,GS
1614004564685000000,315.762,315.328,GS
1614004564760000000,315.753,315.327,GS
1614004565631000000,315.752,315.338,GS
1614004565682000000,315.763,315.327,GS
1614004565807000000,315.932,315.328,GS
1614004565857000000,315.712,315.328,GS
1614004565908000000,315.933,315.327,GS
1614004566176000000,315.832,315.328,GS
1614004566283000000,315.833,315.337,GS
1614004566333000000,315.833,315.327,GS
1614004566960000000,315.663,315.327,GS
1614004567061000000,315.933,315.387,GS
1614004567111000000,315.813,315.387,GS
1614004568201000000,315.932,315.388,GS
1614004568368000000,315.763,315.437,GS
1614004568533000000,19.483,19.467,AAL
1614004569056000000,315.66200000000003,315.438,GS
1614004569106000000,315.752,315.328,GS
1614004569157000000,315.752,315.438,GS
1614004569639000000,315.682,315.438,GS
1614004569798000000,315.753,315.437,GS
1614004569967000000,315.753,315.587,GS
1614004570018000000,315.753,315.527,GS
1614004570119000000,316.012,315.528,GS
1614004570274000000,316.002,315.528,GS
1614004570309000000,19.502,19.488,AAL
1614004570324000000,316.313,315.527,GS
1614004570447000000,316.313,315.557,GS
1614004570547000000,316.313,315.547,GS
1614004570624000000,316.313,315.557,GS
1614004570684000000,19.512,19.488,AAL
1614004570816000000,316.312,315.248,GS
1614004570834000000,19.522,19.488,AAL
1614004570866000000,316.313,315.437,GS
1614004570991000000,19.523,19.497,AAL
1614004571120000000,316.312,315.568,GS
1614004571220000000,19.513,19.497,AAL
1614004571319000000,316.312,315.588,GS
1614004571320000000,19.513,19.487,AAL
1614004571471000000,19.513,19.497,AAL
1614004571546000000,315.902,315.588,GS
1614004571597000000,316.312,315.588,GS
1614004571647000000,316.313,315.707,GS
1614004571746000000,19.523,19.497,AAL
1614004571796000000,19.512,19.498,AAL
1614004572040000000,315.962,315.708,GS
1614004572356000000,19.512,19.488,AAL
1614004572407000000,19.503,19.487,AAL
1614004572557000000,19.493,19.477,AAL
1614004572812000000,19.503,19.477,AAL
1614004573043000000,19.493,19.477,AAL
1614004573094000000,19.493,19.467,AAL
1614004573194000000,19.483,19.457,AAL
1614004573217000000,315.963,315.547,GS
1614004573267000000,315.78200000000004,315.548,GS
1614004573317000000,315.962,315.548,GS
1614004573368000000,316.053,315.547,GS
1614004573386000000,19.493,19.467,AAL
1614004573418000000,315.753,315.547,GS
1614004573515000000,19.482,19.458,AAL
1614004573616000000,19.483,19.467,AAL
1614004573715000000,316.053,315.547,GS
1614004574060000000,19.492,19.468,AAL
1614004574110000000,19.492,19.478,AAL
1614004574451000000,316.052,315.648,GS
1614004574502000000,316.04200000000003,315.568,GS
1614004574539000000,19.493,19.467,AAL
1614004574552000000,315.963,315.567,GS
1614004574602000000,315.963,315.557,GS
1614004574655000000,19.493,19.477,AAL
1614004574728000000,19.493,19.467,AAL
1614004574828000000,19.482,19.468,AAL
1614004574879000000,19.492,19.468,AAL
1614004574928000000,316.053,315.247,GS
1614004575086000000,19.493,19.477,AAL
1614004575137000000,19.503,19.477,AAL
1614004575636000000,19.513,19.487,AAL
1614004575861000000,19.502,19.478,AAL
1614004576254000000,19.503,19.487,AAL
1614004576304000000,19.503,19.477,AAL
1614004576355000000,19.492,19.478,AAL
1614004576506000000,19.502,19.478,AAL
1614004576612000000,19.493,19.477,AAL
1614004576726000000,19.503,19.477,AAL
1614004576727000000,315.903,315.247,GS
1614004576827000000,19.483,19.467,AAL
1614004577034000000,316.053,315.247,GS
1614004577037000000,19.492,19.478,AAL
1614004577641000000,316.043,315.257,GS
1614004577691000000,316.053,315.247,GS
1614004578367000000,316.052,315.797,GS
1614004578418000000,316.053,315.257,GS
1614004578469000000,316.053,315.247,GS
1614004578519000000,316.053,315.567,GS
1614004578569000000,316.053,315.247,GS
1614004578741000000,19.482,19.468,AAL
1614004578975000000,19.492,19.478,AAL
1614004579265000000,19.492,19.468,AAL
1614004579354000000,316.052,315.718,GS
1614004579405000000,315.683,315.447,GS
1614004579455000000,316.242,315.448,GS
1614004579608000000,19.493,19.477,AAL
1614004579618000000,315.705,315.448,GS
1614004579869000000,316.243,315.387,GS
1614004579993000000,316.232,315.398,GS
1614004580136000000,316.233,315.567,GS
1614004580237000000,315.923,315.567,GS
1614004580340000000,316.233,315.567,GS
1614004580390000000,316.082,315.568,GS
1614004580444000000,19.503,19.487,AAL
1614004580533000000,315.923,315.567,GS
1614004580915000000,315.922,315.578,GS
1614004580966000000,315.993,315.53700000000003,GS
1614004581016000000,315.992,315.568,GS
1614004581067000000,316.003,315.567,GS
1614004581117000000,315.993,315.567,GS
1614004581521000000,316.003,315.747,GS
1614004581545000000,19.503,19.477,AAL
1614004581596000000,19.502,19.488,AAL
1614004582477000000,19.492,19.478,AAL
1614004583067000000,316.002,315.568,GS
1614004583102000000,19.482,19.468,AAL
1614004583886000000,19.492,19.468,AAL
1614004583936000000,19.493,19.477,AAL
1614004584172000000,19.483,19.467,AAL
1614004584250000000,316.003,315.637,GS
1614004584322000000,19.472,19.458,AAL
1614004584556000000,316.003,315.65700000000004,GS
1614004584657000000,316.002,315.668,GS
1614004584874000000,316.035,315.97700000000003,GS
1614004584924000000,316.493,315.677,GS
1614004585052000000,316.133,315.677,GS
1614004585396000000,19.483,19.457,AAL
1614004585822000000,19.473,19.457,AAL
1614004585943000000,316.133,315.757,GS
1614004586020000000,19.482,19.458,AAL
1614004586279000000,19.472,19.458,AAL
1614004586458000000,19.482,19.458,AAL
1614004586508000000,19.472,19.458,AAL
1614004586609000000,19.482,19.468,AAL
1614004588704000000,316.132,315.768,GS
1614004589683000000,316.133,315.78700000000003,GS
1614004590416000000,316.373,315.78700000000003,GS
1614004590467000000,316.382,315.818,GS
1614004590564000000,19.482,19.458,AAL
1614004590715000000,19.483,19.467,AAL
1614004590966000000,316.16200000000003,315.828,GS
1614004591072000000,316.373,315.827,GS
1614004591172000000,316.163,315.827,GS
1614004591223000000,315.963,315.257,GS
1614004591240000000,19.482,19.458,AAL
1614004591273000000,316.153,315.567,GS
1614004591340000000,19.482,19.468,AAL
1614004591464000000,315.91200000000003,315.638,GS
1614004591614000000,316.152,315.568,GS
1614004591670000000,315.802,315.568,GS
1614004591726000000,19.482,19.458,AAL
1614004592317000000,19.493,19.477,AAL
1614004592418000000,19.503,19.487,AAL
1614004592568000000,19.512,19.498,AAL
1614004592732000000,19.513,19.487,AAL
1614004592752000000,315.83,315.798,GS
1614004592802000000,316.143,315.617,GS
1614004592812000000,19.503,19.487,AAL
1614004592902000000,316.053,315.617,GS
1614004593050000000,19.512,19.498,AAL
1614004593418000000,19.522,19.508,AAL
1614004594840000000,316.052,315.468,GS
1614004594980000000,19.512,19.498,AAL
1614004595205000000,316.053,315.47700000000003,GS
1614004596735000000,315.913,315.47700000000003,GS
1614004596785000000,316.053,315.577,GS
1614004598910000000,19.513,19.487,AAL
1614004599082000000,19.502,19.488,AAL
1614004599211000000,316.053,315.59700000000004,GS
1614004602047000000,316.053,315.607,GS
1614004602664000000,316.053,315.547,GS
1614004603896000000,316.103,315.547,GS
1614004604558000000,315.773,315.547,GS
1614004604609000000,315.762,315.328,GS
1614004604672000000,315.763,315.317,GS
1614004605356000000,315.762,315.438,GS
1614004606554000000,315.762,315.488,GS
1614004608276000000,315.753,315.487,GS
1614004608327000000,315.762,315.488,GS
1614004609770000000,19.482,19.468,AAL
1614004610159000000,19.493,19.477,AAL
1614004610210000000,19.493,19.467,AAL
1614004611003000000,19.492,19.478,AAL
1614004611054000000,19.502,19.478,AAL
1614004611403000000,19.513,19.487,AAL
1614004611504000000,19.503,19.487,AAL
1614004611662000000,19.513,19.487,AAL
1614004611848000000,19.502,19.488,AAL
1614004612046000000,19.503,19.477,AAL
1614004612286000000,19.513,19.487,AAL
1614004612581000000,315.763,315.567,GS
1614004612779000000,19.503,19.487,AAL
1614004613135000000,315.763,315.627,GS
1614004613404000000,315.762,315.568,GS
1614004614444000000,315.762,315.488,GS
1614004614613000000,315.822,315.488,GS
1614004614714000000,315.922,315.488,GS
1614004615606000000,19.513,19.487,AAL
1614004615635000000,315.91200000000003,315.488,GS
1614004615860000000,315.913,315.497,GS
1614004615910000000,316.262,315.498,GS
1614004616010000000,316.263,315.487,GS
1614004616032000000,19.523,19.497,AAL
1614004616061000000,316.262,315.638,GS
1614004616449000000,19.513,19.487,AAL
1614004616457000000,316.262,315.688,GS
1614004616595000000,19.522,19.498,AAL
1614004616645000000,316.252,315.698,GS
1614004616695000000,316.253,315.487,GS
1614004616813000000,316.253,315.497,GS
1614004617146000000,316.243,315.687,GS
1614004617801000000,19.523,19.507,AAL
1614004619252000000,316.243,315.697,GS
1614004619302000000,316.253,315.53700000000003,GS
1614004619353000000,316.252,315.708,GS
1614004621008000000,315.943,315.707,GS
1614004621108000000,316.253,315.707,GS
1614004621185000000,316.252,315.658,GS
1614004621694000000,19.532,19.518,AAL
1614004622294000000,19.543,19.517,AAL
1614004622344000000,19.532,19.518,AAL
1614004622405000000,316.252,315.538,GS
1614004622479000000,316.252,315.638,GS
1614004622929000000,19.522,19.508,AAL
1614004623093000000,315.993,315.637,GS
1614004623143000000,315.992,315.488,GS
1614004623193000000,315.97200000000004,315.488,GS
1614004623344000000,315.993,315.487,GS
1614004623719000000,19.533,19.507,AAL
1614004624006000000,19.523,19.507,AAL
1614004624060000000,315.982,315.488,GS
1614004625417000000,315.903,315.487,GS
1614004625469000000,315.983,315.487,GS
1614004625642000000,315.982,315.498,GS
1614004625848000000,315.983,315.487,GS
1614004626861000000,19.512,19.498,AAL
1614004627075000000,19.523,19.497,AAL
1614004627081000000,316.152,315.488,GS
1614004627137000000,19.522,19.508,AAL
1614004627287000000,19.533,19.507,AAL
1614004627442000000,19.522,19.508,AAL
1614004628104000000,316.153,315.637,GS
1614004628411000000,19.532,19.508,AAL
1614004628462000000,19.532,19.518,AAL
1614004628575000000,19.532,19.508,AAL
1614004628680000000,19.533,19.517,AAL
1614004629110000000,19.543,19.527,AAL
1614004629867000000,316.142,315.638,GS
1614004630053000000,316.143,315.587,GS
1614004630104000000,316.16200000000003,315.748,GS
1614004630395000000,19.532,19.518,AAL
1614004630445000000,19.543,19.517,AAL
1614004630466000000,316.16200000000003,315.758,GS
1614004630495000000,19.542,19.528,AAL
1614004630805000000,19.553,19.527,AAL
1614004630866000000,19.543,19.527,AAL
1614004631044000000,19.552,19.538,AAL
1614004631222000000,19.562,19.538,AAL
1614004631408000000,316.163,315.96700000000004,GS
1614004631458000000,316.733,315.71700000000004,GS
1614004631508000000,316.59200000000004,315.758,GS
1614004631558000000,316.59200000000004,315.718,GS
1614004631609000000,316.593,315.757,GS
1614004631914000000,19.562,19.548,AAL
1614004632064000000,316.492,315.758,GS
1614004632165000000,316.492,315.888,GS
1614004632266000000,316.493,315.71700000000004,GS
1614004632316000000,316.493,315.72700000000003,GS
1614004632509000000,316.492,315.718,GS
1614004632559000000,316.493,315.757,GS
1614004632647000000,19.582,19.558,AAL
1614004632698000000,19.573,19.557,AAL
1614004632958000000,316.463,315.757,GS
1614004633320000000,19.582,19.558,AAL
1614004633390000000,316.453,315.767,GS
1614004633440000000,316.462,315.768,GS
1614004633532000000,19.583,19.567,AAL
1614004633583000000,19.593,19.567,AAL
1614004633722000000,316.463,315.877,GS
1614004634223000000,19.583,19.567,AAL
1614004634273000000,19.572,19.548,AAL
1614004634323000000,19.563,19.547,AAL
1614004634373000000,19.573,19.547,AAL
1614004634374000000,316.452,315.878,GS
1614004634683000000,19.572,19.558,AAL
1614004634734000000,19.572,19.548,AAL
1614004634801000000,19.572,19.558,AAL
1614004635141000000,19.572,19.548,AAL
1614004635233000000,316.453,316.027,GS
1614004635308000000,19.573,19.557,AAL
1614004635359000000,19.583,19.557,AAL
1614004635524000000,316.443,315.96700000000004,GS
1614004635704000000,316.493,315.96700000000004,GS
1614004636043000000,316.492,315.878,GS
1614004636083000000,19.573,19.557,AAL
1614004636197000000,19.562,19.548,AAL
1614004636303000000,316.482,315.878,GS
1614004636342000000,19.573,19.547,AAL
1614004636392000000,19.573,19.557,AAL
1614004636454000000,316.483,315.957,GS
1614004636504000000,316.483,315.877,GS
1614004637165000000,316.47200000000004,316.148,GS
1614004637215000000,316.47200000000004,315.878,GS
1614004637266000000,316.543,315.877,GS
1614004637377000000,316.54200000000003,315.908,GS
1614004637479000000,19.582,19.558,AAL
1614004637580000000,19.573,19.557,AAL
1614004637589000000,316.54200000000003,315.958,GS
1614004637973000000,316.502,315.908,GS
1614004638104000000,316.502,315.958,GS
1614004638154000000,316.503,315.90700000000004,GS
1614004638424000000,316.493,315.90700000000004,GS
1614004638474000000,316.502,315.908,GS
1614004638679000000,19.582,19.558,AAL
1614004638893000000,19.573,19.557,AAL
1614004638980000000,316.493,315.90700000000004,GS
1614004639056000000,19.572,19.548,AAL
1614004639107000000,19.562,19.548,AAL
1614004639458000000,19.573,19.557,AAL
1614004639559000000,19.562,19.548,AAL
1614004639659000000,19.573,19.547,AAL
1614004639709000000,19.572,19.558,AAL
1614004639754000000,316.483,315.90700000000004,GS
1614004639916000000,316.492,315.958,GS
1614004640104000000,316.34200000000004,315.958,GS
1614004640482000000,316.353,315.957,GS
1614004640583000000,316.35200000000003,315.978,GS
1614004641273000000,316.492,316.038,GS
1614004641633000000,316.482,316.038,GS
1614004641683000000,316.493,316.03700000000003,GS
1614004641771000000,19.582,19.568,AAL
1614004641821000000,19.573,19.547,AAL
1614004642050000000,316.493,316.047,GS
1614004642100000000,316.54200000000003,315.998,GS
1614004642414000000,316.652,315.998,GS
1614004642955000000,316.733,315.997,GS
1614004643409000000,19.563,19.547,AAL
1614004643467000000,316.723,316.007,GS
1614004643518000000,316.72200000000004,315.998,GS
1614004643664000000,19.573,19.557,AAL
1614004643705000000,316.733,315.997,GS
1614004643891000000,19.583,19.557,AAL
1614004643992000000,19.572,19.558,AAL
1614004644214000000,316.72200000000004,316.088,GS
1614004644319000000,316.732,316.078,GS
1614004644442000000,316.663,316.077,GS
1614004644492000000,316.743,316.077,GS
1614004644568000000,316.623,316.077,GS
1614004644726000000,316.613,316.077,GS
1614004644856000000,316.613,316.087,GS
1614004644907000000,316.613,316.077,GS
1614004645002000000,316.522,316.078,GS
1614004645052000000,316.593,316.077,GS
1614004645152000000,316.60200000000003,316.078,GS
1614004645286000000,19.582,19.568,AAL
1614004645599000000,316.603,316.207,GS
1614004646018000000,316.652,316.078,GS
1614004646069000000,316.742,316.298,GS
1614004646120000000,19.582,19.558,AAL
1614004646169000000,317.213,316.447,GS
1614004646220000000,316.882,316.078,GS
1614004646270000000,316.882,316.138,GS
1614004646347000000,19.572,19.558,AAL
1614004646349000000,317.213,316.137,GS
1614004646400000000,316.883,316.137,GS
1614004646894000000,19.562,19.548,AAL
1614004647261000000,316.833,316.237,GS
1614004647692000000,19.553,19.537000000000003,AAL
1614004647742000000,19.552,19.528,AAL
1614004647947000000,19.543,19.527,AAL
1614004647972000000,316.832,316.138,GS
1614004648219000000,316.832,316.248,GS
1614004648494000000,316.832,316.498,GS
1614004649057000000,19.552,19.538,AAL
1614004649148000000,19.562,19.538,AAL
1614004649249000000,19.553,19.527,AAL
1614004649371000000,19.563,19.547,AAL
1614004649449000000,19.573,19.547,AAL
1614004649571000000,316.832,316.548,GS
1614004649682000000,316.832,316.648,GS
1614004649732000000,316.833,316.547,GS
1614004649751000000,19.562,19.548,AAL
1614004650059000000,19.552,19.538,AAL
1614004650143000000,316.833,316.497,GS
1614004650221000000,19.563,19.537000000000003,AAL
1614004650478000000,316.833,316.547,GS
1614004650743000000,316.833,316.497,GS
1614004651048000000,19.553,19.537000000000003,AAL
1614004651445000000,316.882,316.498,GS
1614004651743000000,19.563,19.537000000000003,AAL
1614004651843000000,19.552,19.538,AAL
1614004652244000000,19.563,19.537000000000003,AAL
1614004652294000000,19.562,19.548,AAL
1614004652394000000,19.563,19.537000000000003,AAL
1614004652868000000,316.883,316.617,GS
1614004652995000000,19.562,19.548,AAL
1614004653206000000,19.572,19.558,AAL
1614004653317000000,19.573,19.547,AAL
1614004653468000000,19.562,19.548,AAL
1614004653588000000,19.552,19.538,AAL
1614004653695000000,19.563,19.547,AAL
1614004653934000000,316.942,316.618,GS
1614004654052000000,19.563,19.537000000000003,AAL
1614004654108000000,19.553,19.537000000000003,AAL
1614004654208000000,19.562,19.538,AAL
1614004654331000000,19.552,19.538,AAL
1614004654401000000,316.942,316.738,GS
1614004654432000000,19.562,19.538,AAL
1614004654502000000,316.932,316.618,GS
1614004654591000000,19.553,19.537000000000003,AAL
1614004654741000000,19.563,19.537000000000003,AAL
1614004654821000000,19.553,19.537000000000003,AAL
1614004654977000000,19.563,19.537000000000003,AAL
1614004655119000000,19.553,19.527,AAL
1614004655220000000,19.552,19.538,AAL
1614004655320000000,19.552,19.528,AAL
1614004655330000000,316.932,316.498,GS
1614004655446000000,317.553,316.497,GS
1614004655513000000,19.553,19.537000000000003,AAL
1614004655803000000,317.553,316.687,GS
1614004656479000000,317.082,316.688,GS
1614004656693000000,19.563,19.547,AAL
1614004656821000000,317.082,316.498,GS
1614004656871000000,317.082,316.708,GS
1614004657458000000,317.082,316.768,GS
1614004659883000000,317.003,316.84700000000004,GS
1614004659934000000,317.133,316.937,GS
1614004660034000000,317.122,316.948,GS
1614004660135000000,317.09200000000004,316.948,GS
1614004661040000000,19.562,19.538,AAL
1614004661090000000,19.552,19.538,AAL
1614004661477000000,317.09200000000004,317.018,GS
1614004661527000000,317.233,317.017,GS
1614004662036000000,19.563,19.537000000000003,AAL
1614004662222000000,19.552,19.538,AAL
1614004662302000000,317.233,317.15700000000004,GS
1614004662867000000,317.24,317.16700000000003,GS
1614004662917000000,317.402,317.168,GS
1614004663052000000,317.403,317.307,GS
1614004663102000000,317.383,316.78700000000003,GS
1614004663153000000,317.353,316.78700000000003,GS
1614004663243000000,19.562,19.548,AAL
1614004663303000000,317.34200000000004,316.788,GS
1614004663404000000,317.343,317.047,GS
1614004663957000000,19.562,19.538,AAL
1614004664253000000,19.563,19.547,AAL
1614004665373000000,317.343,317.03700000000003,GS
1614004665546000000,317.34200000000004,317.048,GS
1614004665597000000,317.34200000000004,317.038,GS
1614004665673000000,19.563,19.537000000000003,AAL
1614004665697000000,317.252,316.788,GS
1614004665723000000,19.542,19.528,AAL
1614004666192000000,317.393,316.927,GS
1614004666324000000,317.393,317.127,GS
1614004667072000000,19.552,19.528,AAL
1614004667122000000,19.562,19.538,AAL
1614004667272000000,19.572,19.548,AAL
1614004667373000000,19.563,19.547,AAL
1614004667464000000,317.393,317.137,GS
1614004668286000000,317.392,317.128,GS
1614004668359000000,317.393,317.137,GS
1614004668390000000,19.572,19.558,AAL
1614004668497000000,19.573,19.547,AAL
1614004668548000000,19.562,19.548,AAL
1614004669231000000,19.573,19.557,AAL
1614004669357000000,19.563,19.547,AAL
1614004669644000000,19.572,19.558,AAL
1614004669695000000,19.572,19.548,AAL
1614004669793000000,19.563,19.547,AAL
1614004669907000000,317.393,316.927,GS
1614004669974000000,317.382,316.938,GS
1614004670025000000,317.382,316.928,GS
1614004670336000000,19.552,19.538,AAL
1614004670349000000,317.293,316.927,GS
1614004670400000000,317.29200000000003,316.838,GS
1614004670560000000,317.29200000000003,316.848,GS
1614004670611000000,317.293,316.837,GS
1614004671377000000,317.422,316.848,GS
1614004671595000000,317.423,316.987,GS
1614004672060000000,19.562,19.538,AAL
1614004672110000000,19.552,19.538,AAL
1614004672147000000,317.353,316.987,GS
1614004672311000000,317.29200000000003,316.998,GS
1614004672361000000,317.362,316.988,GS
1614004672411000000,317.35200000000003,316.988,GS
1614004673046000000,19.542,19.528,AAL
1614004673096000000,19.543,19.517,AAL
1614004673147000000,19.542,19.528,AAL
1614004673197000000,19.542,19.518,AAL
1614004673350000000,19.542,19.528,AAL
1614004673450000000,19.542,19.518,AAL
1614004673818000000,19.543,19.527,AAL
1614004674019000000,19.542,19.518,AAL
1614004674138000000,19.543,19.527,AAL
1614004674189000000,19.553,19.527,AAL
1614004674289000000,19.542,19.528,AAL
1614004675242000000,19.553,19.527,AAL
1614004675292000000,19.543,19.527,AAL
1614004675424000000,19.553,19.527,AAL
1614004675566000000,19.542,19.528,AAL
1614004675675000000,19.553,19.527,AAL
1614004675726000000,19.543,19.527,AAL
1614004675826000000,19.552,19.528,AAL
1614004676113000000,19.552,19.538,AAL
1614004676213000000,19.562,19.538,AAL
1614004676264000000,317.272,316.998,GS
1614004676315000000,317.273,316.987,GS
1614004676407000000,19.563,19.547,AAL
1614004676542000000,19.572,19.558,AAL
1614004676658000000,19.583,19.557,AAL
1614004676963000000,19.573,19.557,AAL
1614004677012000000,317.34200000000004,316.848,GS
1614004677064000000,19.583,19.567,AAL
1614004677112000000,317.34200000000004,316.838,GS
1614004677756000000,317.343,316.84700000000004,GS
1614004677912000000,317.34200000000004,316.838,GS
1614004678133000000,317.242,316.838,GS
1614004678183000000,317.313,316.837,GS
1614004678236000000,317.312,317.038,GS
1614004678286000000,317.313,316.837,GS
1614004678700000000,19.593,19.577,AAL
1614004678972000000,317.312,316.848,GS
1614004679163000000,19.582,19.568,AAL
1614004679190000000,317.312,316.838,GS
1614004679302000000,317.272,316.838,GS
1614004679520000000,19.593,19.567,AAL
1614004679956000000,19.592,19.578,AAL
1614004680201000000,19.602,19.588,AAL
1614004680402000000,19.602,19.578,AAL
1614004680404000000,317.272,316.848,GS
1614004680454000000,317.272,316.838,GS
1614004680669000000,317.163,316.837,GS
1614004680719000000,317.262,316.758,GS
1614004680963000000,317.272,316.758,GS
1614004680974000000,19.602,19.588,AAL
1614004681014000000,317.22200000000004,316.758,GS
1614004681605000000,19.603,19.577,AAL
1614004681790000000,19.603,19.587,AAL
1614004682133000000,19.602,19.578,AAL
1614004683359000000,19.603,19.587,AAL
1614004683718000000,19.613,19.597,AAL
1614004683769000000,19.622,19.598,AAL
1614004684105000000,317.22200000000004,316.768,GS
1614004684128000000,19.613,19.597,AAL
1614004684206000000,317.22200000000004,316.758,GS
1614004684229000000,19.623,19.607,AAL
1614004684279000000,19.642,19.628,AAL
1614004684585000000,19.633,19.617,AAL
1614004684791000000,317.22200000000004,316.768,GS
1614004684841000000,317.223,316.757,GS
1614004685075000000,19.622,19.608,AAL
1614004685185000000,19.632,19.618,AAL
1614004685340000000,317.223,316.767,GS
1614004685391000000,317.273,316.767,GS
1614004685493000000,317.272,316.758,GS
1614004685649000000,19.622,19.608,AAL
1614004685699000000,19.633,19.607,AAL
1614004686210000000,19.622,19.598,AAL
1614004686313000000,317.203,316.757,GS
1614004686562000000,19.622,19.608,AAL
1614004687050000000,19.633,19.607,AAL
1614004687073000000,317.202,316.768,GS
1614004687152000000,19.622,19.608,AAL
1614004687473000000,317.203,316.757,GS
1614004687545000000,19.633,19.607,AAL
1614004687646000000,19.633,19.617,AAL
1614004687696000000,19.633,19.607,AAL
1614004687737000000,317.202,316.658,GS
1614004687802000000,317.322,316.658,GS
1614004687852000000,317.202,316.658,GS
1614004687936000000,19.642,19.618,AAL
1614004688173000000,19.633,19.607,AAL
1614004688498000000,19.622,19.608,AAL
1614004688689000000,317.203,316.66700000000003,GS
1614004688965000000,317.202,316.658,GS
1614004689969000000,19.612,19.598,AAL
1614004690007000000,317.213,316.65700000000004,GS
1614004690127000000,316.953,316.65700000000004,GS
1614004690278000000,316.882,316.658,GS
1614004690795000000,19.622,19.608,AAL
1614004691099000000,316.873,316.65700000000004,GS
1614004691856000000,316.882,316.658,GS
1614004691878000000,19.603,19.587,AAL
1614004691928000000,19.612,19.588,AAL
1614004692940000000,19.602,19.588,AAL
1614004693091000000,19.592,19.578,AAL
1614004693307000000,19.602,19.578,AAL
1614004693494000000,19.593,19.577,AAL
1614004693692000000,19.602,19.588,AAL
1614004693733000000,316.803,316.65700000000004,GS
1614004693783000000,317.022,316.658,GS
1614004693960000000,316.953,316.65700000000004,GS
1614004694062000000,19.612,19.588,AAL
1614004694236000000,19.602,19.588,AAL
1614004694337000000,19.592,19.578,AAL
1614004694487000000,19.603,19.577,AAL
1614004694614000000,316.942,316.658,GS
1614004694787000000,316.952,316.658,GS
1614004695016000000,19.613,19.587,AAL
1614004695375000000,316.943,316.65700000000004,GS
1614004695526000000,316.953,316.65700000000004,GS
1614004695841000000,316.853,316.65700000000004,GS
1614004696130000000,19.613,19.597,AAL
1614004696230000000,19.613,19.587,AAL
1614004696412000000,316.762,316.612,GS
1614004696463000000,316.85200000000003,316.178,GS
1614004696623000000,19.612,19.598,AAL
1614004696798000000,19.622,19.608,AAL
1614004696992000000,19.633,19.617,AAL
1614004697093000000,19.623,19.607,AAL
1614004697142000000,316.853,316.187,GS
1614004697193000000,316.85200000000003,316.178,GS
1614004697244000000,19.632,19.618,AAL
1614004697876000000,19.642,19.628,AAL
1614004698166000000,19.643,19.617,AAL
1614004698216000000,19.642,19.628,AAL
1614004698254000000,316.742,316.178,GS
1614004698286000000,19.642,19.618,AAL
1614004698336000000,19.642,19.628,AAL
1614004698386000000,19.642,19.618,AAL
1614004698537000000,19.642,19.628,AAL
1614004698989000000,316.732,316.178,GS
1614004699121000000,19.632,19.618,AAL
1614004699494000000,19.642,19.618,AAL
1614004699544000000,19.643,19.627,AAL
1614004699685000000,316.733,316.187,GS
1614004699867000000,316.733,316.177,GS
1614004700325000000,19.643,19.617,AAL
1614004700475000000,19.643,19.627,AAL
1614004700526000000,19.643,19.617,AAL
1614004700661000000,19.643,19.627,AAL
1614004701552000000,316.733,316.187,GS
1614004701653000000,316.733,316.177,GS
1614004701848000000,316.902,316.178,GS
1614004701899000000,316.79200000000003,316.178,GS
1614004702122000000,19.643,19.617,AAL
1614004702172000000,19.642,19.628,AAL
1614004702409000000,19.653,19.627,AAL
1614004702459000000,19.653,19.637,AAL
1614004702894000000,19.643,19.627,AAL
1614004703051000000,316.79200000000003,316.188,GS
1614004703385000000,316.79200000000003,316.178,GS
1614004703776000000,19.652,19.638,AAL
1614004703974000000,316.79200000000003,316.188,GS
1614004704166000000,19.663,19.647,AAL
1614004704216000000,19.672,19.648,AAL
1614004704246000000,316.793,316.177,GS
1614004704325000000,19.672,19.658,AAL
1614004704530000000,19.672,19.648,AAL
1614004704580000000,19.662000000000003,19.648,AAL
1614004704958000000,19.673,19.657,AAL
1614004705059000000,19.663,19.647,AAL
1614004705365000000,19.672,19.648,AAL
1614004705607000000,19.662000000000003,19.648,AAL
1614004705657000000,19.672,19.648,AAL
1614004706035000000,19.673,19.657,AAL
1614004706047000000,316.902,316.178,GS
1614004706378000000,19.672,19.648,AAL
1614004706677000000,19.673,19.657,AAL
1614004707023000000,19.682,19.668,AAL
1614004707068000000,316.892,316.558,GS
1614004707118000000,316.903,316.257,GS
1614004707719000000,316.902,316.418,GS
1614004708487000000,317.213,316.617,GS
1614004708533000000,19.692,19.678,AAL
1614004708587000000,317.203,316.257,GS
1614004708684000000,19.682,19.668,AAL
1614004708735000000,19.702,19.678,AAL
1614004708894000000,19.703,19.687,AAL
1614004709044000000,19.713,19.697,AAL
1614004709376000000,19.722,19.698,AAL
1614004709437000000,19.712,19.698,AAL
1614004709488000000,19.713,19.687,AAL
1614004709590000000,19.703,19.687,AAL
1614004709790000000,19.712,19.698,AAL
1614004710428000000,317.033,316.257,GS
1614004710711000000,317.033,316.267,GS
1614004710762000000,317.03200000000004,316.258,GS
1614004710817000000,19.722,19.708,AAL
1614004710968000000,19.732,19.708,AAL
