Local time,Ask,Bid,AskVolume,BidVolume
29.03.2021 06:30:00.952 GMT-0700,62.812,62.038000000000004,0.011,0.011
29.03.2021 06:30:10.290 GMT-0700,62.402,60.608000000000004,0.011,0.011
29.03.2021 06:30:18.569 GMT-0700,62.392,61.558,0.0075,0.011
29.03.2021 06:30:20.912 GMT-0700,62.352,61.558,0.0008,0.011
29.03.2021 06:30:21.013 GMT-0700,62.282,61.558,0.011,0.011
29.03.2021 06:30:21.417 GMT-0700,62.183,61.557,0.0008,0.011
29.03.2021 06:30:21.467 GMT-0700,62.182,61.558,0.011,0.011
29.03.2021 06:30:21.518 GMT-0700,62.193000000000005,61.557,0.011,0.011
29.03.2021 06:30:21.568 GMT-0700,62.093,61.557,0.011,0.011
29.03.2021 06:30:21.921 GMT-0700,62.083000000000006,61.557,0.0075,0.011
29.03.2021 06:30:22.387 GMT-0700,62.083000000000006,61.827,0.0008,0.0075
29.03.2021 06:30:22.747 GMT-0700,62.332,62.088,0.011,0.011
29.03.2021 06:30:23.151 GMT-0700,62.303000000000004,62.086999999999996,0.0008,0.0075
29.03.2021 06:30:23.715 GMT-0700,62.153000000000006,61.607,0.011,0.011
29.03.2021 06:30:23.919 GMT-0700,62.132,61.608000000000004,0.0075,0.011
29.03.2021 06:30:24.720 GMT-0700,62.132,61.618,0.011,0.011
29.03.2021 06:30:24.975 GMT-0700,62.132,61.608000000000004,0.011,0.011
29.03.2021 06:30:25.414 GMT-0700,62.123000000000005,61.607,0.0075,0.011
29.03.2021 06:30:25.902 GMT-0700,62.123000000000005,61.617,0.011,0.0075
29.03.2021 06:30:26.189 GMT-0700,62.123000000000005,61.607,0.011,0.011
29.03.2021 06:30:29.032 GMT-0700,62.122,61.608000000000004,0.011,0.011
29.03.2021 06:30:29.383 GMT-0700,62.123000000000005,61.607,0.011,0.011
29.03.2021 06:30:30.178 GMT-0700,62.053000000000004,61.607,0.0008,0.011
29.03.2021 06:30:30.228 GMT-0700,62.092,61.618,0.011,0.011
29.03.2021 06:30:30.278 GMT-0700,61.992,61.618,0.011,0.011
29.03.2021 06:30:30.379 GMT-0700,61.992,61.858000000000004,0.011,0.011
29.03.2021 06:30:30.658 GMT-0700,61.993,61.867,0.011,0.0075
29.03.2021 06:30:31.074 GMT-0700,61.993,61.867,0.011,0.011
29.03.2021 06:30:31.174 GMT-0700,61.993,61.867,0.011,0.011
29.03.2021 06:30:31.225 GMT-0700,61.993,61.887,0.011,0.011
29.03.2021 06:30:32.159 GMT-0700,61.952,61.888000000000005,0.0075,0.011
29.03.2021 06:30:32.209 GMT-0700,62.033,61.877,0.011,0.011
29.03.2021 06:30:32.260 GMT-0700,62.032,61.868,0.011,0.011
29.03.2021 06:30:32.310 GMT-0700,61.973000000000006,61.867,0.011,0.011
29.03.2021 06:30:32.360 GMT-0700,61.862,61.508,0.011,0.011
29.03.2021 06:30:32.410 GMT-0700,61.972,61.808,0.011,0.011
29.03.2021 06:30:33.598 GMT-0700,61.933,61.836999999999996,0.011,0.011
29.03.2021 06:30:33.648 GMT-0700,61.933,61.807,0.011,0.011
29.03.2021 06:30:40.046 GMT-0700,61.943000000000005,61.807,0.011,0.011
29.03.2021 06:30:40.121 GMT-0700,61.873000000000005,61.807,0.0075,0.011
29.03.2021 06:30:40.240 GMT-0700,61.842,61.758,0.0075,0.011
29.03.2021 06:30:40.290 GMT-0700,61.812,61.508,0.011,0.011
29.03.2021 06:30:40.341 GMT-0700,61.952,61.508,0.011,0.011
29.03.2021 06:30:40.627 GMT-0700,61.953,61.677,0.011,0.0075
29.03.2021 06:30:40.678 GMT-0700,61.953,61.507,0.011,0.011
29.03.2021 06:30:40.733 GMT-0700,61.793000000000006,61.507,0.0008,0.011
29.03.2021 06:30:41.186 GMT-0700,61.793000000000006,61.647,0.011,0.011
29.03.2021 06:30:41.400 GMT-0700,61.792,61.658,0.011,0.011
29.03.2021 06:30:41.510 GMT-0700,61.792,61.648,0.011,0.011
29.03.2021 06:30:41.585 GMT-0700,61.793000000000006,61.697,0.011,0.0075
29.03.2021 06:30:41.635 GMT-0700,61.792,61.638000000000005,0.011,0.011
29.03.2021 06:30:41.685 GMT-0700,61.793000000000006,61.667,0.011,0.011
29.03.2021 06:30:41.736 GMT-0700,61.793000000000006,61.657,0.011,0.011
29.03.2021 06:30:41.840 GMT-0700,61.792,61.668000000000006,0.011,0.0075
29.03.2021 06:30:42.657 GMT-0700,61.792,61.658,0.011,0.011
29.03.2021 06:30:43.589 GMT-0700,61.793000000000006,61.667,0.011,0.011
29.03.2021 06:30:43.793 GMT-0700,61.792,61.658,0.011,0.011
29.03.2021 06:30:44.231 GMT-0700,61.792,61.668000000000006,0.011,0.0075
29.03.2021 06:30:44.528 GMT-0700,61.843,61.647,0.011,0.011
29.03.2021 06:30:44.608 GMT-0700,61.802,61.648,0.0008,0.011
29.03.2021 06:30:45.065 GMT-0700,61.803000000000004,61.647,0.011,0.011
29.03.2021 06:30:45.165 GMT-0700,61.833000000000006,61.647,0.011,0.011
29.03.2021 06:30:45.243 GMT-0700,61.753,61.657,0.0075,0.0075
29.03.2021 06:30:45.294 GMT-0700,61.763000000000005,61.647,0.011,0.011
29.03.2021 06:30:45.364 GMT-0700,61.762,61.725,0.011,0.0075
29.03.2021 06:30:45.414 GMT-0700,61.873000000000005,61.667,0.011,0.011
29.03.2021 06:30:45.490 GMT-0700,61.812,61.668000000000006,0.0075,0.011
29.03.2021 06:30:46.490 GMT-0700,61.812,61.678000000000004,0.011,0.0075
29.03.2021 06:30:46.541 GMT-0700,61.812,61.668000000000006,0.011,0.011
29.03.2021 06:30:46.592 GMT-0700,61.872,61.798,0.011,0.011
29.03.2021 06:30:46.643 GMT-0700,62.322,61.798,0.011,0.011
29.03.2021 06:30:46.693 GMT-0700,61.903000000000006,61.507,0.011,0.011
29.03.2021 06:30:46.815 GMT-0700,62.322,61.658,0.011,0.011
29.03.2021 06:30:46.897 GMT-0700,62.323,61.657,0.011,0.011
29.03.2021 06:30:46.998 GMT-0700,61.893,61.667,0.011,0.011
29.03.2021 06:30:47.146 GMT-0700,61.823,61.667,0.011,0.011
29.03.2021 06:30:47.247 GMT-0700,61.833000000000006,61.667,0.011,0.011
29.03.2021 06:30:47.565 GMT-0700,61.833000000000006,61.657,0.011,0.011
29.03.2021 06:30:47.843 GMT-0700,61.762,61.658,0.011,0.011
29.03.2021 06:30:48.131 GMT-0700,61.763000000000005,61.667,0.011,0.0075
29.03.2021 06:30:48.231 GMT-0700,61.762,61.658,0.011,0.011
29.03.2021 06:30:48.417 GMT-0700,61.762,61.73800000000001,0.0008,0.0075
29.03.2021 06:30:48.467 GMT-0700,61.802,61.658,0.011,0.011
29.03.2021 06:30:48.587 GMT-0700,61.813,61.657,0.011,0.011
29.03.2021 06:30:48.763 GMT-0700,61.923,61.747,0.011,0.011
29.03.2021 06:30:48.863 GMT-0700,61.923,61.657,0.011,0.011
29.03.2021 06:30:48.914 GMT-0700,61.912,61.658,0.011,0.011
29.03.2021 06:30:49.087 GMT-0700,61.922,61.658,0.011,0.011
29.03.2021 06:30:49.137 GMT-0700,61.882,61.658,0.011,0.011
29.03.2021 06:30:49.238 GMT-0700,61.922,61.658,0.011,0.011
29.03.2021 06:30:49.288 GMT-0700,61.902,61.658,0.011,0.011
29.03.2021 06:30:50.227 GMT-0700,61.832,61.668000000000006,0.011,0.011
29.03.2021 06:30:50.382 GMT-0700,61.832,61.658,0.011,0.011
29.03.2021 06:30:51.250 GMT-0700,61.832,61.668000000000006,0.011,0.011
29.03.2021 06:30:51.301 GMT-0700,61.833000000000006,61.657,0.011,0.011
29.03.2021 06:30:51.824 GMT-0700,61.833000000000006,61.667,0.011,0.0075
29.03.2021 06:30:51.924 GMT-0700,61.833000000000006,61.657,0.011,0.011
29.03.2021 06:30:52.488 GMT-0700,61.833000000000006,61.667,0.011,0.011
29.03.2021 06:30:52.538 GMT-0700,61.833000000000006,61.657,0.011,0.011
29.03.2021 06:30:52.984 GMT-0700,61.833000000000006,61.627,0.011,0.011
29.03.2021 06:30:53.034 GMT-0700,61.833000000000006,61.677,0.011,0.011
29.03.2021 06:30:53.257 GMT-0700,61.832,61.688,0.011,0.0075
29.03.2021 06:30:53.357 GMT-0700,61.832,61.678000000000004,0.011,0.011
29.03.2021 06:30:54.235 GMT-0700,61.833000000000006,61.687,0.011,0.011
29.03.2021 06:30:54.389 GMT-0700,61.832,61.688,0.011,0.011
29.03.2021 06:30:54.439 GMT-0700,61.832,61.678000000000004,0.011,0.011
29.03.2021 06:30:55.491 GMT-0700,61.832,61.688,0.011,0.0075
29.03.2021 06:30:55.782 GMT-0700,61.832,61.808,0.0008,0.0075
29.03.2021 06:30:55.833 GMT-0700,62.013000000000005,61.757,0.011,0.011
29.03.2021 06:30:56.911 GMT-0700,62.013000000000005,61.867,0.011,0.0075
29.03.2021 06:30:57.266 GMT-0700,62.002,61.868,0.0008,0.011
29.03.2021 06:30:57.317 GMT-0700,62.013000000000005,61.757,0.011,0.011
29.03.2021 06:30:57.840 GMT-0700,62.012,61.748000000000005,0.011,0.011
29.03.2021 06:30:59.367 GMT-0700,61.943000000000005,61.747,0.0008,0.011
29.03.2021 06:30:59.944 GMT-0700,61.943000000000005,61.707,0.011,0.011
29.03.2021 06:31:00.102 GMT-0700,61.943000000000005,61.717,0.011,0.011
29.03.2021 06:31:00.202 GMT-0700,61.952,61.708000000000006,0.011,0.011
29.03.2021 06:31:00.297 GMT-0700,61.953,61.872,0.011,0.0075
29.03.2021 06:31:00.405 GMT-0700,62.092,61.788000000000004,0.011,0.011
29.03.2021 06:31:00.699 GMT-0700,62.093,61.777,0.011,0.011
29.03.2021 06:31:00.858 GMT-0700,62.092,61.708000000000006,0.011,0.011
29.03.2021 06:31:00.947 GMT-0700,62.093,61.707,0.0075,0.011
29.03.2021 06:31:00.998 GMT-0700,62.013000000000005,61.707,0.011,0.011
29.03.2021 06:31:01.048 GMT-0700,62.073,61.867,0.011,0.011
29.03.2021 06:31:01.098 GMT-0700,62.262,61.868,0.011,0.011
29.03.2021 06:31:01.309 GMT-0700,62.263000000000005,61.707,0.011,0.011
29.03.2021 06:31:01.359 GMT-0700,62.262,61.798,0.011,0.011
29.03.2021 06:31:01.500 GMT-0700,62.062,61.798,0.0075,0.011
29.03.2021 06:31:01.550 GMT-0700,62.173,61.797,0.011,0.011
29.03.2021 06:31:02.057 GMT-0700,62.162,61.808,0.011,0.011
29.03.2021 06:31:02.166 GMT-0700,62.172,61.798,0.011,0.011
29.03.2021 06:31:02.300 GMT-0700,62.172,61.938,0.011,0.0075
29.03.2021 06:31:02.423 GMT-0700,62.173,62.007,0.011,0.0075
29.03.2021 06:31:02.633 GMT-0700,62.172,62.018,0.011,0.0075
29.03.2021 06:31:02.733 GMT-0700,62.173,62.007,0.011,0.011
29.03.2021 06:31:02.945 GMT-0700,62.263000000000005,62.007,0.011,0.011
29.03.2021 06:31:03.191 GMT-0700,62.142,62.008,0.0008,0.011
29.03.2021 06:31:03.241 GMT-0700,62.152,62.008,0.011,0.011
29.03.2021 06:31:03.912 GMT-0700,62.142,62.008,0.0008,0.011
29.03.2021 06:31:04.033 GMT-0700,62.153000000000006,62.007,0.011,0.011
29.03.2021 06:31:04.417 GMT-0700,62.152,62.008,0.011,0.011
29.03.2021 06:31:04.468 GMT-0700,62.152,62.018,0.011,0.011
29.03.2021 06:31:04.607 GMT-0700,62.143,62.017,0.0075,0.011
29.03.2021 06:31:04.707 GMT-0700,62.152,62.018,0.011,0.011
29.03.2021 06:31:05.091 GMT-0700,62.263000000000005,61.797,0.011,0.011
29.03.2021 06:31:05.142 GMT-0700,62.143,61.797,0.011,0.011
29.03.2021 06:31:05.592 GMT-0700,62.143,61.797,0.011,0.011
29.03.2021 06:31:06.004 GMT-0700,62.142,61.818000000000005,0.011,0.0075
29.03.2021 06:31:06.137 GMT-0700,62.133,61.807,0.0008,0.011
29.03.2021 06:31:06.187 GMT-0700,62.143,61.807,0.011,0.011
29.03.2021 06:31:06.708 GMT-0700,62.143,61.947,0.011,0.0075
29.03.2021 06:31:06.980 GMT-0700,62.142,62.048,0.011,0.011
29.03.2021 06:31:07.031 GMT-0700,62.402,61.798,0.011,0.011
29.03.2021 06:31:07.084 GMT-0700,62.403000000000006,61.797,0.011,0.011
29.03.2021 06:31:07.497 GMT-0700,62.392,61.998000000000005,0.0075,0.0075
29.03.2021 06:31:07.548 GMT-0700,62.393,61.987,0.011,0.011
29.03.2021 06:31:08.051 GMT-0700,62.382,61.98800000000001,0.0008,0.011
29.03.2021 06:31:08.152 GMT-0700,62.382,61.98800000000001,0.011,0.011
29.03.2021 06:31:08.520 GMT-0700,62.263000000000005,61.907,0.0075,0.011
29.03.2021 06:31:08.571 GMT-0700,62.262,61.908,0.011,0.011
29.03.2021 06:31:08.788 GMT-0700,62.253,61.917,0.0075,0.0075
29.03.2021 06:31:08.838 GMT-0700,62.263000000000005,61.907,0.011,0.011
29.03.2021 06:31:09.467 GMT-0700,62.253,61.907,0.0008,0.011
29.03.2021 06:31:09.762 GMT-0700,62.263000000000005,61.907,0.011,0.011
29.03.2021 06:31:10.087 GMT-0700,62.263000000000005,62.037,0.011,0.0075
29.03.2021 06:31:10.220 GMT-0700,62.252,62.048,0.011,0.011
29.03.2021 06:31:10.376 GMT-0700,62.262,62.038000000000004,0.011,0.011
29.03.2021 06:31:10.617 GMT-0700,62.182,62.038000000000004,0.0075,0.011
29.03.2021 06:31:10.870 GMT-0700,62.182,62.038000000000004,0.011,0.011
29.03.2021 06:31:10.970 GMT-0700,62.182,62.038000000000004,0.011,0.011
29.03.2021 06:31:11.110 GMT-0700,62.232,62.038000000000004,0.011,0.011
29.03.2021 06:31:11.526 GMT-0700,62.132,62.038000000000004,0.0075,0.011
29.03.2021 06:31:11.577 GMT-0700,62.143,62.037,0.011,0.011
29.03.2021 06:31:11.689 GMT-0700,62.153000000000006,62.037,0.011,0.011
29.03.2021 06:31:11.893 GMT-0700,62.153000000000006,61.907,0.011,0.011
29.03.2021 06:31:11.964 GMT-0700,62.153000000000006,62.057,0.011,0.0075
29.03.2021 06:31:12.851 GMT-0700,62.083000000000006,61.977,0.0075,0.011
29.03.2021 06:31:12.901 GMT-0700,62.152,61.848000000000006,0.011,0.011
29.03.2021 06:31:12.951 GMT-0700,62.133,61.957,0.011,0.011
29.03.2021 06:31:13.002 GMT-0700,62.182,61.98800000000001,0.011,0.011
29.03.2021 06:31:13.536 GMT-0700,62.172,62.018,0.0075,0.0075
29.03.2021 06:31:13.637 GMT-0700,62.183,61.977,0.011,0.011
29.03.2021 06:31:14.125 GMT-0700,62.173,61.977,0.0075,0.011
29.03.2021 06:31:14.175 GMT-0700,62.182,61.978,0.011,0.011
29.03.2021 06:31:15.347 GMT-0700,62.172,61.978,0.0075,0.011
29.03.2021 06:31:15.778 GMT-0700,62.182,61.978,0.011,0.011
29.03.2021 06:31:15.989 GMT-0700,62.142,61.978,0.0075,0.011
29.03.2021 06:31:16.140 GMT-0700,62.143,62.017,0.011,0.011
29.03.2021 06:31:16.240 GMT-0700,62.073,61.797,0.011,0.011
29.03.2021 06:31:16.315 GMT-0700,62.073,61.797,0.011,0.011
29.03.2021 06:31:16.415 GMT-0700,62.073,61.937,0.011,0.011
29.03.2021 06:31:17.039 GMT-0700,62.293000000000006,61.937,0.011,0.011
29.03.2021 06:31:17.090 GMT-0700,62.182,61.708000000000006,0.011,0.011
29.03.2021 06:31:17.140 GMT-0700,62.182,61.758,0.011,0.011
29.03.2021 06:31:17.900 GMT-0700,62.182,61.888000000000005,0.011,0.011
29.03.2021 06:31:18.041 GMT-0700,62.053000000000004,61.897,0.0075,0.011
29.03.2021 06:31:18.091 GMT-0700,62.132,61.938,0.011,0.011
29.03.2021 06:31:18.286 GMT-0700,61.982,61.708000000000006,0.011,0.011
29.03.2021 06:31:18.386 GMT-0700,62.183,61.857,0.011,0.011
29.03.2021 06:31:18.437 GMT-0700,62.182,61.848000000000006,0.011,0.011
29.03.2021 06:31:18.548 GMT-0700,62.062,61.848000000000006,0.0075,0.011
29.03.2021 06:31:18.598 GMT-0700,62.182,61.948,0.011,0.011
29.03.2021 06:31:18.720 GMT-0700,62.063,61.847,0.0008,0.011
29.03.2021 06:31:18.770 GMT-0700,62.072,61.928000000000004,0.011,0.011
29.03.2021 06:31:18.885 GMT-0700,62.043000000000006,61.927,0.0075,0.011
29.03.2021 06:31:19.061 GMT-0700,62.052,61.928000000000004,0.011,0.011
29.03.2021 06:31:19.766 GMT-0700,62.182,61.928000000000004,0.011,0.011
29.03.2021 06:31:20.380 GMT-0700,62.173,61.927,0.0075,0.011
29.03.2021 06:31:20.549 GMT-0700,62.032,61.928000000000004,0.0008,0.011
29.03.2021 06:31:21.039 GMT-0700,62.172,61.928000000000004,0.011,0.011
29.03.2021 06:31:21.089 GMT-0700,62.103,61.927,0.011,0.011
29.03.2021 06:31:21.548 GMT-0700,62.173,61.927,0.011,0.011
29.03.2021 06:31:21.617 GMT-0700,62.073,61.927,0.0008,0.011
29.03.2021 06:31:21.767 GMT-0700,62.062,61.928000000000004,0.0075,0.011
29.03.2021 06:31:22.041 GMT-0700,62.073,61.927,0.011,0.011
29.03.2021 06:31:22.462 GMT-0700,61.942,61.848000000000006,0.011,0.011
29.03.2021 06:31:22.512 GMT-0700,61.933,61.707,0.011,0.011
29.03.2021 06:31:22.563 GMT-0700,62.143,61.707,0.011,0.011
29.03.2021 06:31:22.613 GMT-0700,62.153000000000006,61.787,0.011,0.011
29.03.2021 06:31:22.664 GMT-0700,62.182,61.788000000000004,0.011,0.011
29.03.2021 06:31:23.052 GMT-0700,62.183,61.807,0.011,0.011
29.03.2021 06:31:23.478 GMT-0700,62.182,61.968,0.011,0.0075
29.03.2021 06:31:23.529 GMT-0700,62.192,61.808,0.011,0.011
29.03.2021 06:31:23.581 GMT-0700,62.192,61.808,0.011,0.011
29.03.2021 06:31:25.658 GMT-0700,62.082,61.838,0.0075,0.011
29.03.2021 06:31:25.708 GMT-0700,62.103,61.836999999999996,0.011,0.011
29.03.2021 06:31:25.888 GMT-0700,62.103,61.807,0.011,0.011
29.03.2021 06:31:25.938 GMT-0700,62.103,61.857,0.011,0.011
29.03.2021 06:31:26.596 GMT-0700,62.092,61.858000000000004,0.0008,0.011
29.03.2021 06:31:26.697 GMT-0700,62.103,61.807,0.011,0.011
29.03.2021 06:31:26.747 GMT-0700,62.102,61.878,0.011,0.011
29.03.2021 06:31:27.200 GMT-0700,62.102,61.938,0.011,0.011
29.03.2021 06:31:27.351 GMT-0700,62.193000000000005,61.807,0.011,0.011
29.03.2021 06:31:27.401 GMT-0700,62.072,61.808,0.011,0.011
29.03.2021 06:31:27.642 GMT-0700,62.073,61.967,0.011,0.0075
29.03.2021 06:31:27.692 GMT-0700,62.072,61.808,0.011,0.011
29.03.2021 06:31:27.777 GMT-0700,62.062,61.808,0.0075,0.011
29.03.2021 06:31:27.828 GMT-0700,62.073,61.807,0.011,0.011
29.03.2021 06:31:28.105 GMT-0700,62.073,61.807,0.011,0.011
29.03.2021 06:31:28.382 GMT-0700,62.042,61.928000000000004,0.0008,0.011
29.03.2021 06:31:28.432 GMT-0700,62.072,61.928000000000004,0.011,0.011
29.03.2021 06:31:28.953 GMT-0700,62.063,61.927,0.011,0.011
29.03.2021 06:31:29.107 GMT-0700,62.072,61.928000000000004,0.011,0.011
29.03.2021 06:31:29.660 GMT-0700,62.073,61.937,0.011,0.011
29.03.2021 06:31:30.127 GMT-0700,62.073,61.927,0.011,0.011
29.03.2021 06:31:30.945 GMT-0700,62.262,62.008,0.011,0.011
29.03.2021 06:31:30.995 GMT-0700,62.122,61.878,0.011,0.011
29.03.2021 06:31:31.100 GMT-0700,62.122,61.808,0.011,0.011
29.03.2021 06:31:31.572 GMT-0700,62.122,61.908,0.011,0.0075
29.03.2021 06:31:31.775 GMT-0700,62.112,61.908,0.0075,0.011
29.03.2021 06:31:31.876 GMT-0700,62.122,62.008,0.011,0.011
29.03.2021 06:31:31.926 GMT-0700,62.122,61.908,0.011,0.011
29.03.2021 06:31:32.189 GMT-0700,62.123000000000005,61.987,0.011,0.0075
29.03.2021 06:31:32.239 GMT-0700,62.123000000000005,61.907,0.011,0.011
29.03.2021 06:31:32.875 GMT-0700,62.112,61.918000000000006,0.0075,0.0075
29.03.2021 06:31:32.976 GMT-0700,62.123000000000005,61.907,0.011,0.011
29.03.2021 06:31:33.090 GMT-0700,62.123000000000005,61.807,0.011,0.011
29.03.2021 06:31:33.925 GMT-0700,62.11300000000001,61.817,0.0075,0.0075
29.03.2021 06:31:34.178 GMT-0700,62.122,61.808,0.011,0.011
29.03.2021 06:31:34.647 GMT-0700,62.112,62.017,0.0075,0.0075
29.03.2021 06:31:34.697 GMT-0700,62.243,62.027,0.011,0.011
29.03.2021 06:31:34.747 GMT-0700,62.223000000000006,62.077,0.011,0.011
29.03.2021 06:31:35.155 GMT-0700,62.213,62.077,0.0075,0.011
29.03.2021 06:31:35.340 GMT-0700,62.222,62.078,0.011,0.011
29.03.2021 06:31:36.629 GMT-0700,62.213,62.077,0.011,0.011
29.03.2021 06:31:36.991 GMT-0700,62.222,62.078,0.011,0.011
29.03.2021 06:31:37.224 GMT-0700,62.292,62.078,0.011,0.011
29.03.2021 06:31:37.274 GMT-0700,62.203,62.077,0.011,0.011
29.03.2021 06:31:37.688 GMT-0700,62.192,62.078,0.011,0.011
29.03.2021 06:31:37.738 GMT-0700,62.202,62.078,0.011,0.011
29.03.2021 06:31:38.494 GMT-0700,62.103,61.907,0.0075,0.011
29.03.2021 06:31:38.545 GMT-0700,62.133,61.897,0.011,0.011
29.03.2021 06:31:38.644 GMT-0700,62.132,61.858000000000004,0.011,0.011
29.03.2021 06:31:38.953 GMT-0700,62.203,61.857,0.011,0.011
29.03.2021 06:31:39.003 GMT-0700,62.11300000000001,61.857,0.011,0.011
29.03.2021 06:31:39.182 GMT-0700,62.102,61.858000000000004,0.0008,0.011
29.03.2021 06:31:39.336 GMT-0700,62.112,61.858000000000004,0.011,0.011
29.03.2021 06:31:39.494 GMT-0700,62.112,61.98800000000001,0.011,0.0075
29.03.2021 06:31:39.770 GMT-0700,62.012,61.98800000000001,0.0008,0.0075
29.03.2021 06:31:39.820 GMT-0700,62.193000000000005,61.877,0.011,0.011
29.03.2021 06:31:39.875 GMT-0700,62.142,61.878,0.0008,0.011
29.03.2021 06:31:40.060 GMT-0700,62.063,61.877,0.011,0.011
29.03.2021 06:31:40.721 GMT-0700,62.052,61.878,0.0008,0.011
29.03.2021 06:31:40.847 GMT-0700,62.052,61.888000000000005,0.011,0.011
29.03.2021 06:31:40.897 GMT-0700,62.063,61.937,0.011,0.011
29.03.2021 06:31:41.911 GMT-0700,62.052,61.938,0.011,0.011
29.03.2021 06:31:41.962 GMT-0700,62.063,61.937,0.011,0.011
29.03.2021 06:31:43.342 GMT-0700,62.053000000000004,61.937,0.0075,0.011
29.03.2021 06:31:43.778 GMT-0700,62.063,61.937,0.011,0.011
29.03.2021 06:31:44.398 GMT-0700,62.052,61.938,0.0008,0.011
29.03.2021 06:31:44.498 GMT-0700,62.062,61.938,0.011,0.011
29.03.2021 06:31:45.091 GMT-0700,62.052,61.938,0.0075,0.011
29.03.2021 06:31:45.382 GMT-0700,62.062,61.938,0.011,0.011
29.03.2021 06:31:46.012 GMT-0700,62.052,61.938,0.0075,0.011
29.03.2021 06:31:46.131 GMT-0700,62.063,61.937,0.011,0.011
29.03.2021 06:31:47.186 GMT-0700,62.052,61.938,0.011,0.011
29.03.2021 06:31:47.243 GMT-0700,62.062,61.938,0.011,0.011
29.03.2021 06:31:48.707 GMT-0700,62.052,61.938,0.0008,0.011
29.03.2021 06:31:48.977 GMT-0700,62.062,61.938,0.011,0.011
29.03.2021 06:31:49.469 GMT-0700,62.053000000000004,61.937,0.0008,0.011
29.03.2021 06:31:49.519 GMT-0700,62.063,61.937,0.011,0.011
29.03.2021 06:31:50.094 GMT-0700,61.982,61.938,0.0075,0.011
29.03.2021 06:31:50.145 GMT-0700,62.063,61.937,0.011,0.011
29.03.2021 06:31:50.477 GMT-0700,62.062,61.928000000000004,0.011,0.011
29.03.2021 06:31:50.578 GMT-0700,62.052,61.928000000000004,0.011,0.011
29.03.2021 06:31:50.931 GMT-0700,62.042,61.928000000000004,0.0008,0.011
29.03.2021 06:31:51.117 GMT-0700,62.052,61.928000000000004,0.011,0.011
29.03.2021 06:31:51.442 GMT-0700,62.053000000000004,61.957,0.0008,0.0075
29.03.2021 06:31:51.493 GMT-0700,62.032,61.818000000000005,0.011,0.011
29.03.2021 06:31:51.593 GMT-0700,62.012,61.928000000000004,0.011,0.011
29.03.2021 06:31:51.644 GMT-0700,62.023,61.927,0.011,0.011
29.03.2021 06:31:52.581 GMT-0700,62.022,61.968,0.0008,0.0075
29.03.2021 06:31:52.631 GMT-0700,62.143,61.967,0.011,0.011
29.03.2021 06:31:52.682 GMT-0700,62.073,61.967,0.0075,0.011
29.03.2021 06:31:52.833 GMT-0700,62.073,61.877,0.011,0.011
29.03.2021 06:31:52.905 GMT-0700,62.072,61.968,0.011,0.0075
29.03.2021 06:31:53.665 GMT-0700,62.182,61.968,0.011,0.011
29.03.2021 06:31:53.715 GMT-0700,62.142,61.968,0.011,0.011
29.03.2021 06:31:53.816 GMT-0700,62.193000000000005,61.967,0.011,0.011
29.03.2021 06:31:53.866 GMT-0700,62.132,61.968,0.011,0.011
29.03.2021 06:31:54.059 GMT-0700,62.192,61.968,0.011,0.011
29.03.2021 06:31:54.136 GMT-0700,62.133,61.967,0.0075,0.011
29.03.2021 06:31:54.237 GMT-0700,62.192,61.968,0.011,0.011
29.03.2021 06:31:54.338 GMT-0700,62.103,61.967,0.011,0.011
29.03.2021 06:31:54.948 GMT-0700,62.093,61.967,0.0075,0.011
29.03.2021 06:31:54.999 GMT-0700,62.102,61.968,0.011,0.011
29.03.2021 06:31:55.540 GMT-0700,62.092,61.98800000000001,0.011,0.011
29.03.2021 06:31:55.591 GMT-0700,62.103,61.967,0.011,0.011
29.03.2021 06:31:56.078 GMT-0700,62.093,61.967,0.0075,0.011
29.03.2021 06:31:56.280 GMT-0700,62.063,61.977,0.0075,0.011
29.03.2021 06:31:56.331 GMT-0700,62.072,61.978,0.011,0.011
29.03.2021 06:31:56.592 GMT-0700,62.193000000000005,61.977,0.011,0.011
29.03.2021 06:31:56.642 GMT-0700,62.132,61.978,0.011,0.011
29.03.2021 06:31:57.056 GMT-0700,62.193000000000005,61.977,0.011,0.011
29.03.2021 06:31:57.106 GMT-0700,62.11300000000001,61.977,0.011,0.011
29.03.2021 06:31:57.757 GMT-0700,62.193000000000005,62.007,0.011,0.011
29.03.2021 06:31:57.857 GMT-0700,62.202,61.978,0.011,0.011
29.03.2021 06:31:58.048 GMT-0700,62.242,61.978,0.011,0.011
29.03.2021 06:31:58.991 GMT-0700,62.033,61.977,0.011,0.011
29.03.2021 06:31:59.041 GMT-0700,62.062,61.978,0.011,0.011
29.03.2021 06:31:59.985 GMT-0700,62.072,61.978,0.011,0.011
29.03.2021 06:32:00.527 GMT-0700,61.982,61.96,0.0008,0.0075
29.03.2021 06:32:00.577 GMT-0700,62.032,61.818000000000005,0.011,0.011
29.03.2021 06:32:01.201 GMT-0700,62.002,61.848000000000006,0.011,0.0075
29.03.2021 06:32:01.309 GMT-0700,61.961999999999996,61.848000000000006,0.0008,0.011
29.03.2021 06:32:01.359 GMT-0700,61.972,61.848000000000006,0.011,0.011
29.03.2021 06:32:01.882 GMT-0700,61.993,61.897,0.011,0.011
29.03.2021 06:32:01.932 GMT-0700,61.992,61.858000000000004,0.011,0.011
29.03.2021 06:32:01.982 GMT-0700,61.992,61.868,0.011,0.011
29.03.2021 06:32:02.092 GMT-0700,61.992,61.858000000000004,0.011,0.011
29.03.2021 06:32:02.192 GMT-0700,61.963,61.857,0.0008,0.011
29.03.2021 06:32:02.293 GMT-0700,61.993,61.857,0.011,0.011
29.03.2021 06:32:02.446 GMT-0700,62.003,61.857,0.011,0.011
29.03.2021 06:32:02.875 GMT-0700,61.992,61.858000000000004,0.0008,0.011
29.03.2021 06:32:02.975 GMT-0700,62.003,61.857,0.011,0.011
29.03.2021 06:32:03.357 GMT-0700,62.002,61.868,0.011,0.0075
29.03.2021 06:32:03.407 GMT-0700,62.002,61.858000000000004,0.011,0.011
29.03.2021 06:32:03.458 GMT-0700,61.992,61.858000000000004,0.011,0.011
29.03.2021 06:32:03.508 GMT-0700,62.002,61.858000000000004,0.011,0.011
29.03.2021 06:32:03.918 GMT-0700,61.942,61.858000000000004,0.0075,0.011
29.03.2021 06:32:03.969 GMT-0700,62.002,61.858000000000004,0.011,0.011
29.03.2021 06:32:04.027 GMT-0700,61.993,61.857,0.0075,0.011
29.03.2021 06:32:04.127 GMT-0700,62.003,61.857,0.011,0.011
29.03.2021 06:32:04.633 GMT-0700,61.993,61.857,0.0008,0.011
29.03.2021 06:32:04.838 GMT-0700,62.002,61.858000000000004,0.011,0.011
29.03.2021 06:32:05.233 GMT-0700,61.942,61.858000000000004,0.0075,0.011
29.03.2021 06:32:05.510 GMT-0700,61.852,61.778000000000006,0.011,0.011
29.03.2021 06:32:05.886 GMT-0700,61.853,61.747,0.011,0.011
29.03.2021 06:32:06.198 GMT-0700,61.902,61.748000000000005,0.011,0.011
29.03.2021 06:32:06.295 GMT-0700,61.902,61.748000000000005,0.011,0.011
29.03.2021 06:32:06.346 GMT-0700,61.932,61.778000000000006,0.011,0.011
29.03.2021 06:32:06.399 GMT-0700,61.913000000000004,61.777,0.0008,0.011
29.03.2021 06:32:06.554 GMT-0700,61.893,61.777,0.0075,0.011
29.03.2021 06:32:07.251 GMT-0700,61.842,61.778000000000006,0.0008,0.011
29.03.2021 06:32:07.302 GMT-0700,61.892,61.778000000000006,0.011,0.011
29.03.2021 06:32:08.976 GMT-0700,61.882,61.778000000000006,0.0008,0.011
29.03.2021 06:32:09.803 GMT-0700,61.873000000000005,61.777,0.0075,0.011
29.03.2021 06:32:09.965 GMT-0700,61.892,61.778000000000006,0.011,0.011
29.03.2021 06:32:10.015 GMT-0700,61.892,61.788000000000004,0.011,0.011
29.03.2021 06:32:12.486 GMT-0700,61.873000000000005,61.787,0.011,0.011
29.03.2021 06:32:12.536 GMT-0700,61.892,61.788000000000004,0.011,0.011
29.03.2021 06:32:13.042 GMT-0700,61.922,61.788000000000004,0.011,0.011
29.03.2021 06:32:13.094 GMT-0700,61.893,61.787,0.0008,0.011
29.03.2021 06:32:13.145 GMT-0700,61.922,61.798,0.011,0.011
29.03.2021 06:32:13.252 GMT-0700,61.923,61.787,0.011,0.011
29.03.2021 06:32:13.885 GMT-0700,61.923,61.797,0.011,0.011
29.03.2021 06:32:14.013 GMT-0700,61.913000000000004,61.797,0.011,0.011
29.03.2021 06:32:14.074 GMT-0700,61.912,61.788000000000004,0.011,0.011
29.03.2021 06:32:14.667 GMT-0700,61.912,61.798,0.011,0.0075
29.03.2021 06:32:15.101 GMT-0700,61.913000000000004,61.787,0.011,0.011
29.03.2021 06:32:15.201 GMT-0700,61.983000000000004,61.787,0.011,0.011
29.03.2021 06:32:15.642 GMT-0700,61.983000000000004,61.917,0.0008,0.0075
29.03.2021 06:32:15.693 GMT-0700,61.992,61.788000000000004,0.011,0.011
29.03.2021 06:32:15.796 GMT-0700,62.002,61.788000000000004,0.011,0.011
29.03.2021 06:32:16.116 GMT-0700,62.003,61.787,0.0075,0.011
29.03.2021 06:32:16.168 GMT-0700,62.063,61.887,0.011,0.011
29.03.2021 06:32:16.780 GMT-0700,62.112,61.888000000000005,0.011,0.011
29.03.2021 06:32:16.830 GMT-0700,62.053000000000004,61.887,0.011,0.011
29.03.2021 06:32:16.941 GMT-0700,62.042,61.888000000000005,0.0008,0.011
29.03.2021 06:32:17.041 GMT-0700,62.052,61.888000000000005,0.011,0.011
29.03.2021 06:32:17.613 GMT-0700,62.042,61.888000000000005,0.0008,0.011
29.03.2021 06:32:18.008 GMT-0700,62.033,61.887,0.011,0.011
29.03.2021 06:32:18.467 GMT-0700,62.103,61.887,0.011,0.011
29.03.2021 06:32:18.902 GMT-0700,62.102,61.958000000000006,0.011,0.0075
29.03.2021 06:32:18.953 GMT-0700,62.102,61.928000000000004,0.011,0.011
29.03.2021 06:32:19.371 GMT-0700,62.102,61.998000000000005,0.011,0.011
29.03.2021 06:32:19.421 GMT-0700,62.102,61.928000000000004,0.011,0.011
29.03.2021 06:32:19.493 GMT-0700,62.082,61.938,0.0075,0.0075
29.03.2021 06:32:19.593 GMT-0700,62.093,61.927,0.011,0.011
29.03.2021 06:32:19.682 GMT-0700,62.092,61.928000000000004,0.011,0.011
29.03.2021 06:32:19.732 GMT-0700,62.093,61.927,0.011,0.011
29.03.2021 06:32:20.469 GMT-0700,62.082,61.928000000000004,0.0008,0.011
29.03.2021 06:32:20.519 GMT-0700,62.102,61.938,0.011,0.011
29.03.2021 06:32:20.570 GMT-0700,62.182,61.928000000000004,0.011,0.011
29.03.2021 06:32:20.620 GMT-0700,62.182,62.018,0.011,0.011
29.03.2021 06:32:21.202 GMT-0700,62.11300000000001,62.017,0.0075,0.011
29.03.2021 06:32:21.252 GMT-0700,62.182,62.018,0.011,0.011
29.03.2021 06:32:21.755 GMT-0700,62.173,62.017,0.0008,0.011
29.03.2021 06:32:21.963 GMT-0700,62.182,62.018,0.011,0.011
29.03.2021 06:32:22.263 GMT-0700,62.211999999999996,62.038000000000004,0.011,0.011
29.03.2021 06:32:22.345 GMT-0700,62.163000000000004,62.037,0.0008,0.011
29.03.2021 06:32:22.539 GMT-0700,62.153000000000006,62.037,0.011,0.011
29.03.2021 06:32:22.589 GMT-0700,62.162,62.038000000000004,0.011,0.011
29.03.2021 06:32:22.919 GMT-0700,62.162,62.078,0.0008,0.0075
29.03.2021 06:32:22.969 GMT-0700,62.263000000000005,62.037,0.011,0.011
29.03.2021 06:32:23.036 GMT-0700,62.262,62.038000000000004,0.011,0.011
29.03.2021 06:32:23.545 GMT-0700,62.128,62.086999999999996,0.0008,0.011
29.03.2021 06:32:23.596 GMT-0700,62.163000000000004,62.047,0.011,0.011
29.03.2021 06:32:24.348 GMT-0700,62.123000000000005,62.047,0.0075,0.011
29.03.2021 06:32:24.597 GMT-0700,62.173,62.047,0.011,0.011
29.03.2021 06:32:24.647 GMT-0700,62.123000000000005,62.047,0.011,0.011
29.03.2021 06:32:24.989 GMT-0700,62.11300000000001,62.047,0.0008,0.011
29.03.2021 06:32:25.039 GMT-0700,62.122,62.048,0.011,0.011
29.03.2021 06:32:25.089 GMT-0700,62.11300000000001,62.047,0.011,0.011
29.03.2021 06:32:25.140 GMT-0700,62.123000000000005,62.047,0.011,0.011
29.03.2021 06:32:27.919 GMT-0700,62.125,62.047,0.0075,0.011
29.03.2021 06:32:27.969 GMT-0700,62.252,62.058,0.011,0.011
29.03.2021 06:32:28.020 GMT-0700,62.183,62.047,0.011,0.011
29.03.2021 06:32:28.488 GMT-0700,62.173,62.057,0.0075,0.0075
29.03.2021 06:32:28.539 GMT-0700,62.183,62.047,0.011,0.011
29.03.2021 06:32:28.954 GMT-0700,62.122,62.048,0.0075,0.011
29.03.2021 06:32:30.747 GMT-0700,62.252,62.048,0.011,0.011
29.03.2021 06:32:30.797 GMT-0700,62.183,62.047,0.011,0.011
29.03.2021 06:32:31.263 GMT-0700,62.172,62.048,0.0075,0.011
29.03.2021 06:32:31.369 GMT-0700,62.183,62.047,0.011,0.011
29.03.2021 06:32:31.735 GMT-0700,62.112,62.048,0.0075,0.011
29.03.2021 06:32:31.785 GMT-0700,62.183,62.047,0.011,0.011
29.03.2021 06:32:31.884 GMT-0700,62.173,62.047,0.0075,0.011
29.03.2021 06:32:32.120 GMT-0700,62.182,62.048,0.011,0.011
29.03.2021 06:32:32.591 GMT-0700,62.163000000000004,62.047,0.011,0.011
29.03.2021 06:32:32.851 GMT-0700,62.11300000000001,62.047,0.011,0.011
29.03.2021 06:32:32.901 GMT-0700,62.262,62.048,0.011,0.011
29.03.2021 06:32:32.951 GMT-0700,62.182,62.048,0.011,0.011
29.03.2021 06:32:33.341 GMT-0700,62.182,62.068000000000005,0.011,0.0075
29.03.2021 06:32:33.392 GMT-0700,62.183,62.047,0.011,0.011
29.03.2021 06:32:33.442 GMT-0700,62.132,62.048,0.011,0.011
29.03.2021 06:32:33.577 GMT-0700,62.122,62.048,0.0008,0.011
29.03.2021 06:32:33.839 GMT-0700,62.202,62.048,0.011,0.011
29.03.2021 06:32:33.939 GMT-0700,62.192,62.048,0.011,0.011
29.03.2021 06:32:33.990 GMT-0700,62.203,62.047,0.011,0.011
29.03.2021 06:32:34.584 GMT-0700,62.193000000000005,62.047,0.0075,0.011
29.03.2021 06:32:34.685 GMT-0700,62.203,62.047,0.011,0.011
29.03.2021 06:32:35.427 GMT-0700,62.192,62.048,0.0008,0.011
29.03.2021 06:32:35.477 GMT-0700,62.202,62.048,0.011,0.011
29.03.2021 06:32:35.632 GMT-0700,62.202,62.108000000000004,0.011,0.0075
29.03.2021 06:32:35.683 GMT-0700,62.203,62.047,0.011,0.011
29.03.2021 06:32:35.788 GMT-0700,62.183,62.097,0.011,0.011
29.03.2021 06:32:36.265 GMT-0700,62.253,62.097,0.011,0.011
29.03.2021 06:32:36.826 GMT-0700,62.242,62.098000000000006,0.0075,0.011
29.03.2021 06:32:36.876 GMT-0700,62.252,62.098000000000006,0.011,0.011
29.03.2021 06:32:37.328 GMT-0700,62.152,62.098000000000006,0.0008,0.0075
29.03.2021 06:32:37.379 GMT-0700,62.162,62.078,0.011,0.011
29.03.2021 06:32:37.429 GMT-0700,62.152,62.078,0.011,0.011
29.03.2021 06:32:37.530 GMT-0700,62.142,62.078,0.011,0.011
29.03.2021 06:32:37.889 GMT-0700,62.153000000000006,62.077,0.011,0.011
29.03.2021 06:32:38.466 GMT-0700,62.162,62.078,0.011,0.011
29.03.2021 06:32:38.516 GMT-0700,62.143,62.077,0.011,0.011
29.03.2021 06:32:38.567 GMT-0700,62.273,62.077,0.011,0.011
29.03.2021 06:32:38.617 GMT-0700,62.211999999999996,62.078,0.011,0.011
29.03.2021 06:32:38.718 GMT-0700,62.202,62.088,0.011,0.011
29.03.2021 06:32:38.840 GMT-0700,62.193000000000005,62.077,0.011,0.011
29.03.2021 06:32:39.297 GMT-0700,62.293000000000006,62.117,0.011,0.011
29.03.2021 06:32:39.359 GMT-0700,62.272,62.118,0.0008,0.011
29.03.2021 06:32:39.540 GMT-0700,62.203,62.117,0.0008,0.011
29.03.2021 06:32:39.591 GMT-0700,62.192,62.078,0.011,0.011
29.03.2021 06:32:39.675 GMT-0700,62.182,62.088,0.0075,0.0075
29.03.2021 06:32:39.776 GMT-0700,62.192,62.088,0.011,0.011
29.03.2021 06:32:40.072 GMT-0700,62.182,62.088,0.0008,0.011
29.03.2021 06:32:40.122 GMT-0700,62.202,62.088,0.011,0.011
29.03.2021 06:32:40.172 GMT-0700,62.192,62.078,0.011,0.011
29.03.2021 06:32:40.223 GMT-0700,62.202,62.078,0.011,0.011
29.03.2021 06:32:40.273 GMT-0700,62.173,62.077,0.011,0.011
29.03.2021 06:32:40.324 GMT-0700,62.183,62.077,0.011,0.011
29.03.2021 06:32:40.899 GMT-0700,62.253,62.086999999999996,0.011,0.011
29.03.2021 06:32:41.000 GMT-0700,62.253,62.077,0.011,0.011
29.03.2021 06:32:41.058 GMT-0700,62.192,62.078,0.0008,0.011
29.03.2021 06:32:41.237 GMT-0700,62.183,62.077,0.0008,0.011
29.03.2021 06:32:41.704 GMT-0700,62.182,62.088,0.0008,0.0075
29.03.2021 06:32:41.754 GMT-0700,62.253,62.077,0.011,0.011
29.03.2021 06:32:42.251 GMT-0700,62.243,62.077,0.011,0.011
29.03.2021 06:32:42.485 GMT-0700,62.252,62.078,0.011,0.011
29.03.2021 06:32:42.935 GMT-0700,62.192,62.078,0.011,0.011
29.03.2021 06:32:43.170 GMT-0700,62.253,62.077,0.011,0.011
29.03.2021 06:32:43.421 GMT-0700,62.252,62.138000000000005,0.011,0.0075
29.03.2021 06:32:43.472 GMT-0700,62.253,62.107,0.011,0.011
29.03.2021 06:32:44.145 GMT-0700,62.243,62.107,0.0075,0.011
29.03.2021 06:32:44.296 GMT-0700,62.252,62.108000000000004,0.011,0.011
29.03.2021 06:32:44.488 GMT-0700,62.193000000000005,62.107,0.0075,0.011
29.03.2021 06:32:44.589 GMT-0700,62.182,62.048,0.011,0.011
29.03.2021 06:32:44.653 GMT-0700,62.142,62.048,0.0075,0.011
29.03.2021 06:32:44.704 GMT-0700,62.182,62.048,0.011,0.011
29.03.2021 06:32:45.089 GMT-0700,62.142,62.048,0.0008,0.011
29.03.2021 06:32:45.140 GMT-0700,62.211999999999996,62.048,0.011,0.011
29.03.2021 06:32:45.190 GMT-0700,62.203,62.047,0.011,0.011
29.03.2021 06:32:45.522 GMT-0700,62.213,62.047,0.011,0.011
29.03.2021 06:32:45.805 GMT-0700,62.193000000000005,62.047,0.011,0.011
29.03.2021 06:32:45.957 GMT-0700,62.152,62.048,0.011,0.011
29.03.2021 06:32:46.138 GMT-0700,62.142,62.048,0.0075,0.011
29.03.2021 06:32:46.264 GMT-0700,62.132,62.048,0.0075,0.011
29.03.2021 06:32:46.315 GMT-0700,62.143,62.017,0.011,0.011
29.03.2021 06:32:46.715 GMT-0700,62.273,62.017,0.011,0.011
29.03.2021 06:32:46.816 GMT-0700,62.162,62.018,0.011,0.011
29.03.2021 06:32:47.175 GMT-0700,62.162,62.028000000000006,0.011,0.011
29.03.2021 06:32:47.284 GMT-0700,62.163000000000004,62.017,0.011,0.011
29.03.2021 06:32:47.807 GMT-0700,62.162,62.028000000000006,0.0008,0.0075
29.03.2021 06:32:47.857 GMT-0700,62.262,62.028000000000006,0.011,0.011
29.03.2021 06:32:47.908 GMT-0700,62.262,62.018,0.011,0.011
29.03.2021 06:32:47.970 GMT-0700,62.203,62.017,0.0075,0.011
29.03.2021 06:32:48.179 GMT-0700,62.192,62.018,0.011,0.011
29.03.2021 06:32:48.480 GMT-0700,62.183,62.017,0.0075,0.011
29.03.2021 06:32:48.530 GMT-0700,62.193000000000005,62.017,0.011,0.011
29.03.2021 06:32:49.047 GMT-0700,62.122,62.018,0.0075,0.011
29.03.2021 06:32:49.387 GMT-0700,62.102,62.018,0.0008,0.011
29.03.2021 06:32:49.787 GMT-0700,62.112,62.018,0.011,0.011
29.03.2021 06:32:49.883 GMT-0700,62.123000000000005,62.017,0.011,0.011
29.03.2021 06:32:49.934 GMT-0700,62.112,62.018,0.011,0.011
29.03.2021 06:32:50.074 GMT-0700,62.122,62.038000000000004,0.011,0.011
29.03.2021 06:32:50.840 GMT-0700,62.122,62.018,0.011,0.011
29.03.2021 06:32:50.890 GMT-0700,62.122,62.038000000000004,0.011,0.011
29.03.2021 06:32:50.941 GMT-0700,62.123000000000005,62.017,0.011,0.011
29.03.2021 06:32:51.078 GMT-0700,62.11300000000001,62.017,0.0075,0.011
29.03.2021 06:32:52.624 GMT-0700,62.092,62.038000000000004,0.0008,0.0075
29.03.2021 06:32:52.675 GMT-0700,62.092,61.998000000000005,0.011,0.011
29.03.2021 06:32:52.932 GMT-0700,62.103,61.997,0.011,0.011
29.03.2021 06:32:54.956 GMT-0700,62.072,61.998000000000005,0.0075,0.011
29.03.2021 06:32:55.006 GMT-0700,62.103,61.997,0.011,0.011
29.03.2021 06:32:55.738 GMT-0700,62.093,61.997,0.0008,0.011
29.03.2021 06:32:56.149 GMT-0700,62.103,61.997,0.011,0.011
29.03.2021 06:32:56.707 GMT-0700,62.093,61.997,0.0008,0.011
29.03.2021 06:32:56.808 GMT-0700,62.103,61.997,0.011,0.011
29.03.2021 06:32:57.372 GMT-0700,62.092,61.998000000000005,0.0075,0.011
29.03.2021 06:32:57.523 GMT-0700,62.073,61.997,0.011,0.011
29.03.2021 06:32:59.384 GMT-0700,62.173,61.997,0.011,0.011
29.03.2021 06:32:59.434 GMT-0700,62.123000000000005,61.997,0.011,0.011
29.03.2021 06:32:59.541 GMT-0700,62.123000000000005,62.007,0.011,0.0075
29.03.2021 06:32:59.750 GMT-0700,62.122,62.028000000000006,0.011,0.0075
29.03.2021 06:32:59.800 GMT-0700,62.122,62.008,0.011,0.011
29.03.2021 06:32:59.954 GMT-0700,62.112,61.998000000000005,0.011,0.011
29.03.2021 06:33:00.206 GMT-0700,62.123000000000005,62.027,0.011,0.0075
29.03.2021 06:33:00.257 GMT-0700,62.122,61.998000000000005,0.011,0.011
29.03.2021 06:33:00.397 GMT-0700,62.173,61.997,0.011,0.011
29.03.2021 06:33:00.569 GMT-0700,62.163000000000004,62.107,0.011,0.011
29.03.2021 06:33:00.619 GMT-0700,62.152,61.998000000000005,0.011,0.011
29.03.2021 06:33:00.688 GMT-0700,62.153000000000006,61.997,0.011,0.011
29.03.2021 06:33:00.800 GMT-0700,62.153000000000006,62.067,0.011,0.011
29.03.2021 06:33:00.850 GMT-0700,62.172,62.068000000000005,0.011,0.011
29.03.2021 06:33:00.950 GMT-0700,62.233000000000004,62.067,0.011,0.011
29.03.2021 06:33:01.217 GMT-0700,62.182,62.068000000000005,0.011,0.011
29.03.2021 06:33:01.787 GMT-0700,62.182,62.078,0.011,0.011
29.03.2021 06:33:01.837 GMT-0700,62.183,62.067,0.011,0.011
29.03.2021 06:33:02.402 GMT-0700,62.162,62.068000000000005,0.0075,0.011
29.03.2021 06:33:02.452 GMT-0700,62.173,62.067,0.011,0.011
29.03.2021 06:33:02.502 GMT-0700,62.162,62.068000000000005,0.011,0.011
29.03.2021 06:33:02.552 GMT-0700,62.172,62.068000000000005,0.011,0.011
29.03.2021 06:33:02.836 GMT-0700,62.173,62.077,0.011,0.0075
29.03.2021 06:33:03.008 GMT-0700,62.172,62.068000000000005,0.011,0.011
29.03.2021 06:33:03.292 GMT-0700,62.142,62.068000000000005,0.0075,0.011
29.03.2021 06:33:03.343 GMT-0700,62.173,62.067,0.011,0.011
29.03.2021 06:33:03.470 GMT-0700,62.123000000000005,62.086999999999996,0.011,0.011
29.03.2021 06:33:03.521 GMT-0700,62.162,62.088,0.011,0.011
29.03.2021 06:33:03.925 GMT-0700,62.173,62.086999999999996,0.011,0.011
29.03.2021 06:33:04.000 GMT-0700,62.143,62.086999999999996,0.0075,0.011
29.03.2021 06:33:04.051 GMT-0700,62.172,62.088,0.011,0.011
29.03.2021 06:33:04.452 GMT-0700,62.133,62.086999999999996,0.0075,0.011
29.03.2021 06:33:04.502 GMT-0700,62.142,62.088,0.011,0.011
29.03.2021 06:33:05.824 GMT-0700,62.102,62.048,0.0075,0.011
29.03.2021 06:33:05.874 GMT-0700,62.123000000000005,62.007,0.011,0.011
29.03.2021 06:33:05.930 GMT-0700,62.122,62.048,0.011,0.0075
29.03.2021 06:33:06.136 GMT-0700,62.122,62.068000000000005,0.011,0.0075
29.03.2021 06:33:06.186 GMT-0700,62.123000000000005,62.047,0.011,0.011
29.03.2021 06:33:06.981 GMT-0700,62.082,62.008,0.011,0.011
29.03.2021 06:33:07.152 GMT-0700,62.042,62.008,0.011,0.011
29.03.2021 06:33:07.202 GMT-0700,62.022,61.878,0.011,0.011
29.03.2021 06:33:07.303 GMT-0700,62.112,61.958000000000006,0.011,0.011
29.03.2021 06:33:07.691 GMT-0700,62.103,61.957,0.0008,0.011
29.03.2021 06:33:07.742 GMT-0700,62.11300000000001,61.957,0.011,0.011
29.03.2021 06:33:08.025 GMT-0700,62.032,61.958000000000006,0.0075,0.011
29.03.2021 06:33:08.125 GMT-0700,62.032,61.848000000000006,0.011,0.011
29.03.2021 06:33:08.226 GMT-0700,62.033,61.977,0.011,0.011
29.03.2021 06:33:08.550 GMT-0700,62.022,61.978,0.0075,0.011
29.03.2021 06:33:08.600 GMT-0700,62.032,61.978,0.011,0.011
29.03.2021 06:33:08.658 GMT-0700,62.023,61.977,0.0008,0.011
29.03.2021 06:33:08.709 GMT-0700,62.032,61.978,0.011,0.011
29.03.2021 06:33:10.089 GMT-0700,62.003,61.977,0.0008,0.011
29.03.2021 06:33:10.140 GMT-0700,62.012,61.908,0.011,0.011
29.03.2021 06:33:10.240 GMT-0700,62.033,61.907,0.011,0.011
29.03.2021 06:33:10.291 GMT-0700,62.032,61.958000000000006,0.011,0.011
29.03.2021 06:33:10.441 GMT-0700,62.003,61.957,0.011,0.011
29.03.2021 06:33:10.492 GMT-0700,62.033,61.957,0.011,0.011
29.03.2021 06:33:10.900 GMT-0700,62.002,61.958000000000006,0.0075,0.011
29.03.2021 06:33:11.001 GMT-0700,62.133,61.957,0.011,0.011
29.03.2021 06:33:11.051 GMT-0700,62.052,61.958000000000006,0.011,0.011
29.03.2021 06:33:12.139 GMT-0700,62.003,61.957,0.0008,0.0075
29.03.2021 06:33:12.189 GMT-0700,61.942,61.838,0.011,0.011
29.03.2021 06:33:12.290 GMT-0700,62.043000000000006,61.897,0.011,0.011
29.03.2021 06:33:12.365 GMT-0700,61.961999999999996,61.898,0.0075,0.011
29.03.2021 06:33:12.595 GMT-0700,61.953,61.897,0.0008,0.011
29.03.2021 06:33:13.098 GMT-0700,62.013000000000005,61.897,0.011,0.011
29.03.2021 06:33:13.616 GMT-0700,61.943000000000005,61.897,0.011,0.011
29.03.2021 06:33:13.666 GMT-0700,62.042,61.898,0.011,0.011
29.03.2021 06:33:13.717 GMT-0700,61.993,61.897,0.011,0.011
29.03.2021 06:33:13.817 GMT-0700,61.973000000000006,61.757,0.011,0.011
29.03.2021 06:33:13.868 GMT-0700,61.973000000000006,61.767,0.011,0.011
29.03.2021 06:33:14.049 GMT-0700,61.913000000000004,61.827,0.0008,0.011
29.03.2021 06:33:14.162 GMT-0700,61.893,61.827,0.011,0.011
29.03.2021 06:33:14.212 GMT-0700,61.903000000000006,61.827,0.011,0.011
29.03.2021 06:33:14.271 GMT-0700,61.862,61.828,0.0075,0.011
29.03.2021 06:33:14.322 GMT-0700,61.843,61.727,0.011,0.011
29.03.2021 06:33:14.422 GMT-0700,61.892,61.798,0.011,0.011
29.03.2021 06:33:14.523 GMT-0700,61.912,61.798,0.011,0.011
29.03.2021 06:33:14.573 GMT-0700,61.892,61.798,0.011,0.011
29.03.2021 06:33:14.624 GMT-0700,61.972,61.798,0.011,0.011
29.03.2021 06:33:14.678 GMT-0700,61.973000000000006,61.797,0.011,0.011
29.03.2021 06:33:14.779 GMT-0700,61.943000000000005,61.827,0.011,0.011
29.03.2021 06:33:15.715 GMT-0700,61.855000000000004,61.827,0.0008,0.0075
29.03.2021 06:33:15.766 GMT-0700,61.883,61.797,0.011,0.011
29.03.2021 06:33:15.866 GMT-0700,61.973000000000006,61.797,0.011,0.011
29.03.2021 06:33:15.977 GMT-0700,61.873000000000005,61.797,0.011,0.011
29.03.2021 06:33:16.028 GMT-0700,61.972,61.798,0.011,0.011
29.03.2021 06:33:16.082 GMT-0700,61.862,61.798,0.0075,0.011
29.03.2021 06:33:16.285 GMT-0700,61.972,61.798,0.011,0.011
29.03.2021 06:33:16.349 GMT-0700,61.86300000000001,61.797,0.011,0.011
29.03.2021 06:33:16.451 GMT-0700,61.852,61.798,0.011,0.011
29.03.2021 06:33:16.568 GMT-0700,61.973000000000006,61.797,0.011,0.011
29.03.2021 06:33:16.618 GMT-0700,61.852,61.798,0.011,0.011
29.03.2021 06:33:16.669 GMT-0700,61.933,61.797,0.011,0.011
29.03.2021 06:33:18.590 GMT-0700,61.933,61.797,0.011,0.011
29.03.2021 06:33:18.691 GMT-0700,61.932,61.818000000000005,0.011,0.011
29.03.2021 06:33:19.045 GMT-0700,61.932,61.848000000000006,0.011,0.011
29.03.2021 06:33:19.517 GMT-0700,61.922,61.858000000000004,0.0075,0.0075
29.03.2021 06:33:19.568 GMT-0700,61.993,61.867,0.011,0.011
29.03.2021 06:33:19.668 GMT-0700,61.972,61.878,0.011,0.011
29.03.2021 06:33:19.718 GMT-0700,61.973000000000006,61.817,0.011,0.011
29.03.2021 06:33:20.156 GMT-0700,61.972,61.828,0.011,0.0075
29.03.2021 06:33:20.602 GMT-0700,61.972,61.818000000000005,0.011,0.011
29.03.2021 06:33:21.088 GMT-0700,61.972,61.868,0.011,0.0075
29.03.2021 06:33:21.189 GMT-0700,61.902,61.868,0.011,0.011
29.03.2021 06:33:21.591 GMT-0700,61.882,61.867,0.0008,0.0075
29.03.2021 06:33:21.641 GMT-0700,61.86300000000001,61.747,0.011,0.011
29.03.2021 06:33:21.741 GMT-0700,61.963,61.807,0.011,0.011
29.03.2021 06:33:22.473 GMT-0700,61.963,61.807,0.011,0.011
29.03.2021 06:33:22.523 GMT-0700,61.961999999999996,61.808,0.011,0.011
29.03.2021 06:33:22.717 GMT-0700,61.873000000000005,61.807,0.0075,0.011
29.03.2021 06:33:22.767 GMT-0700,61.961999999999996,61.808,0.011,0.011
29.03.2021 06:33:22.817 GMT-0700,61.872,61.808,0.011,0.011
29.03.2021 06:33:22.868 GMT-0700,61.86300000000001,61.757,0.011,0.011
29.03.2021 06:33:22.968 GMT-0700,61.932,61.798,0.011,0.011
29.03.2021 06:33:23.175 GMT-0700,61.932,61.808,0.011,0.011
29.03.2021 06:33:23.225 GMT-0700,61.932,61.798,0.011,0.011
29.03.2021 06:33:23.326 GMT-0700,61.933,61.807,0.011,0.011
29.03.2021 06:33:23.376 GMT-0700,61.933,61.797,0.011,0.011
29.03.2021 06:33:23.426 GMT-0700,61.892,61.798,0.011,0.011
29.03.2021 06:33:23.527 GMT-0700,61.882,61.798,0.011,0.011
29.03.2021 06:33:23.577 GMT-0700,61.892,61.798,0.011,0.011
29.03.2021 06:33:23.700 GMT-0700,61.961999999999996,61.798,0.011,0.011
29.03.2021 06:33:23.752 GMT-0700,61.892,61.798,0.0008,0.011
29.03.2021 06:33:23.855 GMT-0700,61.883,61.797,0.0008,0.011
29.03.2021 06:33:23.906 GMT-0700,61.893,61.797,0.011,0.011
29.03.2021 06:33:24.031 GMT-0700,61.963,61.797,0.011,0.011
29.03.2021 06:33:24.132 GMT-0700,62.003,61.797,0.011,0.011
29.03.2021 06:33:24.183 GMT-0700,61.992,61.798,0.011,0.011
29.03.2021 06:33:24.263 GMT-0700,62.003,61.797,0.011,0.011
29.03.2021 06:33:24.414 GMT-0700,61.903000000000006,61.797,0.011,0.011
29.03.2021 06:33:24.519 GMT-0700,61.892,61.818000000000005,0.011,0.011
29.03.2021 06:33:25.194 GMT-0700,61.902,61.818000000000005,0.011,0.011
29.03.2021 06:33:25.267 GMT-0700,61.961999999999996,61.818000000000005,0.011,0.011
29.03.2021 06:33:25.318 GMT-0700,62.003,61.817,0.011,0.011
29.03.2021 06:33:25.368 GMT-0700,61.963,61.817,0.011,0.011
29.03.2021 06:33:25.418 GMT-0700,61.993,61.817,0.011,0.011
29.03.2021 06:33:25.490 GMT-0700,61.942,61.818000000000005,0.011,0.011
29.03.2021 06:33:26.522 GMT-0700,61.893,61.817,0.011,0.011
29.03.2021 06:33:26.627 GMT-0700,61.883,61.817,0.0008,0.011
29.03.2021 06:33:26.727 GMT-0700,61.893,61.817,0.011,0.011
29.03.2021 06:33:27.333 GMT-0700,62.003,61.817,0.011,0.011
29.03.2021 06:33:27.389 GMT-0700,61.892,61.818000000000005,0.0008,0.011
29.03.2021 06:33:27.439 GMT-0700,61.922,61.818000000000005,0.011,0.011
29.03.2021 06:33:27.506 GMT-0700,61.892,61.818000000000005,0.0075,0.011
29.03.2021 06:33:27.557 GMT-0700,61.922,61.818000000000005,0.011,0.011
29.03.2021 06:33:27.620 GMT-0700,61.922,61.818000000000005,0.0075,0.011
29.03.2021 06:33:27.670 GMT-0700,61.952,61.838,0.011,0.011
29.03.2021 06:33:27.736 GMT-0700,61.923,61.836999999999996,0.0008,0.011
29.03.2021 06:33:28.178 GMT-0700,61.923,61.836999999999996,0.011,0.011
29.03.2021 06:33:28.228 GMT-0700,61.973000000000006,61.877,0.011,0.011
29.03.2021 06:33:28.589 GMT-0700,61.973000000000006,61.827,0.011,0.011
29.03.2021 06:33:28.732 GMT-0700,61.952,61.828,0.011,0.011
29.03.2021 06:33:28.782 GMT-0700,61.972,61.828,0.011,0.011
29.03.2021 06:33:29.016 GMT-0700,61.933,61.867,0.0075,0.0075
29.03.2021 06:33:29.066 GMT-0700,61.972,61.868,0.011,0.011
29.03.2021 06:33:29.521 GMT-0700,61.982,61.868,0.011,0.011
29.03.2021 06:33:29.572 GMT-0700,61.972,61.868,0.011,0.011
29.03.2021 06:33:29.622 GMT-0700,61.983000000000004,61.867,0.011,0.011
29.03.2021 06:33:29.767 GMT-0700,61.942,61.868,0.011,0.011
29.03.2021 06:33:29.818 GMT-0700,61.952,61.868,0.011,0.011
29.03.2021 06:33:29.932 GMT-0700,61.983000000000004,61.867,0.011,0.011
29.03.2021 06:33:30.128 GMT-0700,61.952,61.868,0.0008,0.011
29.03.2021 06:33:30.178 GMT-0700,62.042,61.868,0.011,0.011
29.03.2021 06:33:30.364 GMT-0700,62.042,61.868,0.0075,0.011
29.03.2021 06:33:30.415 GMT-0700,62.053000000000004,61.867,0.011,0.011
29.03.2021 06:33:31.121 GMT-0700,62.042,61.878,0.0075,0.0075
29.03.2021 06:33:31.172 GMT-0700,62.053000000000004,61.867,0.011,0.011
29.03.2021 06:33:31.329 GMT-0700,62.003,61.867,0.0075,0.011
29.03.2021 06:33:31.666 GMT-0700,61.993,61.927,0.011,0.011
29.03.2021 06:33:31.717 GMT-0700,62.043000000000006,61.927,0.011,0.011
29.03.2021 06:33:31.767 GMT-0700,62.053000000000004,61.937,0.011,0.011
29.03.2021 06:33:32.004 GMT-0700,61.992,61.938,0.011,0.011
29.03.2021 06:33:32.114 GMT-0700,61.972,61.928000000000004,0.011,0.011
29.03.2021 06:33:32.165 GMT-0700,61.983000000000004,61.927,0.011,0.011
29.03.2021 06:33:32.429 GMT-0700,61.953,61.867,0.0075,0.011
29.03.2021 06:33:32.479 GMT-0700,61.982,61.868,0.011,0.011
29.03.2021 06:33:32.592 GMT-0700,61.993,61.867,0.011,0.011
29.03.2021 06:33:32.734 GMT-0700,61.923,61.867,0.0075,0.011
29.03.2021 06:33:32.784 GMT-0700,61.963,61.867,0.011,0.011
29.03.2021 06:33:35.432 GMT-0700,61.903000000000006,61.867,0.0075,0.011
29.03.2021 06:33:35.636 GMT-0700,61.961999999999996,61.868,0.011,0.011
29.03.2021 06:33:36.238 GMT-0700,61.961999999999996,61.898,0.0008,0.0075
29.03.2021 06:33:36.288 GMT-0700,61.943000000000005,61.867,0.011,0.011
29.03.2021 06:33:36.741 GMT-0700,61.952,61.868,0.011,0.011
29.03.2021 06:33:37.113 GMT-0700,61.992,61.868,0.011,0.011
29.03.2021 06:33:39.602 GMT-0700,61.992,61.878,0.011,0.0075
29.03.2021 06:33:39.652 GMT-0700,61.992,61.868,0.011,0.011
29.03.2021 06:33:40.087 GMT-0700,61.903000000000006,61.867,0.011,0.011
29.03.2021 06:33:40.138 GMT-0700,61.993,61.867,0.011,0.011
29.03.2021 06:33:40.188 GMT-0700,61.982,61.868,0.011,0.011
29.03.2021 06:33:41.066 GMT-0700,61.913000000000004,61.836999999999996,0.0075,0.011
29.03.2021 06:33:41.116 GMT-0700,61.982,61.838,0.011,0.011
29.03.2021 06:33:41.167 GMT-0700,61.923,61.836999999999996,0.011,0.011
29.03.2021 06:33:41.217 GMT-0700,61.993,61.836999999999996,0.011,0.011
29.03.2021 06:33:41.267 GMT-0700,61.973000000000006,61.836999999999996,0.011,0.011
29.03.2021 06:33:42.300 GMT-0700,61.973000000000006,61.857,0.011,0.011
29.03.2021 06:33:43.348 GMT-0700,61.913000000000004,61.857,0.0075,0.011
29.03.2021 06:33:44.373 GMT-0700,61.892,61.858000000000004,0.0008,0.011
29.03.2021 06:33:44.547 GMT-0700,61.983000000000004,61.857,0.011,0.011
29.03.2021 06:33:44.620 GMT-0700,62.023,61.857,0.011,0.011
29.03.2021 06:33:44.675 GMT-0700,61.963,61.857,0.011,0.011
29.03.2021 06:33:45.010 GMT-0700,62.032,61.858000000000004,0.011,0.011
29.03.2021 06:33:45.198 GMT-0700,62.023,61.857,0.0008,0.011
29.03.2021 06:33:45.299 GMT-0700,62.033,61.857,0.011,0.011
29.03.2021 06:33:45.369 GMT-0700,62.023,61.867,0.0075,0.0075
29.03.2021 06:33:45.470 GMT-0700,61.973000000000006,61.857,0.011,0.011
29.03.2021 06:33:45.691 GMT-0700,62.043000000000006,61.857,0.011,0.011
29.03.2021 06:33:45.793 GMT-0700,62.042,61.848000000000006,0.011,0.011
29.03.2021 06:33:45.916 GMT-0700,62.042,61.918000000000006,0.011,0.0075
29.03.2021 06:33:46.017 GMT-0700,62.053000000000004,61.917,0.011,0.011
29.03.2021 06:33:46.067 GMT-0700,61.983000000000004,61.917,0.011,0.011
29.03.2021 06:33:46.579 GMT-0700,62.083000000000006,61.917,0.011,0.011
29.03.2021 06:33:46.629 GMT-0700,61.983000000000004,61.917,0.011,0.011
29.03.2021 06:33:47.030 GMT-0700,62.053000000000004,61.917,0.011,0.011
29.03.2021 06:33:47.725 GMT-0700,62.042,61.918000000000006,0.011,0.011
29.03.2021 06:33:47.873 GMT-0700,62.003,61.917,0.0075,0.011
29.03.2021 06:33:48.974 GMT-0700,61.992,61.918000000000006,0.0075,0.011
29.03.2021 06:33:49.025 GMT-0700,62.002,61.918000000000006,0.011,0.011
29.03.2021 06:33:49.285 GMT-0700,62.052,61.918000000000006,0.011,0.011
29.03.2021 06:33:49.378 GMT-0700,62.003,61.917,0.011,0.011
29.03.2021 06:33:49.560 GMT-0700,62.082,61.918000000000006,0.011,0.011
29.03.2021 06:33:49.610 GMT-0700,62.053000000000004,61.917,0.011,0.011
29.03.2021 06:33:49.713 GMT-0700,62.002,61.918000000000006,0.011,0.011
29.03.2021 06:33:49.763 GMT-0700,62.083000000000006,61.917,0.011,0.011
29.03.2021 06:33:50.001 GMT-0700,62.083000000000006,61.927,0.011,0.0075
29.03.2021 06:33:50.051 GMT-0700,62.082,61.918000000000006,0.011,0.011
29.03.2021 06:33:50.102 GMT-0700,61.993,61.917,0.011,0.011
29.03.2021 06:33:50.152 GMT-0700,62.053000000000004,61.917,0.011,0.011
29.03.2021 06:33:50.213 GMT-0700,62.003,61.917,0.0008,0.011
29.03.2021 06:33:51.084 GMT-0700,62.102,61.998000000000005,0.011,0.011
29.03.2021 06:33:51.180 GMT-0700,62.063,61.997,0.0075,0.011
29.03.2021 06:33:51.230 GMT-0700,62.073,61.997,0.011,0.011
29.03.2021 06:33:51.281 GMT-0700,62.062,61.998000000000005,0.011,0.011
29.03.2021 06:33:51.643 GMT-0700,62.112,61.998000000000005,0.011,0.011
29.03.2021 06:33:51.861 GMT-0700,62.103,61.997,0.011,0.011
29.03.2021 06:33:51.986 GMT-0700,62.112,61.998000000000005,0.011,0.011
29.03.2021 06:33:52.083 GMT-0700,62.152,62.018,0.011,0.011
29.03.2021 06:33:52.134 GMT-0700,62.103,61.997,0.011,0.011
29.03.2021 06:33:52.230 GMT-0700,62.142,61.998000000000005,0.011,0.011
29.03.2021 06:33:52.316 GMT-0700,62.103,61.997,0.0008,0.011
29.03.2021 06:33:52.366 GMT-0700,62.143,61.997,0.011,0.011
29.03.2021 06:33:52.586 GMT-0700,62.182,61.998000000000005,0.011,0.011
29.03.2021 06:33:52.755 GMT-0700,62.182,61.998000000000005,0.011,0.011
29.03.2021 06:33:52.855 GMT-0700,62.183,61.947,0.011,0.011
29.03.2021 06:33:52.906 GMT-0700,62.203,61.947,0.011,0.011
29.03.2021 06:33:52.956 GMT-0700,62.202,62.088,0.011,0.011
29.03.2021 06:33:53.368 GMT-0700,62.162,62.088,0.011,0.011
29.03.2021 06:33:53.418 GMT-0700,62.173,62.086999999999996,0.011,0.011
29.03.2021 06:33:54.706 GMT-0700,62.11300000000001,61.947,0.011,0.011
29.03.2021 06:33:54.757 GMT-0700,62.173,62.077,0.011,0.011
29.03.2021 06:33:56.416 GMT-0700,62.132,62.088,0.0075,0.0075
29.03.2021 06:33:56.466 GMT-0700,62.162,62.088,0.0008,0.011
29.03.2021 06:33:56.516 GMT-0700,62.132,62.088,0.0075,0.011
29.03.2021 06:33:56.617 GMT-0700,62.173,62.077,0.011,0.011
29.03.2021 06:33:56.874 GMT-0700,62.162,62.078,0.0075,0.011
29.03.2021 06:33:57.020 GMT-0700,62.163000000000004,62.086999999999996,0.0075,0.011
29.03.2021 06:33:57.121 GMT-0700,62.162,62.078,0.011,0.011
29.03.2021 06:33:57.242 GMT-0700,62.173,62.077,0.011,0.011
29.03.2021 06:33:57.934 GMT-0700,62.173,62.077,0.011,0.011
29.03.2021 06:33:57.984 GMT-0700,62.173,62.107,0.011,0.011
29.03.2021 06:33:58.054 GMT-0700,62.173,62.107,0.011,0.011
29.03.2021 06:33:58.649 GMT-0700,62.173,62.027,0.011,0.011
29.03.2021 06:33:58.720 GMT-0700,62.173,62.097,0.011,0.0075
29.03.2021 06:33:58.923 GMT-0700,62.173,62.127,0.011,0.011
29.03.2021 06:33:58.974 GMT-0700,62.172,62.098000000000006,0.011,0.011
29.03.2021 06:33:59.820 GMT-0700,62.162,62.098000000000006,0.011,0.011
29.03.2021 06:33:59.870 GMT-0700,62.173,62.097,0.011,0.011
29.03.2021 06:34:00.001 GMT-0700,62.162,62.098000000000006,0.011,0.011
29.03.2021 06:34:00.051 GMT-0700,62.172,62.098000000000006,0.011,0.011
29.03.2021 06:34:00.102 GMT-0700,62.172,62.048,0.011,0.011
29.03.2021 06:34:00.256 GMT-0700,62.172,62.058,0.011,0.011
29.03.2021 06:34:00.365 GMT-0700,62.172,62.048,0.011,0.011
29.03.2021 06:34:01.338 GMT-0700,62.173,62.057,0.011,0.0075
29.03.2021 06:34:01.609 GMT-0700,62.173,62.047,0.011,0.011
29.03.2021 06:34:02.188 GMT-0700,62.172,62.058,0.011,0.0075
29.03.2021 06:34:02.288 GMT-0700,62.173,62.047,0.011,0.011
29.03.2021 06:34:03.220 GMT-0700,62.173,62.107,0.011,0.0075
29.03.2021 06:34:03.434 GMT-0700,62.173,62.117,0.011,0.011
29.03.2021 06:34:03.947 GMT-0700,62.163000000000004,62.117,0.0008,0.011
29.03.2021 06:34:03.998 GMT-0700,62.162,62.108000000000004,0.011,0.011
29.03.2021 06:34:04.358 GMT-0700,62.172,62.108000000000004,0.011,0.011
29.03.2021 06:34:04.494 GMT-0700,62.143,62.097,0.0075,0.011
29.03.2021 06:34:04.544 GMT-0700,62.172,62.098000000000006,0.011,0.011
29.03.2021 06:34:05.445 GMT-0700,62.172,62.128,0.011,0.0075
29.03.2021 06:34:05.546 GMT-0700,62.173,62.137,0.011,0.011
29.03.2021 06:34:06.867 GMT-0700,62.193000000000005,62.137,0.011,0.011
29.03.2021 06:34:07.255 GMT-0700,62.252,62.108000000000004,0.011,0.011
29.03.2021 06:34:07.306 GMT-0700,62.253,62.097,0.011,0.011
29.03.2021 06:34:07.810 GMT-0700,62.192,62.098000000000006,0.0075,0.011
29.03.2021 06:34:07.860 GMT-0700,62.253,62.097,0.011,0.011
29.03.2021 06:34:08.038 GMT-0700,62.192,62.098000000000006,0.011,0.011
29.03.2021 06:34:08.088 GMT-0700,62.253,62.097,0.011,0.011
29.03.2021 06:34:08.138 GMT-0700,62.242,62.098000000000006,0.011,0.011
29.03.2021 06:34:08.769 GMT-0700,62.233000000000004,62.097,0.011,0.011
29.03.2021 06:34:09.208 GMT-0700,62.243,62.097,0.011,0.011
29.03.2021 06:34:10.017 GMT-0700,62.253,62.097,0.011,0.011
29.03.2021 06:34:10.481 GMT-0700,62.243,62.127,0.0075,0.0075
29.03.2021 06:34:10.581 GMT-0700,62.263000000000005,62.127,0.011,0.011
29.03.2021 06:34:10.632 GMT-0700,62.242,62.128,0.011,0.011
29.03.2021 06:34:10.862 GMT-0700,62.165,62.128,0.0075,0.011
29.03.2021 06:34:10.912 GMT-0700,62.182,62.128,0.011,0.011
29.03.2021 06:34:11.359 GMT-0700,62.232,62.128,0.011,0.011
29.03.2021 06:34:11.454 GMT-0700,62.222,62.128,0.0075,0.011
29.03.2021 06:34:11.504 GMT-0700,62.232,62.128,0.011,0.011
29.03.2021 06:34:11.740 GMT-0700,62.232,62.128,0.011,0.011
29.03.2021 06:34:11.841 GMT-0700,62.233000000000004,62.127,0.011,0.011
29.03.2021 06:34:11.965 GMT-0700,62.233000000000004,62.127,0.011,0.011
29.03.2021 06:34:12.015 GMT-0700,62.203,62.127,0.011,0.011
29.03.2021 06:34:15.345 GMT-0700,62.203,62.137,0.011,0.0075
29.03.2021 06:34:15.692 GMT-0700,62.202,62.148,0.011,0.011
29.03.2021 06:34:15.742 GMT-0700,62.292,62.188,0.011,0.011
29.03.2021 06:34:15.793 GMT-0700,62.262,62.138000000000005,0.011,0.011
29.03.2021 06:34:15.843 GMT-0700,62.292,62.228,0.011,0.011
29.03.2021 06:34:15.893 GMT-0700,62.293000000000006,62.127,0.011,0.011
29.03.2021 06:34:15.943 GMT-0700,62.293000000000006,62.237,0.011,0.0075
29.03.2021 06:34:16.044 GMT-0700,62.292,62.188,0.011,0.011
29.03.2021 06:34:16.144 GMT-0700,62.282,62.188,0.011,0.011
29.03.2021 06:34:16.431 GMT-0700,62.283,62.187,0.0075,0.011
29.03.2021 06:34:16.481 GMT-0700,62.293000000000006,62.197,0.011,0.011
29.03.2021 06:34:16.581 GMT-0700,62.282,62.188,0.011,0.011
29.03.2021 06:34:16.632 GMT-0700,62.292,62.188,0.011,0.011
29.03.2021 06:34:17.028 GMT-0700,62.293000000000006,62.187,0.011,0.011
29.03.2021 06:34:17.129 GMT-0700,62.293000000000006,62.277,0.011,0.011
29.03.2021 06:34:17.179 GMT-0700,62.382,62.268,0.011,0.011
29.03.2021 06:34:17.331 GMT-0700,62.392,62.268,0.011,0.011
29.03.2021 06:34:17.432 GMT-0700,62.393,62.336999999999996,0.011,0.011
29.03.2021 06:34:17.482 GMT-0700,62.392,62.268,0.011,0.011
29.03.2021 06:34:17.696 GMT-0700,62.453,62.277,0.011,0.011
29.03.2021 06:34:17.747 GMT-0700,62.453,62.267,0.011,0.011
29.03.2021 06:34:17.847 GMT-0700,62.413000000000004,62.247,0.011,0.011
29.03.2021 06:34:17.959 GMT-0700,62.383,62.247,0.011,0.011
29.03.2021 06:34:18.428 GMT-0700,62.442,62.268,0.011,0.011
29.03.2021 06:34:18.728 GMT-0700,62.393,62.247,0.0075,0.011
29.03.2021 06:34:18.864 GMT-0700,62.393,62.257,0.011,0.0075
29.03.2021 06:34:18.985 GMT-0700,62.392,62.268,0.011,0.011
29.03.2021 06:34:19.106 GMT-0700,62.393,62.257,0.011,0.011
29.03.2021 06:34:19.156 GMT-0700,62.353,62.257,0.011,0.011
29.03.2021 06:34:19.206 GMT-0700,62.383,62.257,0.011,0.011
29.03.2021 06:34:19.376 GMT-0700,62.383,62.257,0.011,0.011
29.03.2021 06:34:19.476 GMT-0700,62.392,62.288000000000004,0.011,0.011
29.03.2021 06:34:20.254 GMT-0700,62.452,62.288000000000004,0.011,0.011
29.03.2021 06:34:20.304 GMT-0700,62.443000000000005,62.287,0.011,0.011
29.03.2021 06:34:20.461 GMT-0700,62.393,62.287,0.0008,0.011
29.03.2021 06:34:20.561 GMT-0700,62.483000000000004,62.287,0.011,0.011
29.03.2021 06:34:20.611 GMT-0700,62.443000000000005,62.287,0.011,0.011
29.03.2021 06:34:20.733 GMT-0700,62.383,62.287,0.0075,0.011
29.03.2021 06:34:21.282 GMT-0700,62.383,62.327,0.011,0.0075
29.03.2021 06:34:21.471 GMT-0700,62.382,62.258,0.011,0.011
29.03.2021 06:34:21.572 GMT-0700,62.383,62.247,0.011,0.011
29.03.2021 06:34:21.622 GMT-0700,62.382,62.278000000000006,0.011,0.011
29.03.2021 06:34:21.793 GMT-0700,62.383,62.287,0.011,0.0075
29.03.2021 06:34:21.843 GMT-0700,62.482,62.278000000000006,0.011,0.011
29.03.2021 06:34:21.989 GMT-0700,62.402,62.278000000000006,0.0008,0.011
29.03.2021 06:34:22.189 GMT-0700,62.482,62.278000000000006,0.011,0.011
29.03.2021 06:34:22.240 GMT-0700,62.482,62.248000000000005,0.011,0.011
29.03.2021 06:34:22.291 GMT-0700,62.463,62.247,0.0008,0.011
29.03.2021 06:34:22.699 GMT-0700,62.463,62.287,0.011,0.011
29.03.2021 06:34:22.800 GMT-0700,62.463,62.287,0.011,0.011
29.03.2021 06:34:22.850 GMT-0700,62.532,62.358000000000004,0.011,0.011
29.03.2021 06:34:23.004 GMT-0700,62.543000000000006,62.357,0.011,0.011
29.03.2021 06:34:23.082 GMT-0700,62.542,62.428000000000004,0.011,0.011
29.03.2021 06:34:23.133 GMT-0700,62.542,62.358000000000004,0.011,0.011
29.03.2021 06:34:23.183 GMT-0700,62.542,62.388000000000005,0.011,0.011
29.03.2021 06:34:23.511 GMT-0700,62.453,62.387,0.011,0.011
29.03.2021 06:34:23.562 GMT-0700,62.542,62.388000000000005,0.011,0.011
29.03.2021 06:34:23.770 GMT-0700,62.543000000000006,62.407,0.011,0.011
29.03.2021 06:34:23.832 GMT-0700,62.543000000000006,62.387,0.011,0.011
29.03.2021 06:34:23.894 GMT-0700,62.542,62.408,0.011,0.0075
29.03.2021 06:34:24.045 GMT-0700,62.543000000000006,62.387,0.011,0.011
29.03.2021 06:34:24.144 GMT-0700,62.532,62.388000000000005,0.0075,0.011
29.03.2021 06:34:24.194 GMT-0700,62.542,62.388000000000005,0.011,0.011
29.03.2021 06:34:24.269 GMT-0700,62.543000000000006,62.387,0.011,0.011
29.03.2021 06:34:24.548 GMT-0700,62.493,62.387,0.0075,0.011
29.03.2021 06:34:24.599 GMT-0700,62.503,62.387,0.011,0.011
29.03.2021 06:34:24.692 GMT-0700,62.492,62.388000000000005,0.0075,0.011
29.03.2021 06:34:24.792 GMT-0700,62.502,62.388000000000005,0.011,0.011
29.03.2021 06:34:24.843 GMT-0700,62.533,62.387,0.011,0.011
29.03.2021 06:34:24.976 GMT-0700,62.503,62.387,0.0075,0.011
29.03.2021 06:34:25.106 GMT-0700,62.492,62.388000000000005,0.0075,0.011
29.03.2021 06:34:25.257 GMT-0700,62.502,62.388000000000005,0.011,0.011
29.03.2021 06:34:25.764 GMT-0700,62.502,62.388000000000005,0.011,0.011
29.03.2021 06:34:25.814 GMT-0700,62.502,62.388000000000005,0.011,0.011
29.03.2021 06:34:26.134 GMT-0700,62.542,62.438,0.011,0.011
29.03.2021 06:34:26.184 GMT-0700,62.532,62.388000000000005,0.011,0.011
29.03.2021 06:34:26.235 GMT-0700,62.542,62.388000000000005,0.011,0.011
29.03.2021 06:34:26.298 GMT-0700,62.503,62.387,0.0075,0.011
29.03.2021 06:34:26.398 GMT-0700,62.543000000000006,62.387,0.011,0.011
29.03.2021 06:34:26.505 GMT-0700,62.502,62.388000000000005,0.0075,0.011
29.03.2021 06:34:26.714 GMT-0700,62.532,62.388000000000005,0.011,0.011
29.03.2021 06:34:26.919 GMT-0700,62.543000000000006,62.387,0.011,0.011
29.03.2021 06:34:27.284 GMT-0700,62.543000000000006,62.397,0.011,0.011
29.03.2021 06:34:27.334 GMT-0700,62.543000000000006,62.387,0.011,0.011
29.03.2021 06:34:27.424 GMT-0700,62.532,62.388000000000005,0.0075,0.011
29.03.2021 06:34:27.600 GMT-0700,62.61300000000001,62.507,0.011,0.011
29.03.2021 06:34:27.651 GMT-0700,62.612,62.498000000000005,0.011,0.011
29.03.2021 06:34:27.701 GMT-0700,62.61300000000001,62.557,0.011,0.011
29.03.2021 06:34:27.751 GMT-0700,62.612,62.538000000000004,0.011,0.011
29.03.2021 06:34:27.802 GMT-0700,62.612,62.468,0.011,0.011
29.03.2021 06:34:27.902 GMT-0700,62.663000000000004,62.467,0.011,0.011
29.03.2021 06:34:28.207 GMT-0700,62.663000000000004,62.537,0.011,0.0075
29.03.2021 06:34:28.308 GMT-0700,62.663000000000004,62.467,0.011,0.011
29.03.2021 06:34:28.358 GMT-0700,62.662,62.508,0.011,0.011
29.03.2021 06:34:28.579 GMT-0700,62.682,62.608000000000004,0.011,0.011
29.03.2021 06:34:28.629 GMT-0700,62.642,62.518,0.011,0.011
29.03.2021 06:34:28.680 GMT-0700,62.642,62.508,0.011,0.011
29.03.2021 06:34:28.798 GMT-0700,62.643,62.586999999999996,0.0008,0.0075
29.03.2021 06:34:28.848 GMT-0700,62.683,62.586999999999996,0.011,0.011
29.03.2021 06:34:29.036 GMT-0700,62.682,62.508,0.011,0.011
29.03.2021 06:34:29.136 GMT-0700,62.672,62.508,0.011,0.011
29.03.2021 06:34:29.304 GMT-0700,62.652,62.588,0.0075,0.011
29.03.2021 06:34:29.405 GMT-0700,62.683,62.586999999999996,0.011,0.011
29.03.2021 06:34:29.546 GMT-0700,62.61300000000001,62.517,0.0075,0.011
29.03.2021 06:34:29.596 GMT-0700,62.642,62.518,0.011,0.011
29.03.2021 06:34:29.930 GMT-0700,62.633,62.517,0.0075,0.011
29.03.2021 06:34:29.981 GMT-0700,62.643,62.517,0.011,0.011
29.03.2021 06:34:30.494 GMT-0700,62.633,62.517,0.0075,0.011
29.03.2021 06:34:30.544 GMT-0700,62.643,62.517,0.011,0.011
29.03.2021 06:34:30.768 GMT-0700,62.642,62.518,0.011,0.011
29.03.2021 06:34:30.818 GMT-0700,62.642,62.518,0.011,0.011
29.03.2021 06:34:31.086 GMT-0700,62.633,62.517,0.0008,0.011
29.03.2021 06:34:31.187 GMT-0700,62.643,62.517,0.011,0.011
29.03.2021 06:34:31.237 GMT-0700,62.643,62.577,0.011,0.011
29.03.2021 06:34:31.288 GMT-0700,62.643,62.517,0.011,0.011
29.03.2021 06:34:31.338 GMT-0700,62.642,62.528000000000006,0.011,0.011
29.03.2021 06:34:31.388 GMT-0700,62.642,62.518,0.011,0.011
29.03.2021 06:34:31.966 GMT-0700,62.643,62.527,0.011,0.0075
29.03.2021 06:34:32.067 GMT-0700,62.643,62.517,0.011,0.011
29.03.2021 06:34:32.564 GMT-0700,62.643,62.527,0.0008,0.0075
29.03.2021 06:34:32.614 GMT-0700,62.652,62.528000000000006,0.011,0.011
29.03.2021 06:34:32.799 GMT-0700,62.663000000000004,62.517,0.011,0.011
29.03.2021 06:34:33.189 GMT-0700,62.683,62.517,0.011,0.011
29.03.2021 06:34:33.239 GMT-0700,62.672,62.518,0.011,0.011
29.03.2021 06:34:33.842 GMT-0700,62.673,62.517,0.011,0.011
29.03.2021 06:34:33.994 GMT-0700,62.673,62.517,0.011,0.011
29.03.2021 06:34:34.300 GMT-0700,62.683,62.517,0.011,0.011
29.03.2021 06:34:34.520 GMT-0700,62.682,62.528000000000006,0.011,0.0075
29.03.2021 06:34:34.621 GMT-0700,62.652,62.538000000000004,0.011,0.011
29.03.2021 06:34:34.927 GMT-0700,62.643,62.537,0.0008,0.011
29.03.2021 06:34:34.978 GMT-0700,62.722,62.538000000000004,0.011,0.011
29.03.2021 06:34:35.041 GMT-0700,62.683,62.537,0.0075,0.011
29.03.2021 06:34:35.205 GMT-0700,62.682,62.588,0.011,0.011
29.03.2021 06:34:36.353 GMT-0700,62.713,62.586999999999996,0.011,0.011
29.03.2021 06:34:36.454 GMT-0700,62.702,62.588,0.011,0.011
29.03.2021 06:34:36.766 GMT-0700,62.722,62.588,0.011,0.011
29.03.2021 06:34:37.350 GMT-0700,62.692,62.598000000000006,0.011,0.011
29.03.2021 06:34:37.400 GMT-0700,62.693000000000005,62.586999999999996,0.011,0.011
29.03.2021 06:34:37.954 GMT-0700,62.772,62.588,0.011,0.011
29.03.2021 06:34:38.005 GMT-0700,62.752,62.588,0.011,0.011
29.03.2021 06:34:38.462 GMT-0700,62.683,62.586999999999996,0.011,0.011
29.03.2021 06:34:38.513 GMT-0700,62.773,62.586999999999996,0.011,0.011
29.03.2021 06:34:38.579 GMT-0700,62.732,62.588,0.0008,0.011
29.03.2021 06:34:38.738 GMT-0700,62.723000000000006,62.586999999999996,0.0008,0.011
29.03.2021 06:34:38.893 GMT-0700,62.733000000000004,62.586999999999996,0.011,0.011
29.03.2021 06:34:38.943 GMT-0700,62.623000000000005,62.547,0.011,0.011
29.03.2021 06:34:39.493 GMT-0700,62.622,62.548,0.011,0.011
29.03.2021 06:34:40.614 GMT-0700,62.623000000000005,62.567,0.011,0.011
29.03.2021 06:34:40.795 GMT-0700,62.622,62.548,0.011,0.011
29.03.2021 06:34:42.927 GMT-0700,62.583000000000006,62.547,0.0075,0.011
29.03.2021 06:34:42.977 GMT-0700,62.623000000000005,62.547,0.011,0.011
29.03.2021 06:34:43.027 GMT-0700,62.622,62.558,0.011,0.011
29.03.2021 06:34:44.621 GMT-0700,62.622,62.518,0.011,0.011
29.03.2021 06:34:44.672 GMT-0700,62.623000000000005,62.507,0.011,0.011
29.03.2021 06:34:45.304 GMT-0700,62.562,62.508,0.0075,0.011
29.03.2021 06:34:45.704 GMT-0700,62.563,62.547,0.0008,0.0075
29.03.2021 06:34:45.755 GMT-0700,62.623000000000005,62.537,0.011,0.011
29.03.2021 06:34:45.821 GMT-0700,62.622,62.548,0.011,0.0075
29.03.2021 06:34:45.871 GMT-0700,62.623000000000005,62.537,0.011,0.011
29.03.2021 06:34:46.968 GMT-0700,62.622,62.538000000000004,0.011,0.011
29.03.2021 06:34:47.019 GMT-0700,62.623000000000005,62.537,0.011,0.011
29.03.2021 06:34:47.586 GMT-0700,62.653000000000006,62.557,0.011,0.011
29.03.2021 06:34:47.636 GMT-0700,62.653000000000006,62.567,0.011,0.011
29.03.2021 06:34:47.686 GMT-0700,62.682,62.578,0.011,0.011
29.03.2021 06:34:47.737 GMT-0700,62.653000000000006,62.567,0.011,0.011
29.03.2021 06:34:47.879 GMT-0700,62.673,62.567,0.011,0.011
29.03.2021 06:34:47.997 GMT-0700,62.662,62.578,0.0075,0.0075
29.03.2021 06:34:48.097 GMT-0700,62.693000000000005,62.567,0.011,0.011
29.03.2021 06:34:48.147 GMT-0700,62.672,62.578,0.011,0.011
29.03.2021 06:34:48.198 GMT-0700,62.673,62.567,0.011,0.011
29.03.2021 06:34:48.545 GMT-0700,62.682,62.568000000000005,0.011,0.011
29.03.2021 06:34:48.683 GMT-0700,62.763000000000005,62.567,0.011,0.011
29.03.2021 06:34:48.851 GMT-0700,62.802,62.558,0.011,0.011
29.03.2021 06:34:48.915 GMT-0700,62.742,62.558,0.0008,0.011
29.03.2021 06:34:49.256 GMT-0700,62.743,62.557,0.0075,0.011
29.03.2021 06:34:49.306 GMT-0700,62.812,62.708000000000006,0.011,0.011
29.03.2021 06:34:49.357 GMT-0700,62.812,62.598000000000006,0.011,0.011
29.03.2021 06:34:49.602 GMT-0700,62.812,62.648,0.011,0.011
29.03.2021 06:34:50.022 GMT-0700,62.812,62.698,0.0075,0.011
29.03.2021 06:34:50.072 GMT-0700,62.86300000000001,62.697,0.011,0.011
29.03.2021 06:34:50.173 GMT-0700,62.922,62.698,0.011,0.011
29.03.2021 06:34:50.223 GMT-0700,62.842,62.698,0.011,0.011
29.03.2021 06:34:50.383 GMT-0700,62.852,62.698,0.011,0.011
29.03.2021 06:34:50.496 GMT-0700,62.852,62.748000000000005,0.011,0.0075
29.03.2021 06:34:50.546 GMT-0700,62.852,62.698,0.011,0.011
29.03.2021 06:34:50.738 GMT-0700,62.843,62.697,0.0075,0.011
29.03.2021 06:34:50.961 GMT-0700,62.852,62.698,0.011,0.011
29.03.2021 06:34:51.037 GMT-0700,62.823,62.697,0.011,0.011
29.03.2021 06:34:51.088 GMT-0700,62.853,62.717,0.011,0.011
29.03.2021 06:34:51.188 GMT-0700,62.852,62.698,0.011,0.011
29.03.2021 06:34:51.295 GMT-0700,62.762,62.698,0.0008,0.011
29.03.2021 06:34:51.345 GMT-0700,62.852,62.698,0.011,0.011
29.03.2021 06:34:51.493 GMT-0700,62.842,62.698,0.0075,0.011
29.03.2021 06:34:51.781 GMT-0700,62.833000000000006,62.697,0.0075,0.011
29.03.2021 06:34:51.939 GMT-0700,62.832,62.708000000000006,0.011,0.0075
29.03.2021 06:34:52.040 GMT-0700,62.833000000000006,62.717,0.011,0.011
29.03.2021 06:34:52.148 GMT-0700,62.822,62.718,0.0008,0.011
29.03.2021 06:34:52.199 GMT-0700,62.832,62.718,0.011,0.011
29.03.2021 06:34:52.501 GMT-0700,62.833000000000006,62.707,0.011,0.011
29.03.2021 06:34:53.038 GMT-0700,62.913000000000004,62.757,0.011,0.011
29.03.2021 06:34:53.138 GMT-0700,62.912,62.748000000000005,0.011,0.011
29.03.2021 06:34:53.657 GMT-0700,62.922,62.748000000000005,0.011,0.011
29.03.2021 06:34:53.708 GMT-0700,62.953,62.747,0.011,0.011
29.03.2021 06:34:54.137 GMT-0700,62.952,62.758,0.011,0.0075
29.03.2021 06:34:54.339 GMT-0700,62.953,62.747,0.011,0.011
29.03.2021 06:34:54.389 GMT-0700,62.943000000000005,62.747,0.011,0.011
29.03.2021 06:34:54.440 GMT-0700,62.952,62.748000000000005,0.011,0.011
29.03.2021 06:34:54.497 GMT-0700,62.952,62.778000000000006,0.011,0.011
29.03.2021 06:34:54.788 GMT-0700,62.892,62.778000000000006,0.0075,0.011
29.03.2021 06:34:54.976 GMT-0700,62.883,62.777,0.0075,0.011
29.03.2021 06:34:55.127 GMT-0700,62.842,62.748000000000005,0.011,0.011
29.03.2021 06:34:55.288 GMT-0700,62.862,62.778000000000006,0.011,0.011
29.03.2021 06:34:55.555 GMT-0700,62.862,62.808,0.011,0.0075
29.03.2021 06:34:55.605 GMT-0700,62.86300000000001,62.787,0.011,0.011
29.03.2021 06:34:55.901 GMT-0700,62.923,62.807,0.011,0.011
29.03.2021 06:34:56.050 GMT-0700,62.923,62.817,0.011,0.011
29.03.2021 06:34:56.491 GMT-0700,62.922,62.828,0.011,0.0075
29.03.2021 06:34:56.542 GMT-0700,62.922,62.818000000000005,0.011,0.011
29.03.2021 06:34:57.085 GMT-0700,62.913000000000004,62.817,0.0075,0.011
29.03.2021 06:34:57.185 GMT-0700,62.922,62.818000000000005,0.011,0.011
29.03.2021 06:34:57.367 GMT-0700,62.923,62.827,0.011,0.0075
29.03.2021 06:34:57.417 GMT-0700,62.923,62.817,0.011,0.011
29.03.2021 06:34:57.712 GMT-0700,62.913000000000004,62.817,0.011,0.011
29.03.2021 06:34:57.762 GMT-0700,62.922,62.818000000000005,0.011,0.011
29.03.2021 06:34:58.110 GMT-0700,62.922,62.848000000000006,0.011,0.0075
29.03.2021 06:34:58.211 GMT-0700,62.923,62.817,0.011,0.011
29.03.2021 06:34:58.530 GMT-0700,62.913000000000004,62.817,0.0075,0.011
29.03.2021 06:34:58.630 GMT-0700,62.932,62.73800000000001,0.011,0.011
29.03.2021 06:34:58.681 GMT-0700,62.923,62.737,0.011,0.011
29.03.2021 06:34:59.116 GMT-0700,62.922,62.838,0.011,0.011
29.03.2021 06:34:59.266 GMT-0700,62.933,62.836999999999996,0.011,0.011
29.03.2021 06:34:59.667 GMT-0700,62.883,62.836999999999996,0.0075,0.011
29.03.2021 06:34:59.717 GMT-0700,62.953,62.857,0.011,0.011
29.03.2021 06:34:59.768 GMT-0700,62.953,62.836999999999996,0.011,0.011
29.03.2021 06:34:59.830 GMT-0700,62.952,62.838,0.011,0.011
29.03.2021 06:35:00.050 GMT-0700,62.952,62.868,0.0075,0.011
29.03.2021 06:35:00.101 GMT-0700,62.972,62.868,0.011,0.011
29.03.2021 06:35:00.151 GMT-0700,62.953,62.867,0.011,0.011
29.03.2021 06:35:00.202 GMT-0700,62.972,62.868,0.011,0.011
29.03.2021 06:35:00.403 GMT-0700,62.973000000000006,62.867,0.011,0.011
29.03.2021 06:35:00.534 GMT-0700,62.963,62.877,0.0008,0.011
29.03.2021 06:35:00.976 GMT-0700,62.953,62.877,0.0075,0.011
29.03.2021 06:35:01.026 GMT-0700,62.982,62.878,0.011,0.011
29.03.2021 06:35:01.177 GMT-0700,62.992,62.918000000000006,0.011,0.011
29.03.2021 06:35:01.328 GMT-0700,62.982,62.918000000000006,0.011,0.011
29.03.2021 06:35:01.429 GMT-0700,62.992,62.918000000000006,0.011,0.011
29.03.2021 06:35:01.479 GMT-0700,62.993,62.947,0.011,0.011
29.03.2021 06:35:01.529 GMT-0700,62.992,62.918000000000006,0.011,0.011
29.03.2021 06:35:01.580 GMT-0700,62.992,62.928000000000004,0.011,0.011
29.03.2021 06:35:01.689 GMT-0700,62.993,62.917,0.011,0.011
29.03.2021 06:35:01.925 GMT-0700,62.992,62.928000000000004,0.011,0.011
29.03.2021 06:35:01.975 GMT-0700,62.993,62.917,0.011,0.011
29.03.2021 06:35:02.584 GMT-0700,63.003,62.917,0.011,0.011
29.03.2021 06:35:02.659 GMT-0700,63.003,62.917,0.011,0.011
29.03.2021 06:35:02.809 GMT-0700,63.003,62.967,0.011,0.011
29.03.2021 06:35:02.930 GMT-0700,62.992,62.878,0.011,0.011
29.03.2021 06:35:02.980 GMT-0700,63.003,62.887,0.011,0.011
29.03.2021 06:35:03.130 GMT-0700,63.003,62.877,0.011,0.011
29.03.2021 06:35:03.181 GMT-0700,63.002,62.958000000000006,0.011,0.011
29.03.2021 06:35:03.331 GMT-0700,62.992,62.958000000000006,0.0075,0.011
29.03.2021 06:35:03.381 GMT-0700,63.003,62.887,0.011,0.011
29.03.2021 06:35:03.442 GMT-0700,63.002,62.888000000000005,0.011,0.011
29.03.2021 06:35:03.492 GMT-0700,63.002,62.888000000000005,0.011,0.011
29.03.2021 06:35:03.565 GMT-0700,63.002,62.878,0.011,0.011
29.03.2021 06:35:03.616 GMT-0700,63.002,62.918000000000006,0.011,0.011
29.03.2021 06:35:04.435 GMT-0700,62.982,62.918000000000006,0.0075,0.011
29.03.2021 06:35:04.485 GMT-0700,63.003,62.917,0.011,0.011
29.03.2021 06:35:04.579 GMT-0700,62.945,62.918000000000006,0.0008,0.011
29.03.2021 06:35:04.629 GMT-0700,62.942,62.878,0.011,0.011
29.03.2021 06:35:05.116 GMT-0700,62.943000000000005,62.897,0.0008,0.0075
29.03.2021 06:35:05.166 GMT-0700,62.882,62.808,0.011,0.011
29.03.2021 06:35:05.217 GMT-0700,62.902,62.818000000000005,0.011,0.011
29.03.2021 06:35:05.318 GMT-0700,62.902,62.798,0.011,0.011
29.03.2021 06:35:05.518 GMT-0700,62.913000000000004,62.797,0.011,0.011
29.03.2021 06:35:05.610 GMT-0700,62.902,62.798,0.0008,0.011
29.03.2021 06:35:05.661 GMT-0700,62.961999999999996,62.858000000000004,0.011,0.011
29.03.2021 06:35:05.881 GMT-0700,62.963,62.857,0.011,0.011
29.03.2021 06:35:05.931 GMT-0700,62.961999999999996,62.858000000000004,0.011,0.011
29.03.2021 06:35:06.043 GMT-0700,62.973000000000006,62.857,0.011,0.011
29.03.2021 06:35:06.094 GMT-0700,63.003,62.857,0.011,0.011
29.03.2021 06:35:06.194 GMT-0700,62.992,62.858000000000004,0.011,0.011
29.03.2021 06:35:06.345 GMT-0700,62.992,62.878,0.011,0.011
29.03.2021 06:35:06.619 GMT-0700,62.992,62.878,0.011,0.011
29.03.2021 06:35:06.670 GMT-0700,62.993,62.877,0.011,0.011
29.03.2021 06:35:07.081 GMT-0700,62.993,62.877,0.011,0.011
29.03.2021 06:35:07.251 GMT-0700,63.002,62.918000000000006,0.011,0.011
29.03.2021 06:35:08.325 GMT-0700,62.982,62.918000000000006,0.0075,0.011
29.03.2021 06:35:08.476 GMT-0700,62.993,62.917,0.011,0.011
29.03.2021 06:35:09.318 GMT-0700,62.993,62.937,0.011,0.0075
29.03.2021 06:35:09.368 GMT-0700,63.003,62.917,0.011,0.011
29.03.2021 06:35:10.963 GMT-0700,63.002,62.958000000000006,0.011,0.011
29.03.2021 06:35:11.014 GMT-0700,63.003,62.857,0.011,0.011
29.03.2021 06:35:11.064 GMT-0700,63.002,62.888000000000005,0.011,0.011
29.03.2021 06:35:11.793 GMT-0700,63.003,62.937,0.011,0.011
29.03.2021 06:35:11.994 GMT-0700,63.003,62.937,0.011,0.011
29.03.2021 06:35:12.044 GMT-0700,63.003,62.937,0.011,0.011
29.03.2021 06:35:12.786 GMT-0700,62.961999999999996,62.888000000000005,0.011,0.011
29.03.2021 06:35:12.837 GMT-0700,62.973000000000006,62.887,0.011,0.011
29.03.2021 06:35:12.937 GMT-0700,62.993,62.877,0.011,0.011
29.03.2021 06:35:13.053 GMT-0700,62.992,62.918000000000006,0.011,0.0075
29.03.2021 06:35:13.203 GMT-0700,62.982,62.918000000000006,0.011,0.011
29.03.2021 06:35:13.254 GMT-0700,62.993,62.917,0.011,0.011
29.03.2021 06:35:13.715 GMT-0700,62.993,62.947,0.011,0.011
29.03.2021 06:35:13.816 GMT-0700,62.992,62.918000000000006,0.011,0.011
29.03.2021 06:35:13.936 GMT-0700,62.992,62.958000000000006,0.0008,0.0075
29.03.2021 06:35:14.015 GMT-0700,63.002,62.958000000000006,0.011,0.011
29.03.2021 06:35:14.066 GMT-0700,63.002,62.918000000000006,0.011,0.011
29.03.2021 06:35:14.116 GMT-0700,63.002,62.958000000000006,0.011,0.011
29.03.2021 06:35:14.167 GMT-0700,63.093,62.917,0.011,0.011
29.03.2021 06:35:14.268 GMT-0700,63.082,62.918000000000006,0.011,0.011
29.03.2021 06:35:14.432 GMT-0700,63.082,62.928000000000004,0.011,0.011
29.03.2021 06:35:14.722 GMT-0700,63.012,62.878,0.0075,0.011
29.03.2021 06:35:14.823 GMT-0700,63.023,62.877,0.011,0.011
29.03.2021 06:35:14.936 GMT-0700,63.093,62.987,0.011,0.011
29.03.2021 06:35:15.107 GMT-0700,63.053000000000004,62.947,0.011,0.0075
29.03.2021 06:35:15.157 GMT-0700,63.053000000000004,62.937,0.011,0.011
29.03.2021 06:35:15.432 GMT-0700,63.053000000000004,62.947,0.0008,0.0075
29.03.2021 06:35:15.482 GMT-0700,63.063,62.937,0.011,0.011
29.03.2021 06:35:15.705 GMT-0700,63.063,63.007,0.0008,0.0075
29.03.2021 06:35:15.755 GMT-0700,63.143,63.007,0.011,0.011
29.03.2021 06:35:15.817 GMT-0700,63.143,63.037,0.011,0.0075
29.03.2021 06:35:15.867 GMT-0700,63.152,63.038000000000004,0.011,0.011
29.03.2021 06:35:15.964 GMT-0700,63.153000000000006,63.057,0.0008,0.0075
29.03.2021 06:35:16.014 GMT-0700,63.183,63.037,0.011,0.011
29.03.2021 06:35:16.172 GMT-0700,63.153000000000006,63.037,0.011,0.011
29.03.2021 06:35:16.283 GMT-0700,63.122,63.038000000000004,0.0075,0.011
29.03.2021 06:35:16.444 GMT-0700,63.102,63.038000000000004,0.0075,0.011
29.03.2021 06:35:16.495 GMT-0700,63.123000000000005,63.037,0.011,0.011
29.03.2021 06:35:16.601 GMT-0700,63.102,63.038000000000004,0.011,0.011
29.03.2021 06:35:16.651 GMT-0700,63.112,63.038000000000004,0.011,0.011
29.03.2021 06:35:16.702 GMT-0700,63.143,63.037,0.011,0.011
29.03.2021 06:35:16.930 GMT-0700,63.152,63.038000000000004,0.011,0.011
29.03.2021 06:35:16.981 GMT-0700,63.153000000000006,63.047,0.011,0.011
29.03.2021 06:35:17.031 GMT-0700,63.152,63.038000000000004,0.011,0.011
29.03.2021 06:35:17.081 GMT-0700,63.152,63.048,0.011,0.011
29.03.2021 06:35:17.299 GMT-0700,63.122,63.038000000000004,0.011,0.011
29.03.2021 06:35:17.399 GMT-0700,63.183,63.037,0.011,0.011
29.03.2021 06:35:17.450 GMT-0700,63.223000000000006,63.086999999999996,0.011,0.011
29.03.2021 06:35:17.500 GMT-0700,63.223000000000006,63.027,0.011,0.011
29.03.2021 06:35:17.550 GMT-0700,63.222,63.078,0.011,0.011
29.03.2021 06:35:17.660 GMT-0700,63.203,63.077,0.0075,0.011
29.03.2021 06:35:17.761 GMT-0700,63.162,63.078,0.011,0.011
29.03.2021 06:35:17.811 GMT-0700,63.193000000000005,63.077,0.011,0.011
29.03.2021 06:35:17.861 GMT-0700,63.183,63.077,0.011,0.011
29.03.2021 06:35:18.011 GMT-0700,63.182,63.088,0.011,0.011
29.03.2021 06:35:18.154 GMT-0700,63.203,63.027,0.011,0.011
29.03.2021 06:35:18.204 GMT-0700,63.172,63.028000000000006,0.011,0.011
29.03.2021 06:35:18.355 GMT-0700,63.182,63.078,0.011,0.011
29.03.2021 06:35:18.431 GMT-0700,63.242,63.118,0.011,0.011
29.03.2021 06:35:18.532 GMT-0700,63.162,63.078,0.011,0.011
29.03.2021 06:35:18.582 GMT-0700,63.243,63.077,0.011,0.011
29.03.2021 06:35:18.938 GMT-0700,63.242,63.088,0.011,0.0075
29.03.2021 06:35:19.051 GMT-0700,63.312,63.168000000000006,0.011,0.011
29.03.2021 06:35:19.101 GMT-0700,63.322,63.168000000000006,0.011,0.011
29.03.2021 06:35:19.152 GMT-0700,63.302,63.168000000000006,0.011,0.011
29.03.2021 06:35:19.575 GMT-0700,63.292,63.168000000000006,0.011,0.011
29.03.2021 06:35:19.676 GMT-0700,63.302,63.178000000000004,0.011,0.011
29.03.2021 06:35:19.726 GMT-0700,63.302,63.168000000000006,0.011,0.011
29.03.2021 06:35:19.836 GMT-0700,63.302,63.168000000000006,0.011,0.011
29.03.2021 06:35:19.887 GMT-0700,63.303000000000004,63.167,0.011,0.011
29.03.2021 06:35:20.016 GMT-0700,63.302,63.208000000000006,0.011,0.0075
29.03.2021 06:35:20.066 GMT-0700,63.303000000000004,63.167,0.011,0.011
29.03.2021 06:35:20.167 GMT-0700,63.263000000000005,63.167,0.011,0.011
29.03.2021 06:35:20.217 GMT-0700,63.273,63.167,0.011,0.011
29.03.2021 06:35:20.457 GMT-0700,63.272,63.178000000000004,0.011,0.011
29.03.2021 06:35:20.507 GMT-0700,63.272,63.168000000000006,0.011,0.011
29.03.2021 06:35:20.651 GMT-0700,63.263000000000005,63.167,0.011,0.011
29.03.2021 06:35:20.910 GMT-0700,63.262,63.218,0.0008,0.0075
29.03.2021 06:35:20.960 GMT-0700,63.333000000000006,63.167,0.011,0.011
29.03.2021 06:35:21.010 GMT-0700,63.303000000000004,63.157,0.011,0.011
29.03.2021 06:35:21.061 GMT-0700,63.342,63.158,0.011,0.011
29.03.2021 06:35:21.111 GMT-0700,63.342,63.208000000000006,0.011,0.011
29.03.2021 06:35:21.291 GMT-0700,63.233000000000004,63.137,0.0075,0.011
29.03.2021 06:35:21.341 GMT-0700,63.232,63.068000000000005,0.011,0.011
29.03.2021 06:35:21.466 GMT-0700,63.223000000000006,63.067,0.0075,0.011
29.03.2021 06:35:21.516 GMT-0700,63.233000000000004,63.067,0.011,0.011
29.03.2021 06:35:21.668 GMT-0700,63.152,63.068000000000005,0.0075,0.011
29.03.2021 06:35:21.718 GMT-0700,63.233000000000004,63.067,0.011,0.011
29.03.2021 06:35:22.028 GMT-0700,63.223000000000006,63.067,0.0008,0.011
29.03.2021 06:35:22.078 GMT-0700,63.233000000000004,63.067,0.011,0.011
29.03.2021 06:35:22.488 GMT-0700,63.183,63.067,0.0008,0.0075
29.03.2021 06:35:22.538 GMT-0700,63.203,62.987,0.011,0.011
29.03.2021 06:35:22.638 GMT-0700,63.203,62.977,0.011,0.011
29.03.2021 06:35:22.689 GMT-0700,63.11300000000001,62.977,0.0008,0.011
29.03.2021 06:35:23.082 GMT-0700,63.102,63.008,0.0075,0.0075
29.03.2021 06:35:23.132 GMT-0700,63.112,63.008,0.011,0.011
29.03.2021 06:35:23.269 GMT-0700,63.11300000000001,63.017,0.011,0.0075
29.03.2021 06:35:23.320 GMT-0700,63.11300000000001,63.007,0.011,0.011
29.03.2021 06:35:23.427 GMT-0700,63.103,63.007,0.0008,0.011
29.03.2021 06:35:23.477 GMT-0700,63.112,63.008,0.011,0.011
29.03.2021 06:35:23.665 GMT-0700,63.102,63.008,0.0075,0.011
29.03.2021 06:35:23.766 GMT-0700,63.11300000000001,63.007,0.011,0.011
29.03.2021 06:35:23.888 GMT-0700,63.103,63.007,0.0008,0.011
29.03.2021 06:35:24.042 GMT-0700,63.11300000000001,63.017,0.011,0.011
29.03.2021 06:35:24.292 GMT-0700,63.11300000000001,63.007,0.011,0.011
29.03.2021 06:35:24.342 GMT-0700,63.082,63.018,0.011,0.011
29.03.2021 06:35:24.393 GMT-0700,63.163000000000004,63.047,0.011,0.011
29.03.2021 06:35:24.443 GMT-0700,63.162,63.058,0.011,0.011
29.03.2021 06:35:24.493 GMT-0700,63.162,63.008,0.011,0.011
29.03.2021 06:35:24.657 GMT-0700,63.163000000000004,63.086999999999996,0.011,0.0075
29.03.2021 06:35:24.707 GMT-0700,63.232,63.008,0.011,0.011
29.03.2021 06:35:24.758 GMT-0700,63.222,63.048,0.011,0.011
29.03.2021 06:35:24.859 GMT-0700,63.172,63.008,0.011,0.011
29.03.2021 06:35:24.996 GMT-0700,63.242,63.008,0.011,0.011
29.03.2021 06:35:25.052 GMT-0700,63.233000000000004,63.007,0.0008,0.011
29.03.2021 06:35:25.103 GMT-0700,63.232,63.008,0.011,0.011
29.03.2021 06:35:25.210 GMT-0700,63.242,63.008,0.0008,0.011
29.03.2021 06:35:25.261 GMT-0700,63.233000000000004,63.187,0.011,0.011
29.03.2021 06:35:25.311 GMT-0700,63.211999999999996,63.058,0.011,0.011
29.03.2021 06:35:25.412 GMT-0700,63.253,63.067,0.011,0.011
29.03.2021 06:35:25.517 GMT-0700,63.253,63.057,0.011,0.011
29.03.2021 06:35:25.617 GMT-0700,63.342,63.128,0.011,0.011
29.03.2021 06:35:25.667 GMT-0700,63.243,63.097,0.011,0.011
29.03.2021 06:35:25.779 GMT-0700,63.263000000000005,63.057,0.011,0.011
29.03.2021 06:35:25.980 GMT-0700,63.263000000000005,63.057,0.011,0.011
29.03.2021 06:35:26.030 GMT-0700,63.332,63.138000000000005,0.011,0.011
29.03.2021 06:35:26.081 GMT-0700,63.322,63.138000000000005,0.0008,0.011
29.03.2021 06:35:26.182 GMT-0700,63.333000000000006,63.137,0.011,0.011
29.03.2021 06:35:26.232 GMT-0700,63.272,63.138000000000005,0.011,0.011
29.03.2021 06:35:26.283 GMT-0700,63.283,63.137,0.011,0.011
29.03.2021 06:35:26.743 GMT-0700,63.342,63.128,0.011,0.011
29.03.2021 06:35:27.222 GMT-0700,63.333000000000006,63.137,0.0075,0.0075
29.03.2021 06:35:27.273 GMT-0700,63.342,63.128,0.011,0.011
29.03.2021 06:35:27.570 GMT-0700,63.342,63.188,0.011,0.0075
29.03.2021 06:35:27.620 GMT-0700,63.342,63.128,0.011,0.011
29.03.2021 06:35:27.754 GMT-0700,63.332,63.128,0.0008,0.011
29.03.2021 06:35:27.804 GMT-0700,63.343,63.127,0.011,0.011
29.03.2021 06:35:27.935 GMT-0700,63.293000000000006,63.127,0.0075,0.011
29.03.2021 06:35:28.253 GMT-0700,63.292,63.178000000000004,0.0008,0.0075
29.03.2021 06:35:28.303 GMT-0700,63.403000000000006,63.177,0.011,0.011
29.03.2021 06:35:28.354 GMT-0700,63.402,63.308,0.011,0.011
29.03.2021 06:35:28.404 GMT-0700,63.392,63.288000000000004,0.011,0.011
29.03.2021 06:35:28.558 GMT-0700,63.412,63.23800000000001,0.011,0.011
29.03.2021 06:35:28.609 GMT-0700,63.463,63.347,0.011,0.011
29.03.2021 06:35:28.660 GMT-0700,63.413000000000004,63.237,0.011,0.011
29.03.2021 06:35:28.815 GMT-0700,63.433,63.237,0.011,0.011
29.03.2021 06:35:28.865 GMT-0700,63.432,63.248000000000005,0.011,0.011
29.03.2021 06:35:28.982 GMT-0700,63.432,63.23800000000001,0.011,0.011
29.03.2021 06:35:29.215 GMT-0700,63.443000000000005,63.237,0.011,0.011
29.03.2021 06:35:29.316 GMT-0700,63.472,63.23800000000001,0.011,0.011
29.03.2021 06:35:29.449 GMT-0700,63.472,63.23800000000001,0.011,0.011
29.03.2021 06:35:29.550 GMT-0700,63.461999999999996,63.328,0.011,0.011
29.03.2021 06:35:29.601 GMT-0700,63.461999999999996,63.23800000000001,0.011,0.011
29.03.2021 06:35:29.702 GMT-0700,63.472,63.23800000000001,0.011,0.011
29.03.2021 06:35:29.776 GMT-0700,63.452,63.23800000000001,0.0008,0.011
29.03.2021 06:35:29.927 GMT-0700,63.432,63.23800000000001,0.011,0.011
29.03.2021 06:35:30.028 GMT-0700,63.452,63.308,0.011,0.011
29.03.2021 06:35:30.227 GMT-0700,63.432,63.318000000000005,0.011,0.011
29.03.2021 06:35:30.278 GMT-0700,63.432,63.308,0.011,0.011
29.03.2021 06:35:30.331 GMT-0700,63.432,63.308,0.011,0.011
29.03.2021 06:35:30.381 GMT-0700,63.443000000000005,63.307,0.011,0.011
29.03.2021 06:35:30.582 GMT-0700,63.472,63.308,0.011,0.011
29.03.2021 06:35:30.720 GMT-0700,63.473000000000006,63.307,0.011,0.011
29.03.2021 06:35:30.771 GMT-0700,63.473000000000006,63.336999999999996,0.011,0.011
29.03.2021 06:35:30.871 GMT-0700,63.461999999999996,63.318000000000005,0.011,0.011
29.03.2021 06:35:30.929 GMT-0700,63.463,63.317,0.0075,0.011
29.03.2021 06:35:30.979 GMT-0700,63.472,63.308,0.011,0.011
29.03.2021 06:35:31.029 GMT-0700,63.473000000000006,63.347,0.011,0.011
29.03.2021 06:35:31.130 GMT-0700,63.472,63.308,0.011,0.011
29.03.2021 06:35:31.180 GMT-0700,63.473000000000006,63.347,0.011,0.011
29.03.2021 06:35:31.280 GMT-0700,63.442,63.308,0.011,0.011
29.03.2021 06:35:31.396 GMT-0700,63.472,63.308,0.011,0.011
29.03.2021 06:35:31.457 GMT-0700,63.472,63.318000000000005,0.011,0.0075
29.03.2021 06:35:31.507 GMT-0700,63.472,63.308,0.011,0.011
29.03.2021 06:35:31.558 GMT-0700,63.473000000000006,63.317,0.011,0.011
29.03.2021 06:35:31.670 GMT-0700,63.402,63.388000000000005,0.0008,0.0075
29.03.2021 06:35:31.720 GMT-0700,63.552,63.318000000000005,0.011,0.011
29.03.2021 06:35:31.770 GMT-0700,63.532,63.368,0.011,0.011
29.03.2021 06:35:31.871 GMT-0700,63.582,63.368,0.011,0.011
29.03.2021 06:35:31.921 GMT-0700,63.533,63.367,0.011,0.011
29.03.2021 06:35:32.035 GMT-0700,63.532,63.388000000000005,0.011,0.0075
29.03.2021 06:35:32.086 GMT-0700,63.533,63.307,0.011,0.011
29.03.2021 06:35:32.136 GMT-0700,63.532,63.318000000000005,0.011,0.011
29.03.2021 06:35:32.538 GMT-0700,63.522,63.338,0.011,0.011
29.03.2021 06:35:32.688 GMT-0700,63.523,63.336999999999996,0.011,0.011
29.03.2021 06:35:32.739 GMT-0700,63.522,63.338,0.011,0.011
29.03.2021 06:35:33.150 GMT-0700,63.482,63.338,0.011,0.011
29.03.2021 06:35:33.201 GMT-0700,63.602,63.318000000000005,0.011,0.011
29.03.2021 06:35:33.251 GMT-0700,63.602,63.348000000000006,0.011,0.011
29.03.2021 06:35:33.301 GMT-0700,63.602,63.338,0.011,0.011
29.03.2021 06:35:33.448 GMT-0700,63.612,63.318000000000005,0.011,0.011
29.03.2021 06:35:33.498 GMT-0700,63.61300000000001,63.336999999999996,0.011,0.011
29.03.2021 06:35:33.642 GMT-0700,63.612,63.318000000000005,0.011,0.011
29.03.2021 06:35:33.693 GMT-0700,63.603,63.317,0.011,0.011
29.03.2021 06:35:33.794 GMT-0700,63.612,63.338,0.011,0.011
29.03.2021 06:35:33.895 GMT-0700,63.61300000000001,63.317,0.011,0.011
29.03.2021 06:35:34.071 GMT-0700,63.522,63.318000000000005,0.0075,0.011
29.03.2021 06:35:34.172 GMT-0700,63.422,63.318000000000005,0.0075,0.011
29.03.2021 06:35:34.273 GMT-0700,63.453,63.307,0.011,0.011
29.03.2021 06:35:34.539 GMT-0700,63.442,63.308,0.0075,0.011
29.03.2021 06:35:34.652 GMT-0700,63.353,63.307,0.0075,0.011
29.03.2021 06:35:34.702 GMT-0700,63.322,63.198,0.011,0.011
29.03.2021 06:35:34.753 GMT-0700,63.463,63.177,0.011,0.011
29.03.2021 06:35:34.803 GMT-0700,63.452,63.268,0.011,0.011
29.03.2021 06:35:34.853 GMT-0700,63.452,63.258,0.011,0.011
29.03.2021 06:35:34.954 GMT-0700,63.452,63.178000000000004,0.011,0.011
29.03.2021 06:35:35.041 GMT-0700,63.442,63.178000000000004,0.0008,0.011
29.03.2021 06:35:35.192 GMT-0700,63.402,63.178000000000004,0.011,0.011
29.03.2021 06:35:35.342 GMT-0700,63.382,63.228,0.011,0.011
29.03.2021 06:35:35.393 GMT-0700,63.383,63.177,0.011,0.011
29.03.2021 06:35:35.605 GMT-0700,63.382,63.298,0.0008,0.0075
29.03.2021 06:35:35.655 GMT-0700,63.453,63.257,0.011,0.011
29.03.2021 06:35:35.705 GMT-0700,63.442,63.258,0.011,0.011
29.03.2021 06:35:35.817 GMT-0700,63.432,63.268,0.011,0.011
29.03.2021 06:35:36.044 GMT-0700,63.452,63.258,0.011,0.011
29.03.2021 06:35:36.155 GMT-0700,63.492,63.318000000000005,0.011,0.011
29.03.2021 06:35:36.205 GMT-0700,63.423,63.237,0.011,0.011
29.03.2021 06:35:36.454 GMT-0700,63.423,63.247,0.011,0.0075
29.03.2021 06:35:36.617 GMT-0700,63.423,63.247,0.011,0.011
29.03.2021 06:35:36.668 GMT-0700,63.423,63.277,0.011,0.011
29.03.2021 06:35:36.736 GMT-0700,63.422,63.288000000000004,0.011,0.011
29.03.2021 06:35:37.054 GMT-0700,63.412,63.288000000000004,0.0008,0.011
29.03.2021 06:35:37.204 GMT-0700,63.422,63.288000000000004,0.011,0.011
29.03.2021 06:35:37.338 GMT-0700,63.423,63.287,0.011,0.011
29.03.2021 06:35:37.389 GMT-0700,63.423,63.287,0.011,0.011
29.03.2021 06:35:37.439 GMT-0700,63.353,63.277,0.011,0.011
29.03.2021 06:35:37.489 GMT-0700,63.36300000000001,63.277,0.011,0.011
29.03.2021 06:35:37.608 GMT-0700,63.482,63.278000000000006,0.011,0.011
29.03.2021 06:35:37.676 GMT-0700,63.452,63.278000000000006,0.0008,0.011
29.03.2021 06:35:37.782 GMT-0700,63.442,63.278000000000006,0.0008,0.011
29.03.2021 06:35:37.984 GMT-0700,63.453,63.277,0.011,0.011
29.03.2021 06:35:38.237 GMT-0700,63.443000000000005,63.277,0.0075,0.011
29.03.2021 06:35:38.441 GMT-0700,63.432,63.278000000000006,0.0008,0.011
29.03.2021 06:35:38.492 GMT-0700,63.453,63.277,0.011,0.011
29.03.2021 06:35:38.551 GMT-0700,63.453,63.307,0.011,0.0075
29.03.2021 06:35:38.724 GMT-0700,63.453,63.367,0.0008,0.0075
29.03.2021 06:35:38.774 GMT-0700,63.443000000000005,63.317,0.011,0.011
29.03.2021 06:35:38.959 GMT-0700,63.493,63.317,0.0075,0.011
29.03.2021 06:35:39.060 GMT-0700,63.503,63.317,0.011,0.011
29.03.2021 06:35:39.168 GMT-0700,63.503,63.327,0.011,0.011
29.03.2021 06:35:39.289 GMT-0700,63.392,63.248000000000005,0.011,0.011
29.03.2021 06:35:39.339 GMT-0700,63.453,63.247,0.011,0.011
29.03.2021 06:35:39.551 GMT-0700,63.423,63.247,0.011,0.011
29.03.2021 06:35:39.602 GMT-0700,63.492,63.248000000000005,0.011,0.011
29.03.2021 06:35:39.727 GMT-0700,63.503,63.257,0.011,0.0075
29.03.2021 06:35:39.827 GMT-0700,63.502,63.248000000000005,0.011,0.011
29.03.2021 06:35:39.877 GMT-0700,63.492,63.248000000000005,0.011,0.011
29.03.2021 06:35:40.061 GMT-0700,63.492,63.378,0.011,0.011
29.03.2021 06:35:40.111 GMT-0700,63.492,63.308,0.011,0.011
29.03.2021 06:35:40.161 GMT-0700,63.463,63.307,0.011,0.011
29.03.2021 06:35:40.322 GMT-0700,63.463,63.407,0.0008,0.0075
29.03.2021 06:35:40.372 GMT-0700,63.553000000000004,63.357,0.011,0.011
29.03.2021 06:35:40.422 GMT-0700,63.563,63.367,0.011,0.011
29.03.2021 06:35:40.671 GMT-0700,63.543000000000006,63.367,0.0008,0.011
29.03.2021 06:35:40.772 GMT-0700,63.542,63.318000000000005,0.011,0.011
29.03.2021 06:35:40.822 GMT-0700,63.543000000000006,63.327,0.011,0.011
29.03.2021 06:35:40.908 GMT-0700,63.543000000000006,63.317,0.011,0.011
29.03.2021 06:35:41.201 GMT-0700,63.532,63.318000000000005,0.0008,0.011
29.03.2021 06:35:41.313 GMT-0700,63.532,63.318000000000005,0.011,0.011
29.03.2021 06:35:41.363 GMT-0700,63.61300000000001,63.387,0.011,0.011
29.03.2021 06:35:41.418 GMT-0700,63.552,63.388000000000005,0.0008,0.011
29.03.2021 06:35:41.519 GMT-0700,63.612,63.388000000000005,0.011,0.011
29.03.2021 06:35:41.574 GMT-0700,63.602,63.388000000000005,0.0008,0.011
29.03.2021 06:35:41.874 GMT-0700,63.592,63.388000000000005,0.0008,0.011
29.03.2021 06:35:41.925 GMT-0700,63.553000000000004,63.307,0.011,0.011
29.03.2021 06:35:41.975 GMT-0700,63.602,63.388000000000005,0.011,0.011
29.03.2021 06:35:42.146 GMT-0700,63.482,63.358000000000004,0.0075,0.011
29.03.2021 06:35:42.197 GMT-0700,63.603,63.357,0.011,0.011
29.03.2021 06:35:42.427 GMT-0700,63.513000000000005,63.357,0.0008,0.011
29.03.2021 06:35:42.477 GMT-0700,63.602,63.348000000000006,0.011,0.011
29.03.2021 06:35:42.528 GMT-0700,63.523,63.387,0.011,0.011
29.03.2021 06:35:43.145 GMT-0700,63.533,63.387,0.011,0.011
29.03.2021 06:35:43.246 GMT-0700,63.563,63.387,0.011,0.011
29.03.2021 06:35:43.296 GMT-0700,63.512,63.388000000000005,0.011,0.011
29.03.2021 06:35:43.496 GMT-0700,63.513000000000005,63.417,0.011,0.011
29.03.2021 06:35:43.596 GMT-0700,63.512,63.388000000000005,0.011,0.011
29.03.2021 06:35:43.737 GMT-0700,63.512,63.448,0.011,0.011
29.03.2021 06:35:43.787 GMT-0700,63.512,63.398,0.011,0.011
29.03.2021 06:35:43.838 GMT-0700,63.513000000000005,63.387,0.011,0.011
29.03.2021 06:35:43.934 GMT-0700,63.563,63.387,0.011,0.011
29.03.2021 06:35:44.200 GMT-0700,63.563,63.387,0.0075,0.011
29.03.2021 06:35:44.250 GMT-0700,63.573,63.387,0.011,0.011
29.03.2021 06:35:44.349 GMT-0700,63.572,63.388000000000005,0.011,0.011
29.03.2021 06:35:44.668 GMT-0700,63.532,63.398,0.011,0.011
29.03.2021 06:35:44.718 GMT-0700,63.542,63.398,0.011,0.011
29.03.2021 06:35:44.769 GMT-0700,63.622,63.418000000000006,0.011,0.011
29.03.2021 06:35:44.986 GMT-0700,63.623000000000005,63.427,0.011,0.011
29.03.2021 06:35:45.381 GMT-0700,63.623000000000005,63.417,0.011,0.011
29.03.2021 06:35:45.434 GMT-0700,63.623000000000005,63.417,0.011,0.011
29.03.2021 06:35:45.484 GMT-0700,63.622,63.468,0.011,0.011
29.03.2021 06:35:45.735 GMT-0700,63.673,63.467,0.011,0.011
29.03.2021 06:35:45.830 GMT-0700,63.673,63.507,0.011,0.0075
29.03.2021 06:35:45.931 GMT-0700,63.711999999999996,63.468,0.011,0.011
29.03.2021 06:35:45.981 GMT-0700,63.593,63.467,0.011,0.011
29.03.2021 06:35:46.031 GMT-0700,63.61300000000001,63.417,0.011,0.011
29.03.2021 06:35:46.308 GMT-0700,63.663000000000004,63.497,0.011,0.011
29.03.2021 06:35:46.411 GMT-0700,63.662,63.428000000000004,0.011,0.011
29.03.2021 06:35:46.521 GMT-0700,63.662,63.498000000000005,0.011,0.0075
29.03.2021 06:35:46.571 GMT-0700,63.663000000000004,63.417,0.011,0.011
29.03.2021 06:35:46.656 GMT-0700,63.662,63.498000000000005,0.011,0.0075
29.03.2021 06:35:46.757 GMT-0700,63.642,63.498000000000005,0.011,0.011
29.03.2021 06:35:46.807 GMT-0700,63.663000000000004,63.497,0.011,0.011
29.03.2021 06:35:46.907 GMT-0700,63.682,63.508,0.011,0.011
29.03.2021 06:35:47.022 GMT-0700,63.693000000000005,63.507,0.011,0.011
29.03.2021 06:35:47.076 GMT-0700,63.692,63.518,0.011,0.0075
29.03.2021 06:35:47.176 GMT-0700,63.792,63.508,0.011,0.011
29.03.2021 06:35:47.226 GMT-0700,63.702,63.508,0.011,0.011
29.03.2021 06:35:47.327 GMT-0700,63.683,63.497,0.011,0.011
29.03.2021 06:35:47.377 GMT-0700,63.692,63.498000000000005,0.011,0.011
29.03.2021 06:35:47.654 GMT-0700,63.693000000000005,63.507,0.011,0.0075
29.03.2021 06:35:47.755 GMT-0700,63.773,63.557,0.011,0.011
29.03.2021 06:35:47.805 GMT-0700,63.742,63.558,0.011,0.011
29.03.2021 06:35:47.919 GMT-0700,63.772,63.558,0.011,0.011
29.03.2021 06:35:47.969 GMT-0700,63.843,63.627,0.011,0.011
29.03.2021 06:35:48.136 GMT-0700,63.823,63.627,0.0008,0.011
29.03.2021 06:35:48.236 GMT-0700,63.843,63.627,0.011,0.011
29.03.2021 06:35:48.287 GMT-0700,63.802,63.628,0.011,0.011
29.03.2021 06:35:48.337 GMT-0700,63.802,63.558,0.011,0.011
29.03.2021 06:35:48.421 GMT-0700,63.802,63.728,0.011,0.011
29.03.2021 06:35:48.472 GMT-0700,63.803000000000004,63.617,0.011,0.011
29.03.2021 06:35:48.522 GMT-0700,63.783,63.627,0.011,0.011
29.03.2021 06:35:48.572 GMT-0700,63.783,63.617,0.011,0.011
29.03.2021 06:35:48.673 GMT-0700,63.802,63.648,0.011,0.011
29.03.2021 06:35:48.823 GMT-0700,63.852,63.668000000000006,0.011,0.011
29.03.2021 06:35:48.874 GMT-0700,63.792,63.668000000000006,0.011,0.011
29.03.2021 06:35:48.924 GMT-0700,63.802,63.668000000000006,0.011,0.011
29.03.2021 06:35:49.102 GMT-0700,63.803000000000004,63.647,0.011,0.011
29.03.2021 06:35:49.171 GMT-0700,63.803000000000004,63.667,0.011,0.011
29.03.2021 06:35:49.221 GMT-0700,63.803000000000004,63.647,0.011,0.011
29.03.2021 06:35:49.322 GMT-0700,63.853,63.667,0.011,0.011
29.03.2021 06:35:49.372 GMT-0700,63.782,63.648,0.011,0.011
29.03.2021 06:35:49.422 GMT-0700,63.853,63.647,0.011,0.011
29.03.2021 06:35:49.472 GMT-0700,63.852,63.748000000000005,0.011,0.011
29.03.2021 06:35:49.523 GMT-0700,63.852,63.618,0.011,0.011
29.03.2021 06:35:49.573 GMT-0700,63.852,63.668000000000006,0.011,0.011
29.03.2021 06:35:49.761 GMT-0700,63.803000000000004,63.667,0.0008,0.011
29.03.2021 06:35:49.937 GMT-0700,63.792,63.668000000000006,0.0008,0.011
29.03.2021 06:35:49.988 GMT-0700,63.852,63.668000000000006,0.011,0.011
29.03.2021 06:35:50.038 GMT-0700,63.853,63.717,0.011,0.011
29.03.2021 06:35:50.089 GMT-0700,63.853,63.677,0.011,0.011
29.03.2021 06:35:50.286 GMT-0700,63.812,63.678000000000004,0.0008,0.0075
29.03.2021 06:35:50.336 GMT-0700,63.833000000000006,63.617,0.011,0.011
29.03.2021 06:35:50.387 GMT-0700,63.843,63.637,0.011,0.011
29.03.2021 06:35:50.793 GMT-0700,63.843,63.667,0.011,0.0075
29.03.2021 06:35:50.844 GMT-0700,63.852,63.668000000000006,0.011,0.011
29.03.2021 06:35:51.120 GMT-0700,63.832,63.668000000000006,0.0075,0.011
29.03.2021 06:35:51.170 GMT-0700,63.853,63.667,0.011,0.011
29.03.2021 06:35:51.321 GMT-0700,63.853,63.687,0.011,0.011
29.03.2021 06:35:51.546 GMT-0700,63.853,63.697,0.011,0.0075
29.03.2021 06:35:51.728 GMT-0700,63.852,63.698,0.011,0.011
29.03.2021 06:35:52.130 GMT-0700,63.853,63.797,0.011,0.0075
29.03.2021 06:35:52.182 GMT-0700,63.853,63.767,0.011,0.011
29.03.2021 06:35:52.282 GMT-0700,63.883,63.767,0.011,0.011
29.03.2021 06:35:52.382 GMT-0700,63.903000000000006,63.727,0.011,0.011
29.03.2021 06:35:52.735 GMT-0700,63.903000000000006,63.836999999999996,0.011,0.011
29.03.2021 06:35:52.786 GMT-0700,63.903000000000006,63.727,0.011,0.011
29.03.2021 06:35:52.836 GMT-0700,63.892,63.728,0.011,0.011
29.03.2021 06:35:53.140 GMT-0700,64.002,63.848000000000006,0.011,0.011
29.03.2021 06:35:53.191 GMT-0700,64.003,63.727,0.011,0.011
29.03.2021 06:35:53.293 GMT-0700,63.883,63.727,0.0075,0.011
29.03.2021 06:35:53.343 GMT-0700,64.003,63.727,0.011,0.011
29.03.2021 06:35:53.491 GMT-0700,63.953,63.727,0.0008,0.011
29.03.2021 06:35:53.641 GMT-0700,63.952,63.668000000000006,0.011,0.011
29.03.2021 06:35:54.164 GMT-0700,63.842,63.668000000000006,0.0075,0.011
29.03.2021 06:35:54.215 GMT-0700,63.892,63.668000000000006,0.011,0.011
29.03.2021 06:35:54.418 GMT-0700,63.893,63.727,0.011,0.011
29.03.2021 06:35:54.557 GMT-0700,63.812,63.768,0.011,0.011
29.03.2021 06:35:54.608 GMT-0700,63.743,63.617,0.0075,0.011
29.03.2021 06:35:54.973 GMT-0700,63.842,63.638000000000005,0.011,0.011
29.03.2021 06:35:55.084 GMT-0700,63.733000000000004,63.637,0.0075,0.011
29.03.2021 06:35:55.134 GMT-0700,63.842,63.638000000000005,0.011,0.011
29.03.2021 06:35:55.481 GMT-0700,63.782,63.508,0.0075,0.011
29.03.2021 06:35:55.531 GMT-0700,63.782,63.498000000000005,0.011,0.011
29.03.2021 06:35:55.601 GMT-0700,63.782,63.608000000000004,0.011,0.011
29.03.2021 06:35:55.651 GMT-0700,63.702,63.498000000000005,0.011,0.011
29.03.2021 06:35:55.781 GMT-0700,63.783,63.497,0.011,0.011
29.03.2021 06:35:55.925 GMT-0700,63.703,63.497,0.0075,0.011
29.03.2021 06:35:56.026 GMT-0700,63.783,63.497,0.011,0.011
29.03.2021 06:35:56.116 GMT-0700,63.782,63.508,0.011,0.0075
29.03.2021 06:35:56.280 GMT-0700,63.783,63.497,0.011,0.011
29.03.2021 06:35:56.402 GMT-0700,63.763000000000005,63.497,0.011,0.011
29.03.2021 06:35:56.674 GMT-0700,63.763000000000005,63.547,0.011,0.011
29.03.2021 06:35:56.724 GMT-0700,63.842,63.578,0.011,0.011
29.03.2021 06:35:56.966 GMT-0700,63.843,63.657,0.0008,0.0075
29.03.2021 06:35:57.017 GMT-0700,63.893,63.577,0.011,0.011
29.03.2021 06:35:57.134 GMT-0700,63.843,63.577,0.011,0.011
