Local time,Ask,Bid,AskVolume,BidVolume
29.03.2021 06:30:00.628 GMT-0700,54.873000000000005,54.357,0,0.01
29.03.2021 06:30:01.187 GMT-0700,54.933,54.745000000000005,0.01,0.0075
29.03.2021 06:30:01.292 GMT-0700,54.863,54.766999999999996,0.0075,0.01
29.03.2021 06:30:01.342 GMT-0700,54.863,54.357,0.01,0.01
29.03.2021 06:30:01.401 GMT-0700,54.863,54.71,0.01,0.0075
29.03.2021 06:30:02.120 GMT-0700,54.864,54.386,0.01,0.01
29.03.2021 06:30:02.198 GMT-0700,54.863,54.717,0.01,0.0075
29.03.2021 06:30:02.299 GMT-0700,54.843,54.757,0.01,0.01
29.03.2021 06:30:02.349 GMT-0700,54.843,54.387,0.01,0.01
29.03.2021 06:30:02.887 GMT-0700,54.833000000000006,54.387,0.0075,0.01
29.03.2021 06:30:03.421 GMT-0700,54.833000000000006,54.586999999999996,0.01,0
29.03.2021 06:30:03.471 GMT-0700,54.833000000000006,54.387,0.01,0.01
29.03.2021 06:30:03.521 GMT-0700,54.793000000000006,54.387,0.01,0.01
29.03.2021 06:30:03.637 GMT-0700,54.773,54.387,0,0.01
29.03.2021 06:30:04.780 GMT-0700,54.733000000000004,54.387,0.0075,0.01
29.03.2021 06:30:04.830 GMT-0700,54.933,54.387,0.01,0.01
29.03.2021 06:30:04.928 GMT-0700,54.713,54.387,0.0075,0.01
29.03.2021 06:30:05.169 GMT-0700,54.713,54.567,0.01,0.01
29.03.2021 06:30:05.219 GMT-0700,54.713,54.387,0.01,0.01
29.03.2021 06:30:05.490 GMT-0700,54.693000000000005,54.387,0.0075,0.01
29.03.2021 06:30:05.774 GMT-0700,54.683,54.387,0.01,0.01
29.03.2021 06:30:06.089 GMT-0700,54.673,54.387,0.0075,0.01
29.03.2021 06:30:06.330 GMT-0700,54.673,54.357,0.01,0.01
29.03.2021 06:30:06.729 GMT-0700,54.673,54.397,0.01,0
29.03.2021 06:30:07.790 GMT-0700,54.653000000000006,54.357,0.01,0.01
29.03.2021 06:30:07.841 GMT-0700,54.673,54.357,0.01,0.01
29.03.2021 06:30:07.901 GMT-0700,54.653000000000006,54.357,0,0.01
29.03.2021 06:30:09.507 GMT-0700,54.653000000000006,54.367,0.01,0
29.03.2021 06:30:09.557 GMT-0700,54.653000000000006,54.357,0.01,0.01
29.03.2021 06:30:11.577 GMT-0700,54.653999999999996,54.36600000000001,0.01,0
29.03.2021 06:30:11.677 GMT-0700,54.683,54.367,0.01,0.01
29.03.2021 06:30:11.874 GMT-0700,54.653000000000006,54.357,0,0.01
29.03.2021 06:30:12.292 GMT-0700,54.653000000000006,54.367,0.01,0
29.03.2021 06:30:12.486 GMT-0700,54.653000000000006,54.357,0.01,0.01
29.03.2021 06:30:13.636 GMT-0700,54.643,54.367,0.01,0.01
29.03.2021 06:30:13.687 GMT-0700,54.933,54.497,0.01,0.01
29.03.2021 06:30:13.909 GMT-0700,54.653000000000006,54.357,0,0.01
29.03.2021 06:30:14.336 GMT-0700,54.653000000000006,54.367,0.01,0.0075
29.03.2021 06:30:14.500 GMT-0700,54.653000000000006,54.357,0.01,0.01
29.03.2021 06:30:15.044 GMT-0700,54.653999999999996,54.36600000000001,0.01,0.0075
29.03.2021 06:30:15.095 GMT-0700,54.653000000000006,54.357,0.01,0.01
29.03.2021 06:30:15.176 GMT-0700,54.653999999999996,54.376000000000005,0.01,0.0075
29.03.2021 06:30:15.836 GMT-0700,54.653000000000006,54.357,0.01,0.01
29.03.2021 06:30:15.887 GMT-0700,54.853,54.357,0.01,0.01
29.03.2021 06:30:15.974 GMT-0700,54.653000000000006,54.357,0.0075,0.01
29.03.2021 06:30:16.647 GMT-0700,54.653000000000006,54.387,0.01,0.0075
29.03.2021 06:30:17.131 GMT-0700,54.653000000000006,54.397,0.01,0.0075
29.03.2021 06:30:17.181 GMT-0700,54.653000000000006,54.387,0.01,0.01
29.03.2021 06:30:17.466 GMT-0700,54.653000000000006,54.357,0.01,0.01
29.03.2021 06:30:17.623 GMT-0700,54.633,54.357,0,0.01
29.03.2021 06:30:17.673 GMT-0700,54.653000000000006,54.367,0.01,0.01
29.03.2021 06:30:17.728 GMT-0700,54.653000000000006,54.357,0.01,0.01
29.03.2021 06:30:17.863 GMT-0700,54.583000000000006,54.357,0.0075,0.01
29.03.2021 06:30:17.914 GMT-0700,54.933,54.357,0.01,0.01
29.03.2021 06:30:17.964 GMT-0700,54.573,54.357,0.01,0.01
29.03.2021 06:30:18.245 GMT-0700,54.573,54.367,0.01,0.01
29.03.2021 06:30:18.374 GMT-0700,54.573,54.357,0.01,0.01
29.03.2021 06:30:18.998 GMT-0700,54.573,54.507,0.01,0.0075
29.03.2021 06:30:19.048 GMT-0700,54.573,54.357,0.01,0.01
29.03.2021 06:30:19.102 GMT-0700,54.573,54.367,0.01,0.0075
29.03.2021 06:30:19.303 GMT-0700,54.573,54.357,0.01,0.01
29.03.2021 06:30:20.168 GMT-0700,54.573,54.367,0.01,0.0075
29.03.2021 06:30:20.219 GMT-0700,54.783,54.357,0.01,0.01
29.03.2021 06:30:20.460 GMT-0700,54.933,54.357,0.01,0.01
29.03.2021 06:30:20.921 GMT-0700,54.934,54.36600000000001,0.01,0.01
29.03.2021 06:30:21.070 GMT-0700,54.464,54.356,0.01,0.01
29.03.2021 06:30:21.120 GMT-0700,54.933,54.357,0.01,0.01
29.03.2021 06:30:21.719 GMT-0700,54.753,54.357,0,0.01
29.03.2021 06:30:21.769 GMT-0700,54.933,54.367,0.01,0.01
29.03.2021 06:30:21.880 GMT-0700,54.933,54.357,0.01,0.01
29.03.2021 06:30:22.349 GMT-0700,54.54,54.367,0,0
29.03.2021 06:30:22.450 GMT-0700,54.503,54.357,0.01,0.01
29.03.2021 06:30:23.766 GMT-0700,54.503,54.367,0.01,0
29.03.2021 06:30:23.924 GMT-0700,54.503,54.357,0.01,0.01
29.03.2021 06:30:24.797 GMT-0700,54.503,54.367,0.01,0.01
29.03.2021 06:30:24.936 GMT-0700,54.503,54.357,0.01,0.01
29.03.2021 06:30:25.783 GMT-0700,54.503,54.367,0.01,0.0075
29.03.2021 06:30:25.833 GMT-0700,54.503,54.357,0.01,0.01
29.03.2021 06:30:26.098 GMT-0700,54.503,54.417,0.0075,0
29.03.2021 06:30:26.148 GMT-0700,54.553000000000004,54.417,0.01,0.01
29.03.2021 06:30:26.198 GMT-0700,54.483000000000004,54.417,0.01,0.01
29.03.2021 06:30:26.321 GMT-0700,54.493,54.417,0.01,0.01
29.03.2021 06:30:26.422 GMT-0700,54.483000000000004,54.397,0.01,0.01
29.03.2021 06:30:26.524 GMT-0700,54.493,54.397,0.01,0.01
29.03.2021 06:30:27.638 GMT-0700,54.493,54.357,0.01,0.01
29.03.2021 06:30:27.688 GMT-0700,54.493,54.397,0.01,0.01
29.03.2021 06:30:27.792 GMT-0700,54.493,54.407,0.01,0.0075
29.03.2021 06:30:27.842 GMT-0700,54.493,54.397,0.01,0.01
29.03.2021 06:30:27.893 GMT-0700,54.493,54.407,0.01,0.01
29.03.2021 06:30:27.993 GMT-0700,54.493,54.397,0.01,0.01
29.03.2021 06:30:28.141 GMT-0700,54.493,54.407,0.01,0.01
29.03.2021 06:30:28.191 GMT-0700,54.493,54.397,0.01,0.01
29.03.2021 06:30:28.591 GMT-0700,54.453,54.397,0.0075,0.01
29.03.2021 06:30:28.641 GMT-0700,54.493,54.367,0.01,0.01
29.03.2021 06:30:28.691 GMT-0700,54.493,54.377,0.01,0
29.03.2021 06:30:28.922 GMT-0700,54.433,54.377,0.0075,0
29.03.2021 06:30:28.972 GMT-0700,54.493,54.357,0.01,0.01
29.03.2021 06:30:29.966 GMT-0700,54.453,54.387,0,0
29.03.2021 06:30:30.017 GMT-0700,54.453,54.357,0.01,0.01
29.03.2021 06:30:30.228 GMT-0700,54.493,54.357,0.01,0.01
29.03.2021 06:30:30.899 GMT-0700,54.493,54.387,0.01,0
29.03.2021 06:30:30.949 GMT-0700,54.493,54.367,0.01,0.01
29.03.2021 06:30:31.396 GMT-0700,54.494,54.356,0.01,0.01
29.03.2021 06:30:32.181 GMT-0700,54.493,54.397,0.01,0.01
29.03.2021 06:30:32.231 GMT-0700,54.493,54.387,0.01,0.01
29.03.2021 06:30:32.323 GMT-0700,54.493,54.437,0.0075,0
29.03.2021 06:30:32.373 GMT-0700,54.693000000000005,54.357,0.01,0.01
29.03.2021 06:30:32.424 GMT-0700,54.493,54.357,0.0075,0.01
29.03.2021 06:30:32.562 GMT-0700,54.493,54.447,0.01,0
29.03.2021 06:30:32.716 GMT-0700,54.563,54.447,0.01,0.01
29.03.2021 06:30:32.815 GMT-0700,54.485,54.447,0,0.01
29.03.2021 06:30:32.865 GMT-0700,54.523,54.447,0.01,0.01
29.03.2021 06:30:32.920 GMT-0700,54.494,54.386,0.01,0.01
29.03.2021 06:30:33.027 GMT-0700,54.483000000000004,54.387,0,0.01
29.03.2021 06:30:33.201 GMT-0700,54.453,54.357,0.01,0.01
29.03.2021 06:30:34.728 GMT-0700,54.433,54.357,0.0075,0.01
29.03.2021 06:30:34.778 GMT-0700,54.453,54.357,0.01,0.01
29.03.2021 06:30:35.011 GMT-0700,54.483000000000004,54.336999999999996,0.01,0.01
29.03.2021 06:30:35.159 GMT-0700,54.473000000000006,54.336999999999996,0.0075,0.01
29.03.2021 06:30:35.326 GMT-0700,54.463,54.336999999999996,0.0075,0.01
29.03.2021 06:30:35.377 GMT-0700,54.473000000000006,54.336999999999996,0.01,0.01
29.03.2021 06:30:36.175 GMT-0700,54.463,54.336999999999996,0.0075,0.01
29.03.2021 06:30:36.226 GMT-0700,54.473000000000006,54.336999999999996,0.01,0.01
29.03.2021 06:30:37.558 GMT-0700,54.463,54.336999999999996,0,0.01
29.03.2021 06:30:37.608 GMT-0700,54.473000000000006,54.336999999999996,0.01,0.01
29.03.2021 06:30:37.658 GMT-0700,54.473000000000006,54.347,0.01,0.01
29.03.2021 06:30:38.103 GMT-0700,54.473000000000006,54.336999999999996,0.01,0.01
29.03.2021 06:30:38.154 GMT-0700,54.464,54.356,0.01,0.01
29.03.2021 06:30:38.204 GMT-0700,54.473000000000006,54.336999999999996,0.01,0.01
29.03.2021 06:30:40.561 GMT-0700,54.463,54.336999999999996,0,0.01
29.03.2021 06:30:40.943 GMT-0700,54.474,54.336000000000006,0.01,0.01
29.03.2021 06:30:41.217 GMT-0700,54.373000000000005,54.327,0,0.0075
29.03.2021 06:30:41.267 GMT-0700,54.373000000000005,54.266999999999996,0.01,0.01
29.03.2021 06:30:41.368 GMT-0700,54.454,54.316,0.01,0.01
29.03.2021 06:30:41.418 GMT-0700,54.373000000000005,54.237,0.01,0.01
29.03.2021 06:30:41.749 GMT-0700,54.373000000000005,54.247,0.01,0.0075
29.03.2021 06:30:42.155 GMT-0700,54.373000000000005,54.237,0.01,0.01
29.03.2021 06:30:42.223 GMT-0700,54.363,54.237,0,0.01
29.03.2021 06:30:42.374 GMT-0700,54.303000000000004,54.247,0.0075,0.0075
29.03.2021 06:30:42.425 GMT-0700,54.363,54.247,0.01,0.01
29.03.2021 06:30:42.706 GMT-0700,54.363,54.257,0.01,0.01
29.03.2021 06:30:42.756 GMT-0700,54.363,54.237,0.01,0.01
29.03.2021 06:30:42.820 GMT-0700,54.363,54.277,0.01,0.0075
29.03.2021 06:30:45.446 GMT-0700,54.333000000000006,54.277,0.01,0.01
29.03.2021 06:30:45.608 GMT-0700,54.323,54.277,0,0.0075
29.03.2021 06:30:45.659 GMT-0700,54.323,54.247,0.01,0.01
29.03.2021 06:30:46.206 GMT-0700,54.313,54.247,0.0075,0.0075
29.03.2021 06:30:46.257 GMT-0700,54.323,54.247,0.01,0.01
29.03.2021 06:30:47.223 GMT-0700,54.313,54.247,0.0075,0.01
29.03.2021 06:30:47.273 GMT-0700,54.323,54.247,0.01,0.01
29.03.2021 06:30:47.480 GMT-0700,54.313,54.247,0.0075,0
29.03.2021 06:30:47.580 GMT-0700,54.333000000000006,54.207,0.01,0.01
29.03.2021 06:30:47.681 GMT-0700,54.273,54.207,0.01,0.01
29.03.2021 06:30:47.731 GMT-0700,54.263000000000005,54.157,0.01,0.01
29.03.2021 06:30:47.782 GMT-0700,54.273,54.147,0.01,0.01
29.03.2021 06:30:49.450 GMT-0700,54.273,54.157,0.01,0.0075
29.03.2021 06:30:49.500 GMT-0700,54.274,54.14600000000001,0.01,0.01
29.03.2021 06:30:50.130 GMT-0700,54.274,54.156000000000006,0.01,0.0075
29.03.2021 06:30:50.317 GMT-0700,54.273,54.147,0.01,0.01
29.03.2021 06:30:50.867 GMT-0700,54.233999999999995,54.14600000000001,0.0075,0.01
29.03.2021 06:30:50.917 GMT-0700,54.263000000000005,54.157,0.01,0.01
29.03.2021 06:30:51.028 GMT-0700,54.263000000000005,54.147,0.01,0.01
29.03.2021 06:30:51.155 GMT-0700,54.273,54.147,0.01,0.01
29.03.2021 06:30:51.537 GMT-0700,54.213,54.147,0.0075,0
29.03.2021 06:30:51.587 GMT-0700,54.273,54.117,0.01,0.01
29.03.2021 06:30:51.638 GMT-0700,54.263000000000005,54.117,0.01,0.01
29.03.2021 06:30:51.688 GMT-0700,54.273,54.117,0.01,0.01
29.03.2021 06:30:51.845 GMT-0700,54.274,54.176,0.01,0.0075
29.03.2021 06:30:51.996 GMT-0700,54.274,54.18600000000001,0.01,0.01
29.03.2021 06:30:52.449 GMT-0700,54.273,54.177,0.01,0.01
29.03.2021 06:30:52.732 GMT-0700,54.263000000000005,54.177,0,0.01
29.03.2021 06:30:52.834 GMT-0700,54.243,54.177,0,0.01
29.03.2021 06:30:52.884 GMT-0700,54.273,54.177,0.01,0.01
29.03.2021 06:30:53.187 GMT-0700,54.233000000000004,54.177,0.01,0.01
29.03.2021 06:30:53.238 GMT-0700,54.273,54.177,0.01,0.01
29.03.2021 06:30:53.443 GMT-0700,54.263000000000005,54.177,0,0.01
29.03.2021 06:30:53.543 GMT-0700,54.273,54.177,0.01,0.01
29.03.2021 06:30:53.715 GMT-0700,54.223000000000006,54.177,0.01,0.01
29.03.2021 06:30:53.900 GMT-0700,54.223000000000006,54.207,0,0.0075
29.03.2021 06:30:53.950 GMT-0700,54.283,54.207,0.01,0.01
29.03.2021 06:30:54.163 GMT-0700,54.283,54.237,0,0.0075
29.03.2021 06:30:54.213 GMT-0700,54.373000000000005,54.207,0.01,0.01
29.03.2021 06:30:54.263 GMT-0700,54.393,54.297,0.01,0.01
29.03.2021 06:30:54.364 GMT-0700,54.383,54.227,0.01,0.01
29.03.2021 06:30:54.543 GMT-0700,54.383,54.297,0.01,0.0075
29.03.2021 06:30:54.745 GMT-0700,54.393,54.227,0.01,0.01
29.03.2021 06:30:54.796 GMT-0700,54.373000000000005,54.227,0.01,0.01
29.03.2021 06:30:54.846 GMT-0700,54.393,54.227,0.01,0.01
29.03.2021 06:30:54.898 GMT-0700,54.373000000000005,54.227,0.01,0.01
29.03.2021 06:30:54.948 GMT-0700,54.393,54.227,0.01,0.01
29.03.2021 06:30:55.050 GMT-0700,54.373000000000005,54.287,0.01,0.01
29.03.2021 06:30:55.100 GMT-0700,54.393,54.287,0.01,0.01
29.03.2021 06:30:55.167 GMT-0700,54.393,54.317,0.01,0.01
29.03.2021 06:30:55.219 GMT-0700,54.393,54.287,0.01,0.01
29.03.2021 06:30:55.559 GMT-0700,54.393,54.297,0.01,0.01
29.03.2021 06:30:55.659 GMT-0700,54.393,54.287,0.01,0.01
29.03.2021 06:30:55.823 GMT-0700,54.393,54.317,0.01,0.0075
29.03.2021 06:30:56.289 GMT-0700,54.393,54.287,0.01,0.01
29.03.2021 06:30:56.474 GMT-0700,54.393,54.237,0.01,0.01
29.03.2021 06:30:56.758 GMT-0700,54.383,54.237,0,0.01
29.03.2021 06:30:56.809 GMT-0700,54.393,54.237,0.01,0.01
29.03.2021 06:30:57.409 GMT-0700,54.383,54.247,0,0
29.03.2021 06:30:57.509 GMT-0700,54.393,54.237,0.01,0.01
29.03.2021 06:30:58.011 GMT-0700,54.393,54.277,0.01,0
29.03.2021 06:30:58.680 GMT-0700,54.29,54.277,0,0.0075
29.03.2021 06:30:58.731 GMT-0700,54.393,54.207,0.01,0.01
29.03.2021 06:30:58.801 GMT-0700,54.393,54.217,0.01,0
29.03.2021 06:30:58.902 GMT-0700,54.353,54.207,0.01,0.01
29.03.2021 06:30:59.134 GMT-0700,54.303000000000004,54.257,0.0075,0.0075
29.03.2021 06:30:59.185 GMT-0700,54.303000000000004,54.207,0.01,0.01
29.03.2021 06:30:59.381 GMT-0700,54.303000000000004,54.247,0.01,0.0075
29.03.2021 06:31:00.058 GMT-0700,54.303000000000004,54.257,0,0.0075
29.03.2021 06:31:00.109 GMT-0700,54.483999999999995,54.316,0.01,0.01
29.03.2021 06:31:00.159 GMT-0700,54.453,54.317,0.01,0.01
29.03.2021 06:31:00.828 GMT-0700,54.413999999999994,54.316,0.0075,0.01
29.03.2021 06:31:00.928 GMT-0700,54.483000000000004,54.317,0.01,0.01
29.03.2021 06:31:00.979 GMT-0700,54.463,54.317,0.01,0.01
29.03.2021 06:31:01.096 GMT-0700,54.453,54.317,0.0075,0.01
29.03.2021 06:31:01.147 GMT-0700,54.463,54.317,0.01,0.01
29.03.2021 06:31:01.732 GMT-0700,54.454,54.32600000000001,0.01,0.01
29.03.2021 06:31:01.828 GMT-0700,54.463,54.317,0.01,0.01
29.03.2021 06:31:02.644 GMT-0700,54.424,54.316,0,0.01
29.03.2021 06:31:02.694 GMT-0700,54.473000000000006,54.327,0.01,0.01
29.03.2021 06:31:03.081 GMT-0700,54.483000000000004,54.367,0.01,0
29.03.2021 06:31:03.131 GMT-0700,54.483000000000004,54.317,0.01,0.01
29.03.2021 06:31:03.566 GMT-0700,54.473000000000006,54.427,0,0
29.03.2021 06:31:03.620 GMT-0700,54.493,54.317,0.01,0.01
29.03.2021 06:31:03.685 GMT-0700,54.473000000000006,54.317,0.0075,0.01
29.03.2021 06:31:03.736 GMT-0700,54.483000000000004,54.317,0.01,0.01
29.03.2021 06:31:03.787 GMT-0700,54.493,54.317,0.01,0.01
29.03.2021 06:31:04.268 GMT-0700,54.493,54.327,0.01,0.01
29.03.2021 06:31:04.318 GMT-0700,54.494,54.316,0.01,0.01
29.03.2021 06:31:04.532 GMT-0700,54.464,54.316,0.01,0.01
29.03.2021 06:31:04.583 GMT-0700,54.493,54.317,0.01,0.01
29.03.2021 06:31:04.633 GMT-0700,54.483000000000004,54.317,0.01,0.01
29.03.2021 06:31:04.687 GMT-0700,54.493,54.317,0.01,0.01
29.03.2021 06:31:05.037 GMT-0700,54.453,54.317,0.0075,0.01
29.03.2021 06:31:05.087 GMT-0700,54.493,54.317,0.01,0.01
29.03.2021 06:31:05.137 GMT-0700,54.453,54.317,0.01,0.01
29.03.2021 06:31:05.188 GMT-0700,54.493,54.317,0.01,0.01
29.03.2021 06:31:05.339 GMT-0700,54.483000000000004,54.327,0.0075,0.0075
29.03.2021 06:31:05.390 GMT-0700,54.493,54.317,0.01,0.01
29.03.2021 06:31:05.440 GMT-0700,54.453,54.317,0.01,0.01
29.03.2021 06:31:05.490 GMT-0700,54.493,54.317,0.01,0.01
29.03.2021 06:31:05.573 GMT-0700,54.453,54.317,0.01,0.01
29.03.2021 06:31:05.623 GMT-0700,54.493,54.317,0.01,0.01
29.03.2021 06:31:06.054 GMT-0700,54.483000000000004,54.327,0.01,0.01
29.03.2021 06:31:06.195 GMT-0700,54.493,54.387,0.01,0.01
29.03.2021 06:31:06.501 GMT-0700,54.413000000000004,54.317,0,0.01
29.03.2021 06:31:06.652 GMT-0700,54.403000000000006,54.227,0.01,0.01
29.03.2021 06:31:06.753 GMT-0700,54.363,54.217,0.01,0.01
29.03.2021 06:31:06.853 GMT-0700,54.463,54.217,0.01,0.01
29.03.2021 06:31:06.904 GMT-0700,54.413000000000004,54.217,0.01,0.01
29.03.2021 06:31:07.080 GMT-0700,54.373000000000005,54.217,0.0075,0.01
29.03.2021 06:31:07.131 GMT-0700,54.413000000000004,54.217,0.01,0.01
29.03.2021 06:31:07.292 GMT-0700,54.413000000000004,54.237,0.01,0.01
29.03.2021 06:31:07.753 GMT-0700,54.373000000000005,54.237,0.0075,0.01
29.03.2021 06:31:08.080 GMT-0700,54.413000000000004,54.237,0.01,0.01
29.03.2021 06:31:08.177 GMT-0700,54.373000000000005,54.237,0.01,0.01
29.03.2021 06:31:08.312 GMT-0700,54.413000000000004,54.237,0.01,0.01
29.03.2021 06:31:08.383 GMT-0700,54.373000000000005,54.237,0,0.01
29.03.2021 06:31:08.738 GMT-0700,54.413000000000004,54.237,0.01,0.01
29.03.2021 06:31:08.820 GMT-0700,54.373000000000005,54.237,0.0075,0.01
29.03.2021 06:31:08.999 GMT-0700,54.413000000000004,54.237,0.01,0.01
29.03.2021 06:31:09.050 GMT-0700,54.373000000000005,54.237,0,0.01
29.03.2021 06:31:09.185 GMT-0700,54.373000000000005,54.247,0.01,0
29.03.2021 06:31:09.286 GMT-0700,54.314,54.206,0.01,0.01
29.03.2021 06:31:09.336 GMT-0700,54.323,54.207,0.01,0.01
29.03.2021 06:31:09.585 GMT-0700,54.303000000000004,54.207,0,0.01
29.03.2021 06:31:09.635 GMT-0700,54.363,54.207,0.01,0.01
29.03.2021 06:31:09.736 GMT-0700,54.283,54.207,0.01,0.01
29.03.2021 06:31:09.786 GMT-0700,54.373000000000005,54.207,0.01,0.01
29.03.2021 06:31:09.836 GMT-0700,54.283,54.207,0.01,0.01
29.03.2021 06:31:09.887 GMT-0700,54.343,54.207,0.01,0.01
29.03.2021 06:31:09.951 GMT-0700,54.283,54.207,0.0075,0.01
29.03.2021 06:31:10.220 GMT-0700,54.293000000000006,54.207,0.01,0.01
29.03.2021 06:31:10.365 GMT-0700,54.283,54.157,0.01,0.01
29.03.2021 06:31:10.416 GMT-0700,54.283,54.147,0.01,0.01
29.03.2021 06:31:11.011 GMT-0700,54.273,54.157,0.01,0.01
29.03.2021 06:31:11.134 GMT-0700,54.283,54.147,0.01,0.01
29.03.2021 06:31:11.534 GMT-0700,54.283,54.207,0.01,0.0075
29.03.2021 06:31:11.634 GMT-0700,54.283,54.147,0.01,0.01
29.03.2021 06:31:11.734 GMT-0700,54.284,54.206,0.01,0.0075
29.03.2021 06:31:11.785 GMT-0700,54.273,54.157,0.01,0.01
29.03.2021 06:31:11.972 GMT-0700,54.283,54.207,0.01,0
29.03.2021 06:31:12.072 GMT-0700,54.283,54.147,0.01,0.01
29.03.2021 06:31:12.237 GMT-0700,54.283,54.207,0.01,0.0075
29.03.2021 06:31:12.545 GMT-0700,54.233000000000004,54.207,0.0075,0
29.03.2021 06:31:12.596 GMT-0700,54.283,54.157,0.01,0.01
29.03.2021 06:31:13.497 GMT-0700,54.193000000000005,54.147,0,0.0075
29.03.2021 06:31:13.547 GMT-0700,54.273,54.117,0.01,0.01
29.03.2021 06:31:13.598 GMT-0700,54.193000000000005,54.117,0.01,0.01
29.03.2021 06:31:13.788 GMT-0700,54.243,54.117,0.01,0.01
29.03.2021 06:31:13.843 GMT-0700,54.163000000000004,54.117,0.0075,0
29.03.2021 06:31:13.894 GMT-0700,54.153000000000006,54.067,0.01,0.01
29.03.2021 06:31:13.994 GMT-0700,54.133,54.016999999999996,0.01,0.01
29.03.2021 06:31:14.045 GMT-0700,54.143,54.047,0.01,0.01
29.03.2021 06:31:14.719 GMT-0700,54.123000000000005,54.047,0,0.01
29.03.2021 06:31:14.820 GMT-0700,54.163000000000004,54.047,0.01,0.01
29.03.2021 06:31:14.870 GMT-0700,54.163000000000004,54.057,0.01,0.01
29.03.2021 06:31:14.975 GMT-0700,54.243,54.117,0.01,0.01
29.03.2021 06:31:15.025 GMT-0700,54.153000000000006,54.047,0.01,0.01
29.03.2021 06:31:15.076 GMT-0700,54.224,54.04600000000001,0.01,0.01
29.03.2021 06:31:15.142 GMT-0700,54.163000000000004,54.047,0.0075,0.01
29.03.2021 06:31:16.082 GMT-0700,54.163000000000004,54.057,0.01,0.0075
29.03.2021 06:31:16.354 GMT-0700,54.163000000000004,54.047,0.01,0.01
29.03.2021 06:31:16.571 GMT-0700,54.283,54.137,0.01,0.01
29.03.2021 06:31:17.081 GMT-0700,54.253,54.137,0.0075,0.01
29.03.2021 06:31:17.689 GMT-0700,54.184,54.136,0,0.0075
29.03.2021 06:31:17.740 GMT-0700,54.253,54.086999999999996,0.01,0.01
29.03.2021 06:31:18.148 GMT-0700,54.153000000000006,54.037,0.01,0.01
29.03.2021 06:31:18.198 GMT-0700,54.283,54.037,0.01,0.01
29.03.2021 06:31:19.281 GMT-0700,54.224,54.036,0.01,0.01
29.03.2021 06:31:19.391 GMT-0700,54.163000000000004,54.037,0,0.01
29.03.2021 06:31:19.658 GMT-0700,54.153000000000006,54.057,0.0075,0.0075
29.03.2021 06:31:19.708 GMT-0700,54.163000000000004,54.057,0.01,0.01
29.03.2021 06:31:19.923 GMT-0700,54.103,54.057,0.0075,0.01
29.03.2021 06:31:19.973 GMT-0700,54.163000000000004,54.057,0.01,0.01
29.03.2021 06:31:20.099 GMT-0700,54.163000000000004,54.086999999999996,0.01,0.01
29.03.2021 06:31:20.150 GMT-0700,54.113,54.016999999999996,0.01,0.01
29.03.2021 06:31:20.205 GMT-0700,54.163000000000004,54.016999999999996,0.01,0.01
29.03.2021 06:31:20.255 GMT-0700,54.163000000000004,54.067,0.01,0.01
29.03.2021 06:31:20.319 GMT-0700,54.153000000000006,54.016999999999996,0.01,0.01
29.03.2021 06:31:20.532 GMT-0700,54.163000000000004,54.016999999999996,0.01,0.01
29.03.2021 06:31:21.010 GMT-0700,54.113,54.016999999999996,0.0075,0.01
29.03.2021 06:31:21.154 GMT-0700,54.093,54.027,0.0075,0.0075
29.03.2021 06:31:21.205 GMT-0700,54.114,54.026,0.01,0.01
29.03.2021 06:31:21.272 GMT-0700,54.113,54.016999999999996,0.01,0.01
29.03.2021 06:31:21.385 GMT-0700,54.113,54.057,0.01,0
29.03.2021 06:31:22.152 GMT-0700,54.083000000000006,54.057,0,0.0075
29.03.2021 06:31:22.203 GMT-0700,54.083000000000006,54.007,0.01,0.01
29.03.2021 06:31:22.306 GMT-0700,54.093999999999994,54.00600000000001,0.01,0.01
29.03.2021 06:31:22.813 GMT-0700,54.093,54.016999999999996,0.01,0.01
29.03.2021 06:31:23.869 GMT-0700,54.043000000000006,53.997,0.01,0.01
29.03.2021 06:31:24.204 GMT-0700,54.023,53.997,0.0075,0.01
29.03.2021 06:31:24.908 GMT-0700,54.033,54.016999999999996,0.01,0.01
29.03.2021 06:31:24.958 GMT-0700,54.034,53.926,0.01,0.01
29.03.2021 06:31:25.109 GMT-0700,54.003,53.937,0.01,0.01
29.03.2021 06:31:25.160 GMT-0700,54.033,53.937,0.01,0.01
29.03.2021 06:31:25.363 GMT-0700,54.033,53.927,0.01,0.01
29.03.2021 06:31:25.464 GMT-0700,54.033,53.937,0.01,0.01
29.03.2021 06:31:25.514 GMT-0700,54.033,53.927,0.01,0.01
29.03.2021 06:31:26.223 GMT-0700,54.033,53.937,0.01,0
29.03.2021 06:31:26.323 GMT-0700,54.033,53.927,0.01,0.01
29.03.2021 06:31:26.895 GMT-0700,54.024,53.926,0.0075,0.01
29.03.2021 06:31:26.996 GMT-0700,54.033,53.927,0.01,0.01
29.03.2021 06:31:27.046 GMT-0700,54.033,53.987,0.01,0.01
29.03.2021 06:31:27.097 GMT-0700,54.034,53.926,0.01,0.01
29.03.2021 06:31:27.147 GMT-0700,54.033,53.937,0.01,0.01
29.03.2021 06:31:27.197 GMT-0700,54.033,53.927,0.01,0.01
29.03.2021 06:31:27.343 GMT-0700,54.033,53.967,0.01,0.0075
29.03.2021 06:31:27.393 GMT-0700,54.033,53.927,0.01,0.01
29.03.2021 06:31:27.902 GMT-0700,54.033,53.967,0.01,0.0075
29.03.2021 06:31:28.003 GMT-0700,54.033,53.927,0.01,0.01
29.03.2021 06:31:28.053 GMT-0700,54.033,53.937,0.01,0.01
29.03.2021 06:31:29.076 GMT-0700,54.033,53.967,0.01,0.0075
29.03.2021 06:31:29.267 GMT-0700,54.033,53.927,0.01,0.01
29.03.2021 06:31:29.410 GMT-0700,54.033,53.937,0.01,0.01
29.03.2021 06:31:29.660 GMT-0700,54.033,53.927,0.01,0.01
29.03.2021 06:31:29.970 GMT-0700,54.033,53.977,0.01,0.0075
29.03.2021 06:31:30.274 GMT-0700,54.033,53.927,0.01,0.01
29.03.2021 06:31:30.745 GMT-0700,54.033,53.967,0.01,0.01
29.03.2021 06:31:32.356 GMT-0700,54.033,53.987,0.01,0.0075
29.03.2021 06:31:32.407 GMT-0700,54.033,53.967,0.01,0.01
29.03.2021 06:31:34.331 GMT-0700,54.033,53.977,0.01,0.01
29.03.2021 06:31:35.937 GMT-0700,54.023,53.967,0.01,0.01
29.03.2021 06:31:38.588 GMT-0700,54.003,53.927,0.01,0.01
29.03.2021 06:31:38.762 GMT-0700,54.003,53.917,0.01,0.01
29.03.2021 06:31:38.848 GMT-0700,54.003,53.927,0.01,0
29.03.2021 06:31:39.969 GMT-0700,54.003,53.917,0.01,0.01
29.03.2021 06:31:40.753 GMT-0700,54.003,53.937,0.01,0
29.03.2021 06:31:41.475 GMT-0700,53.993,53.937,0.0075,0.01
29.03.2021 06:31:42.148 GMT-0700,53.993,53.947,0.0075,0
29.03.2021 06:31:42.199 GMT-0700,54.003,53.947,0.01,0.01
29.03.2021 06:31:42.343 GMT-0700,54.013000000000005,53.947,0,0.01
29.03.2021 06:31:43.774 GMT-0700,54.053000000000004,53.987,0.01,0.01
29.03.2021 06:31:43.825 GMT-0700,54.064,53.96600000000001,0.01,0.01
29.03.2021 06:31:43.888 GMT-0700,54.063,53.977,0.01,0.0075
29.03.2021 06:31:44.384 GMT-0700,54.023,53.977,0.01,0.01
29.03.2021 06:31:45.026 GMT-0700,54.013000000000005,53.977,0.01,0.01
29.03.2021 06:31:45.077 GMT-0700,54.024,53.976000000000006,0.01,0.01
29.03.2021 06:31:46.239 GMT-0700,54.003,53.977,0,0.01
29.03.2021 06:31:46.290 GMT-0700,54.023,53.977,0.01,0.01
29.03.2021 06:31:46.745 GMT-0700,54.063,53.977,0.01,0.01
29.03.2021 06:31:47.881 GMT-0700,54.053000000000004,53.977,0,0.01
29.03.2021 06:31:47.981 GMT-0700,54.063,53.977,0.01,0.01
29.03.2021 06:31:48.290 GMT-0700,54.064,53.986000000000004,0.01,0.0075
29.03.2021 06:31:48.341 GMT-0700,54.063,53.977,0.01,0.01
29.03.2021 06:31:48.451 GMT-0700,54.063,53.997,0.01,0.01
29.03.2021 06:31:48.501 GMT-0700,54.073,53.997,0.01,0.01
29.03.2021 06:31:48.552 GMT-0700,54.043000000000006,53.997,0.01,0.01
29.03.2021 06:31:48.602 GMT-0700,54.113,54.007,0.01,0.01
29.03.2021 06:31:48.653 GMT-0700,54.053000000000004,53.997,0.01,0.01
29.03.2021 06:31:48.937 GMT-0700,54.053000000000004,54.007,0.01,0.0075
29.03.2021 06:31:49.966 GMT-0700,54.053000000000004,54.016999999999996,0.01,0
29.03.2021 06:31:50.017 GMT-0700,54.053000000000004,54.007,0.01,0.01
29.03.2021 06:31:50.095 GMT-0700,54.053000000000004,54.027,0,0.0075
29.03.2021 06:31:50.145 GMT-0700,54.063,54.016999999999996,0.01,0.01
29.03.2021 06:31:50.196 GMT-0700,54.083000000000006,54.007,0.01,0.01
29.03.2021 06:31:50.427 GMT-0700,54.033,54.007,0.0075,0
29.03.2021 06:31:50.477 GMT-0700,54.083000000000006,53.997,0.01,0.01
29.03.2021 06:31:50.530 GMT-0700,54.033,53.997,0.0075,0.01
29.03.2021 06:31:50.580 GMT-0700,54.033,53.967,0.01,0.01
29.03.2021 06:31:50.631 GMT-0700,54.013999999999996,53.96600000000001,0.0075,0.01
29.03.2021 06:31:50.682 GMT-0700,54.033,53.967,0.01,0.01
29.03.2021 06:31:51.025 GMT-0700,54.023,53.957,0.01,0.01
29.03.2021 06:31:51.075 GMT-0700,54.034,53.956,0.01,0.01
29.03.2021 06:31:51.706 GMT-0700,54.033,53.977,0.01,0.0075
29.03.2021 06:31:51.756 GMT-0700,54.033,53.957,0.01,0.01
29.03.2021 06:31:54.917 GMT-0700,54.033,53.967,0.01,0.0075
29.03.2021 06:31:55.029 GMT-0700,54.013000000000005,53.967,0,0.01
29.03.2021 06:31:55.231 GMT-0700,54.033,53.967,0.01,0.01
29.03.2021 06:31:55.414 GMT-0700,54.043000000000006,53.967,0.01,0.01
29.03.2021 06:31:55.646 GMT-0700,53.973000000000006,53.967,0.0075,0
29.03.2021 06:31:55.696 GMT-0700,53.993,53.967,0.0075,0
29.03.2021 06:31:55.915 GMT-0700,53.993,53.917,0.01,0.01
29.03.2021 06:31:56.016 GMT-0700,54.013999999999996,53.916000000000004,0.01,0.01
29.03.2021 06:31:56.168 GMT-0700,54.003,53.917,0.0075,0
29.03.2021 06:31:56.218 GMT-0700,54.003,53.907,0.01,0.01
29.03.2021 06:31:56.280 GMT-0700,54.003,53.917,0,0.0075
29.03.2021 06:31:56.331 GMT-0700,54.013000000000005,53.917,0.01,0.01
29.03.2021 06:31:56.381 GMT-0700,53.973000000000006,53.897,0.01,0.01
29.03.2021 06:31:56.827 GMT-0700,53.953,53.897,0.0075,0
29.03.2021 06:31:56.877 GMT-0700,53.903000000000006,53.827,0.01,0.01
29.03.2021 06:31:56.977 GMT-0700,53.863,53.807,0.01,0.01
29.03.2021 06:31:57.028 GMT-0700,53.903999999999996,53.79600000000001,0.01,0.01
29.03.2021 06:31:57.283 GMT-0700,53.843,53.797,0,0.01
29.03.2021 06:31:57.334 GMT-0700,53.863,53.797,0.01,0.01
29.03.2021 06:31:57.384 GMT-0700,53.833000000000006,53.797,0.01,0.01
29.03.2021 06:31:57.434 GMT-0700,53.863,53.797,0.01,0.01
29.03.2021 06:31:57.485 GMT-0700,53.863,53.807,0.01,0.01
29.03.2021 06:31:57.675 GMT-0700,53.893,53.807,0.01,0.01
29.03.2021 06:31:57.775 GMT-0700,53.903000000000006,53.827,0.01,0.01
29.03.2021 06:31:57.887 GMT-0700,53.893,53.807,0.01,0.01
29.03.2021 06:31:57.937 GMT-0700,53.893,53.817,0.01,0.01
29.03.2021 06:31:58.179 GMT-0700,53.883,53.817,0.01,0.01
29.03.2021 06:31:58.544 GMT-0700,53.893,53.817,0.01,0.01
29.03.2021 06:31:58.626 GMT-0700,53.873000000000005,53.807,0.01,0.01
29.03.2021 06:31:58.955 GMT-0700,53.873000000000005,53.817,0.01,0.0075
29.03.2021 06:31:59.104 GMT-0700,53.873000000000005,53.847,0.0075,0
29.03.2021 06:31:59.154 GMT-0700,53.953,53.887,0.01,0.01
29.03.2021 06:31:59.204 GMT-0700,53.954,53.846000000000004,0.01,0.01
29.03.2021 06:31:59.257 GMT-0700,53.973000000000006,53.847,0.01,0.01
29.03.2021 06:31:59.307 GMT-0700,53.943000000000005,53.847,0.01,0.01
29.03.2021 06:31:59.772 GMT-0700,53.943000000000005,53.877,0.01,0.01
29.03.2021 06:32:00.125 GMT-0700,53.964,53.876000000000005,0.01,0.01
29.03.2021 06:32:00.220 GMT-0700,53.943000000000005,53.877,0,0.01
29.03.2021 06:32:00.271 GMT-0700,53.973000000000006,53.877,0.01,0.01
29.03.2021 06:32:00.485 GMT-0700,53.943000000000005,53.857,0.01,0.01
29.03.2021 06:32:00.536 GMT-0700,53.943000000000005,53.847,0.01,0.01
29.03.2021 06:32:00.650 GMT-0700,53.973000000000006,53.877,0.01,0.01
29.03.2021 06:32:00.813 GMT-0700,53.943000000000005,53.847,0.01,0.01
29.03.2021 06:32:01.338 GMT-0700,53.923,53.847,0.01,0.01
29.03.2021 06:32:01.716 GMT-0700,53.903000000000006,53.836999999999996,0,0.01
29.03.2021 06:32:01.817 GMT-0700,53.913000000000004,53.836999999999996,0.01,0.01
29.03.2021 06:32:02.545 GMT-0700,53.913000000000004,53.847,0,0.0075
29.03.2021 06:32:02.676 GMT-0700,53.903000000000006,53.836999999999996,0.01,0.01
29.03.2021 06:32:02.826 GMT-0700,53.913000000000004,53.836999999999996,0.01,0.01
29.03.2021 06:32:02.877 GMT-0700,53.903000000000006,53.836999999999996,0.01,0.01
29.03.2021 06:32:03.129 GMT-0700,53.913000000000004,53.836999999999996,0.01,0.01
29.03.2021 06:32:03.369 GMT-0700,53.913000000000004,53.847,0,0.0075
29.03.2021 06:32:03.419 GMT-0700,53.943000000000005,53.847,0.01,0.01
29.03.2021 06:32:03.558 GMT-0700,53.943000000000005,53.877,0.01,0
29.03.2021 06:32:03.608 GMT-0700,53.943000000000005,53.847,0.01,0.01
29.03.2021 06:32:03.659 GMT-0700,53.943999999999996,53.876000000000005,0.01,0.01
29.03.2021 06:32:03.823 GMT-0700,53.954,53.876000000000005,0.01,0.01
29.03.2021 06:32:03.933 GMT-0700,53.973000000000006,53.877,0.01,0.01
29.03.2021 06:32:04.504 GMT-0700,53.963,53.877,0.01,0.01
29.03.2021 06:32:04.633 GMT-0700,53.943000000000005,53.877,0,0.01
29.03.2021 06:32:04.813 GMT-0700,53.973000000000006,53.907,0,0.01
29.03.2021 06:32:04.863 GMT-0700,54.013000000000005,53.907,0.01,0.01
29.03.2021 06:32:04.914 GMT-0700,53.974,53.906000000000006,0.0075,0.01
29.03.2021 06:32:05.015 GMT-0700,53.963,53.907,0.0075,0.01
29.03.2021 06:32:05.066 GMT-0700,54.013000000000005,53.907,0.01,0.01
29.03.2021 06:32:05.137 GMT-0700,53.974,53.906000000000006,0.0075,0.01
29.03.2021 06:32:05.253 GMT-0700,53.963,53.907,0.01,0.01
29.03.2021 06:32:05.354 GMT-0700,53.973000000000006,53.907,0.01,0.01
29.03.2021 06:32:05.596 GMT-0700,54.013000000000005,53.927,0.01,0.01
29.03.2021 06:32:05.682 GMT-0700,53.983000000000004,53.927,0,0.01
29.03.2021 06:32:05.946 GMT-0700,54.013000000000005,53.927,0.01,0.01
29.03.2021 06:32:05.997 GMT-0700,53.983000000000004,53.927,0.01,0.01
29.03.2021 06:32:06.651 GMT-0700,53.983000000000004,53.937,0,0.0075
29.03.2021 06:32:06.701 GMT-0700,54.013000000000005,53.927,0.01,0.01
29.03.2021 06:32:06.802 GMT-0700,54.013000000000005,53.947,0.01,0.01
29.03.2021 06:32:07.030 GMT-0700,54.033,53.977,0.01,0.01
29.03.2021 06:32:07.081 GMT-0700,54.033,53.947,0.01,0.01
29.03.2021 06:32:07.137 GMT-0700,54.033,53.957,0.01,0
29.03.2021 06:32:07.251 GMT-0700,54.013999999999996,53.956,0,0.01
29.03.2021 06:32:07.302 GMT-0700,54.033,53.947,0.01,0.01
29.03.2021 06:32:07.368 GMT-0700,54.013000000000005,53.947,0.0075,0.01
29.03.2021 06:32:07.545 GMT-0700,54.033,53.947,0.01,0.01
29.03.2021 06:32:07.751 GMT-0700,53.993,53.947,0,0.01
29.03.2021 06:32:07.801 GMT-0700,54.013999999999996,53.946000000000005,0.01,0.01
29.03.2021 06:32:07.913 GMT-0700,54.013000000000005,53.957,0.01,0
29.03.2021 06:32:07.964 GMT-0700,54.013000000000005,53.947,0.01,0.01
29.03.2021 06:32:09.407 GMT-0700,54.043000000000006,53.947,0.01,0.01
29.03.2021 06:32:09.459 GMT-0700,54.013000000000005,53.947,0,0.01
29.03.2021 06:32:09.660 GMT-0700,54.013000000000005,53.977,0,0.0075
29.03.2021 06:32:09.711 GMT-0700,54.033,53.947,0.01,0.01
29.03.2021 06:32:09.783 GMT-0700,54.034,53.986000000000004,0.01,0.01
29.03.2021 06:32:10.041 GMT-0700,54.043000000000006,53.987,0.01,0.01
29.03.2021 06:32:10.324 GMT-0700,54.023,53.987,0,0.01
29.03.2021 06:32:10.743 GMT-0700,54.013000000000005,53.987,0,0.0075
29.03.2021 06:32:10.794 GMT-0700,54.003,53.917,0.01,0.01
29.03.2021 06:32:11.144 GMT-0700,53.983000000000004,53.907,0.0075,0.01
29.03.2021 06:32:12.065 GMT-0700,53.983000000000004,53.917,0.01,0.0075
29.03.2021 06:32:12.115 GMT-0700,53.963,53.877,0.01,0.01
29.03.2021 06:32:12.246 GMT-0700,53.943000000000005,53.877,0.0075,0
29.03.2021 06:32:12.297 GMT-0700,53.923,53.847,0.01,0.01
29.03.2021 06:32:12.390 GMT-0700,53.903999999999996,53.846000000000004,0.0075,0
29.03.2021 06:32:12.441 GMT-0700,53.903000000000006,53.817,0.01,0.01
29.03.2021 06:32:13.219 GMT-0700,53.923,53.817,0.01,0.01
29.03.2021 06:32:13.270 GMT-0700,53.903000000000006,53.817,0.01,0.01
29.03.2021 06:32:13.384 GMT-0700,53.923,53.817,0.01,0.01
29.03.2021 06:32:13.603 GMT-0700,53.923,53.857,0.01,0
29.03.2021 06:32:13.654 GMT-0700,53.923,53.817,0.01,0.01
29.03.2021 06:32:13.704 GMT-0700,53.903000000000006,53.827,0.01,0.01
29.03.2021 06:32:13.754 GMT-0700,53.923,53.817,0.01,0.01
29.03.2021 06:32:13.805 GMT-0700,53.923,53.857,0.01,0.01
29.03.2021 06:32:14.163 GMT-0700,53.913000000000004,53.857,0.0075,0
29.03.2021 06:32:14.750 GMT-0700,53.923,53.877,0.01,0.01
29.03.2021 06:32:14.904 GMT-0700,53.983000000000004,53.897,0.01,0.01
29.03.2021 06:32:15.100 GMT-0700,54.013000000000005,53.947,0.01,0.01
29.03.2021 06:32:15.299 GMT-0700,54.003,53.947,0.0075,0.01
29.03.2021 06:32:15.349 GMT-0700,54.013000000000005,53.947,0.01,0.01
29.03.2021 06:32:15.842 GMT-0700,54.013000000000005,53.957,0,0.0075
29.03.2021 06:32:15.892 GMT-0700,54.023,53.957,0.01,0.01
29.03.2021 06:32:16.116 GMT-0700,54.023,53.977,0.0075,0
29.03.2021 06:32:16.167 GMT-0700,54.044,53.976000000000006,0.01,0.01
29.03.2021 06:32:16.218 GMT-0700,54.033,53.957,0.01,0.01
29.03.2021 06:32:16.321 GMT-0700,54.033,53.947,0.01,0.01
29.03.2021 06:32:16.613 GMT-0700,54.013999999999996,53.946000000000005,0.0075,0.01
29.03.2021 06:32:18.233 GMT-0700,53.963,53.947,0.0075,0
29.03.2021 06:32:18.283 GMT-0700,53.973000000000006,53.877,0.01,0.01
29.03.2021 06:32:18.334 GMT-0700,54.004,53.906000000000006,0.01,0.01
29.03.2021 06:32:18.446 GMT-0700,53.973000000000006,53.907,0.01,0.01
29.03.2021 06:32:18.569 GMT-0700,54.003,53.907,0.01,0.01
29.03.2021 06:32:18.619 GMT-0700,54.003,53.917,0.01,0.01
29.03.2021 06:32:18.988 GMT-0700,53.973000000000006,53.917,0.0075,0
29.03.2021 06:32:19.039 GMT-0700,53.973000000000006,53.907,0.01,0.01
29.03.2021 06:32:19.140 GMT-0700,54.003,53.907,0.01,0.01
29.03.2021 06:32:20.039 GMT-0700,54.003,53.927,0.01,0
29.03.2021 06:32:20.089 GMT-0700,54.003,53.907,0.01,0.01
29.03.2021 06:32:20.233 GMT-0700,53.983000000000004,53.907,0.0075,0.01
29.03.2021 06:32:20.284 GMT-0700,53.993,53.907,0.01,0.01
29.03.2021 06:32:22.204 GMT-0700,54.033,53.957,0.01,0.01
29.03.2021 06:32:22.702 GMT-0700,53.963,53.957,0.0075,0
29.03.2021 06:32:22.753 GMT-0700,53.973000000000006,53.877,0.01,0.01
29.03.2021 06:32:22.822 GMT-0700,53.973000000000006,53.897,0.01,0
29.03.2021 06:32:22.872 GMT-0700,53.983000000000004,53.897,0.01,0.01
29.03.2021 06:32:23.585 GMT-0700,53.993,53.897,0.01,0.01
29.03.2021 06:32:23.656 GMT-0700,53.983000000000004,53.897,0.0075,0.01
29.03.2021 06:32:23.807 GMT-0700,53.993,53.897,0.01,0.01
29.03.2021 06:32:24.017 GMT-0700,53.993,53.927,0.01,0
29.03.2021 06:32:24.118 GMT-0700,53.993,53.897,0.01,0.01
29.03.2021 06:32:24.168 GMT-0700,54.013000000000005,53.947,0.01,0.01
29.03.2021 06:32:24.219 GMT-0700,54.033,53.947,0.01,0.01
29.03.2021 06:32:24.319 GMT-0700,54.043000000000006,53.947,0.01,0.01
29.03.2021 06:32:24.514 GMT-0700,54.043000000000006,53.957,0.01,0
29.03.2021 06:32:24.968 GMT-0700,54.033,53.957,0.01,0.01
29.03.2021 06:32:25.018 GMT-0700,54.033,53.927,0.01,0.01
29.03.2021 06:32:25.068 GMT-0700,54.013000000000005,53.927,0.01,0.01
29.03.2021 06:32:25.460 GMT-0700,53.983000000000004,53.917,0.01,0.01
29.03.2021 06:32:25.511 GMT-0700,54.013000000000005,53.897,0.01,0.01
29.03.2021 06:32:25.561 GMT-0700,54.013000000000005,53.927,0.01,0.01
29.03.2021 06:32:25.662 GMT-0700,54.013000000000005,53.897,0.01,0.01
29.03.2021 06:32:25.712 GMT-0700,54.013000000000005,53.927,0.01,0.01
29.03.2021 06:32:26.202 GMT-0700,53.983000000000004,53.927,0,0.01
29.03.2021 06:32:26.253 GMT-0700,54.013999999999996,53.89600000000001,0.01,0.01
29.03.2021 06:32:26.303 GMT-0700,54.003,53.907,0.01,0.01
29.03.2021 06:32:26.486 GMT-0700,53.994,53.926,0,0.01
29.03.2021 06:32:26.675 GMT-0700,53.993,53.947,0.01,0.01
29.03.2021 06:32:26.944 GMT-0700,53.973000000000006,53.897,0.01,0.01
29.03.2021 06:32:27.185 GMT-0700,53.973000000000006,53.927,0.01,0.0075
29.03.2021 06:32:27.236 GMT-0700,53.973000000000006,53.897,0.01,0.01
29.03.2021 06:32:27.286 GMT-0700,53.974,53.926,0.01,0.01
29.03.2021 06:32:31.154 GMT-0700,53.963,53.937,0.0075,0.0075
29.03.2021 06:32:31.204 GMT-0700,53.963,53.927,0.01,0.01
29.03.2021 06:32:31.703 GMT-0700,53.923,53.877,0.01,0.01
29.03.2021 06:32:31.753 GMT-0700,53.913000000000004,53.877,0.01,0.01
29.03.2021 06:32:32.824 GMT-0700,53.894,53.816,0.01,0.01
29.03.2021 06:32:32.875 GMT-0700,53.903999999999996,53.846000000000004,0.01,0.01
29.03.2021 06:32:33.170 GMT-0700,53.903000000000006,53.857,0.01,0
29.03.2021 06:32:33.220 GMT-0700,53.903000000000006,53.847,0.01,0.01
29.03.2021 06:32:33.889 GMT-0700,53.913000000000004,53.847,0.01,0.01
29.03.2021 06:32:33.939 GMT-0700,53.943000000000005,53.877,0.01,0.01
29.03.2021 06:32:33.990 GMT-0700,53.953,53.877,0.01,0.01
29.03.2021 06:32:34.551 GMT-0700,53.913000000000004,53.877,0,0.0075
29.03.2021 06:32:34.601 GMT-0700,53.923,53.847,0.01,0.01
29.03.2021 06:32:34.652 GMT-0700,53.943000000000005,53.847,0.01,0.01
29.03.2021 06:32:34.733 GMT-0700,53.923,53.847,0,0.01
29.03.2021 06:32:34.884 GMT-0700,53.893,53.817,0.01,0.01
29.03.2021 06:32:34.986 GMT-0700,53.913000000000004,53.877,0.01,0.01
29.03.2021 06:32:35.037 GMT-0700,53.913000000000004,53.847,0.01,0.01
29.03.2021 06:32:35.087 GMT-0700,53.913000000000004,53.887,0.01,0.01
29.03.2021 06:32:35.238 GMT-0700,53.913000000000004,53.847,0.01,0.01
29.03.2021 06:32:35.897 GMT-0700,53.923,53.847,0.01,0.01
29.03.2021 06:32:36.285 GMT-0700,53.943000000000005,53.847,0.01,0.01
29.03.2021 06:32:36.335 GMT-0700,53.913000000000004,53.817,0.01,0.01
29.03.2021 06:32:36.640 GMT-0700,53.873000000000005,53.817,0.0075,0
29.03.2021 06:32:36.690 GMT-0700,53.883,53.797,0.01,0.01
29.03.2021 06:32:36.741 GMT-0700,53.873000000000005,53.797,0.01,0.01
29.03.2021 06:32:36.791 GMT-0700,53.883,53.797,0.01,0.01
29.03.2021 06:32:36.866 GMT-0700,53.883,53.817,0.01,0.01
29.03.2021 06:32:37.192 GMT-0700,53.903000000000006,53.817,0.01,0.01
29.03.2021 06:32:37.242 GMT-0700,53.903000000000006,53.857,0.01,0.01
29.03.2021 06:32:37.293 GMT-0700,53.924,53.846000000000004,0.01,0.01
29.03.2021 06:32:37.442 GMT-0700,53.913000000000004,53.847,0,0.01
29.03.2021 06:32:37.493 GMT-0700,53.923,53.847,0.01,0.01
29.03.2021 06:32:37.823 GMT-0700,53.923,53.827,0.01,0.01
29.03.2021 06:32:37.874 GMT-0700,53.923,53.847,0.01,0.01
29.03.2021 06:32:37.924 GMT-0700,53.913000000000004,53.817,0.01,0.01
29.03.2021 06:32:38.315 GMT-0700,53.923,53.857,0.01,0
29.03.2021 06:32:38.466 GMT-0700,53.924,53.816,0.01,0.01
29.03.2021 06:32:38.537 GMT-0700,53.923,53.857,0.01,0
29.03.2021 06:32:39.563 GMT-0700,53.923,53.817,0.01,0.01
29.03.2021 06:32:39.989 GMT-0700,53.924,53.856,0.01,0.01
29.03.2021 06:32:40.095 GMT-0700,53.923,53.817,0.01,0.01
29.03.2021 06:32:40.223 GMT-0700,53.903000000000006,53.817,0.0075,0.01
29.03.2021 06:32:40.274 GMT-0700,53.923,53.817,0.01,0.01
29.03.2021 06:32:40.598 GMT-0700,53.923,53.857,0.01,0.0075
29.03.2021 06:32:41.622 GMT-0700,53.923,53.817,0.01,0.01
29.03.2021 06:32:41.760 GMT-0700,53.923,53.857,0.01,0.01
29.03.2021 06:32:41.937 GMT-0700,53.923,53.817,0.01,0.01
29.03.2021 06:32:42.041 GMT-0700,53.923,53.857,0.01,0.0075
29.03.2021 06:32:42.605 GMT-0700,53.923,53.817,0.01,0.01
29.03.2021 06:32:42.811 GMT-0700,53.923,53.857,0.01,0.0075
29.03.2021 06:32:43.013 GMT-0700,53.924,53.816,0.01,0.01
29.03.2021 06:32:43.237 GMT-0700,53.924,53.836000000000006,0.01,0.0075
29.03.2021 06:32:43.413 GMT-0700,53.923,53.867,0.01,0.01
29.03.2021 06:32:44.096 GMT-0700,53.923,53.836999999999996,0.01,0.01
29.03.2021 06:32:44.147 GMT-0700,53.883,53.836999999999996,0.01,0.01
29.03.2021 06:32:44.539 GMT-0700,53.923,53.836999999999996,0.01,0.01
29.03.2021 06:32:45.217 GMT-0700,53.883,53.836999999999996,0.0075,0.01
29.03.2021 06:32:46.672 GMT-0700,53.883,53.857,0,0.0075
29.03.2021 06:32:46.722 GMT-0700,53.913999999999994,53.836000000000006,0.01,0.01
29.03.2021 06:32:47.102 GMT-0700,53.883,53.836999999999996,0.0075,0.01
29.03.2021 06:32:47.153 GMT-0700,53.913000000000004,53.836999999999996,0.01,0.01
29.03.2021 06:32:47.454 GMT-0700,53.883,53.836999999999996,0.0075,0.01
29.03.2021 06:32:47.554 GMT-0700,53.913000000000004,53.836999999999996,0.01,0.01
29.03.2021 06:32:47.772 GMT-0700,53.913000000000004,53.847,0.01,0.0075
29.03.2021 06:32:48.266 GMT-0700,53.913000000000004,53.857,0.01,0.0075
29.03.2021 06:32:48.317 GMT-0700,53.913000000000004,53.847,0.01,0.01
29.03.2021 06:32:48.367 GMT-0700,53.913999999999994,53.876000000000005,0.01,0.01
29.03.2021 06:32:48.618 GMT-0700,53.903999999999996,53.876000000000005,0.0075,0
29.03.2021 06:32:48.668 GMT-0700,53.913000000000004,53.847,0.01,0.01
29.03.2021 06:32:49.998 GMT-0700,53.913000000000004,53.857,0.01,0.0075
29.03.2021 06:32:50.150 GMT-0700,53.913000000000004,53.867,0.01,0
29.03.2021 06:32:50.201 GMT-0700,53.913000000000004,53.857,0.01,0.01
29.03.2021 06:32:50.260 GMT-0700,53.913000000000004,53.867,0.01,0
29.03.2021 06:32:50.310 GMT-0700,53.913999999999994,53.856,0.01,0.01
29.03.2021 06:32:50.510 GMT-0700,53.913000000000004,53.877,0.01,0
29.03.2021 06:32:50.692 GMT-0700,53.92,53.907,0,0.0075
29.03.2021 06:32:50.743 GMT-0700,53.943000000000005,53.887,0.01,0.01
29.03.2021 06:32:50.794 GMT-0700,53.943000000000005,53.877,0.01,0.01
29.03.2021 06:32:51.036 GMT-0700,53.983000000000004,53.887,0.01,0.01
29.03.2021 06:32:51.086 GMT-0700,53.943000000000005,53.877,0.01,0.01
29.03.2021 06:32:52.124 GMT-0700,53.973000000000006,53.897,0.01,0.01
29.03.2021 06:32:52.225 GMT-0700,53.943000000000005,53.877,0.01,0.01
29.03.2021 06:32:52.375 GMT-0700,53.934,53.846000000000004,0.01,0.01
29.03.2021 06:32:52.426 GMT-0700,53.934,53.836000000000006,0.01,0.01
29.03.2021 06:32:52.476 GMT-0700,53.893,53.836999999999996,0.01,0.01
29.03.2021 06:32:52.545 GMT-0700,53.903000000000006,53.836999999999996,0.01,0.01
29.03.2021 06:32:55.349 GMT-0700,53.903000000000006,53.817,0.01,0.01
29.03.2021 06:32:58.751 GMT-0700,53.893,53.817,0.01,0.01
29.03.2021 06:32:58.802 GMT-0700,53.903000000000006,53.817,0.01,0.01
29.03.2021 06:32:58.857 GMT-0700,53.903999999999996,53.846000000000004,0.01,0
29.03.2021 06:33:00.057 GMT-0700,53.903000000000006,53.857,0.01,0.0075
29.03.2021 06:33:00.174 GMT-0700,53.943000000000005,53.897,0.01,0.01
29.03.2021 06:33:00.225 GMT-0700,53.973000000000006,53.907,0.01,0.01
29.03.2021 06:33:00.325 GMT-0700,53.963,53.927,0,0.01
29.03.2021 06:33:00.375 GMT-0700,53.973000000000006,53.927,0.01,0.01
29.03.2021 06:33:00.426 GMT-0700,54.003,53.927,0.01,0.01
29.03.2021 06:33:00.476 GMT-0700,54.013000000000005,53.937,0.01,0.01
29.03.2021 06:33:01.777 GMT-0700,54.003,53.937,0.01,0.0075
29.03.2021 06:33:02.015 GMT-0700,54.003,53.927,0.01,0.01
29.03.2021 06:33:02.119 GMT-0700,53.963,53.927,0.0075,0.01
29.03.2021 06:33:02.169 GMT-0700,53.973000000000006,53.927,0.01,0.01
29.03.2021 06:33:03.962 GMT-0700,54.013000000000005,53.937,0.01,0.01
29.03.2021 06:33:04.013 GMT-0700,54.013000000000005,53.927,0.01,0.01
29.03.2021 06:33:04.159 GMT-0700,54.013000000000005,53.937,0.01,0
29.03.2021 06:33:04.335 GMT-0700,54.013000000000005,53.927,0.01,0.01
29.03.2021 06:33:04.457 GMT-0700,54.013000000000005,53.937,0.01,0.01
29.03.2021 06:33:05.089 GMT-0700,54.043000000000006,53.947,0.01,0.01
29.03.2021 06:33:05.140 GMT-0700,54.013000000000005,53.937,0.01,0.01
29.03.2021 06:33:05.883 GMT-0700,54.044,53.976000000000006,0.01,0.01
29.03.2021 06:33:05.933 GMT-0700,54.063,53.987,0.01,0.01
29.03.2021 06:33:05.984 GMT-0700,54.063,53.997,0.01,0.01
29.03.2021 06:33:06.373 GMT-0700,54.043000000000006,53.997,0,0.01
29.03.2021 06:33:07.098 GMT-0700,54.023,53.937,0.01,0.01
29.03.2021 06:33:07.198 GMT-0700,54.013000000000005,53.967,0.01,0.01
29.03.2021 06:33:07.249 GMT-0700,54.013000000000005,53.927,0.01,0.01
29.03.2021 06:33:07.299 GMT-0700,54.013000000000005,53.937,0.01,0.01
29.03.2021 06:33:07.350 GMT-0700,54.013000000000005,53.927,0.01,0.01
29.03.2021 06:33:07.459 GMT-0700,53.973000000000006,53.927,0.01,0.01
29.03.2021 06:33:07.570 GMT-0700,54.013000000000005,53.927,0.01,0.01
29.03.2021 06:33:07.676 GMT-0700,54.003,53.927,0.0075,0.01
29.03.2021 06:33:07.885 GMT-0700,53.973000000000006,53.927,0,0.01
29.03.2021 06:33:07.935 GMT-0700,54.013999999999996,53.926,0.01,0.01
29.03.2021 06:33:07.995 GMT-0700,53.974,53.926,0,0.01
29.03.2021 06:33:08.046 GMT-0700,54.013000000000005,53.927,0.01,0.01
29.03.2021 06:33:08.221 GMT-0700,54.013999999999996,53.946000000000005,0.01,0
29.03.2021 06:33:08.272 GMT-0700,54.003,53.927,0.01,0.01
29.03.2021 06:33:08.372 GMT-0700,54.003,53.947,0.01,0.01
29.03.2021 06:33:08.423 GMT-0700,54.013000000000005,53.947,0.01,0.01
29.03.2021 06:33:08.863 GMT-0700,54.003,53.947,0.01,0.01
29.03.2021 06:33:08.913 GMT-0700,54.013000000000005,53.947,0.01,0.01
29.03.2021 06:33:09.075 GMT-0700,54.003,53.947,0,0.01
29.03.2021 06:33:09.125 GMT-0700,54.003,53.927,0.01,0.01
29.03.2021 06:33:09.559 GMT-0700,53.963,53.927,0.0075,0.01
29.03.2021 06:33:09.609 GMT-0700,53.973000000000006,53.857,0.01,0.01
29.03.2021 06:33:09.686 GMT-0700,53.963,53.857,0.01,0.01
29.03.2021 06:33:09.736 GMT-0700,53.974,53.856,0.01,0.01
29.03.2021 06:33:09.834 GMT-0700,53.974,53.89600000000001,0.01,0.0075
29.03.2021 06:33:09.884 GMT-0700,53.943000000000005,53.857,0.01,0.01
29.03.2021 06:33:10.126 GMT-0700,53.973000000000006,53.867,0.01,0
29.03.2021 06:33:10.226 GMT-0700,53.973000000000006,53.857,0.01,0.01
29.03.2021 06:33:11.528 GMT-0700,53.973000000000006,53.897,0.01,0
29.03.2021 06:33:11.578 GMT-0700,53.973000000000006,53.857,0.01,0.01
29.03.2021 06:33:11.822 GMT-0700,53.963,53.857,0,0.01
29.03.2021 06:33:11.986 GMT-0700,53.943000000000005,53.857,0.01,0.01
29.03.2021 06:33:12.136 GMT-0700,53.943000000000005,53.897,0.01,0.01
29.03.2021 06:33:12.458 GMT-0700,54.013000000000005,53.937,0.01,0.01
29.03.2021 06:33:12.599 GMT-0700,53.973000000000006,53.937,0.01,0.01
29.03.2021 06:33:12.942 GMT-0700,53.964,53.93600000000001,0,0.0075
29.03.2021 06:33:12.993 GMT-0700,53.963,53.897,0.01,0.01
29.03.2021 06:33:13.074 GMT-0700,53.963,53.917,0,0.0075
29.03.2021 06:33:13.124 GMT-0700,54.013000000000005,53.897,0.01,0.01
29.03.2021 06:33:13.225 GMT-0700,53.973000000000006,53.897,0.01,0.01
29.03.2021 06:33:13.349 GMT-0700,54.003,53.897,0.01,0.01
29.03.2021 06:33:13.400 GMT-0700,53.973000000000006,53.897,0.01,0.01
29.03.2021 06:33:13.804 GMT-0700,53.963,53.897,0.01,0.01
29.03.2021 06:33:13.855 GMT-0700,53.973000000000006,53.897,0.01,0.01
29.03.2021 06:33:14.184 GMT-0700,53.943000000000005,53.897,0.0075,0
29.03.2021 06:33:14.234 GMT-0700,53.953,53.867,0.01,0.01
29.03.2021 06:33:14.285 GMT-0700,53.973000000000006,53.867,0.01,0.01
29.03.2021 06:33:14.574 GMT-0700,53.973000000000006,53.857,0.01,0.01
29.03.2021 06:33:14.774 GMT-0700,53.973000000000006,53.867,0.01,0.0075
29.03.2021 06:33:14.824 GMT-0700,53.973000000000006,53.857,0.01,0.01
29.03.2021 06:33:15.986 GMT-0700,53.973000000000006,53.907,0.01,0.01
29.03.2021 06:33:16.036 GMT-0700,53.973000000000006,53.877,0.01,0.01
29.03.2021 06:33:16.110 GMT-0700,53.973000000000006,53.907,0.01,0
29.03.2021 06:33:16.374 GMT-0700,53.953,53.907,0.0075,0.01
29.03.2021 06:33:16.544 GMT-0700,53.943000000000005,53.907,0,0.01
29.03.2021 06:33:16.993 GMT-0700,53.953,53.907,0.01,0.01
29.03.2021 06:33:18.621 GMT-0700,54.003,53.907,0.01,0.01
29.03.2021 06:33:18.671 GMT-0700,54.003,53.937,0.01,0.01
29.03.2021 06:33:18.721 GMT-0700,53.993,53.907,0.01,0.01
29.03.2021 06:33:18.822 GMT-0700,54.004,53.93600000000001,0.01,0.01
29.03.2021 06:33:18.962 GMT-0700,54.003,53.907,0.01,0.01
29.03.2021 06:33:19.654 GMT-0700,54.013000000000005,53.907,0.01,0.01
29.03.2021 06:33:20.106 GMT-0700,54.013000000000005,53.937,0.01,0.01
29.03.2021 06:33:20.221 GMT-0700,53.964,53.93600000000001,0,0.0075
29.03.2021 06:33:20.272 GMT-0700,53.973000000000006,53.907,0.01,0.01
29.03.2021 06:33:20.348 GMT-0700,53.943999999999996,53.906000000000006,0,0.0075
29.03.2021 06:33:20.422 GMT-0700,53.933,53.867,0.01,0.01
29.03.2021 06:33:20.472 GMT-0700,53.933,53.877,0.01,0.01
29.03.2021 06:33:20.522 GMT-0700,53.943000000000005,53.877,0.01,0.01
29.03.2021 06:33:20.573 GMT-0700,53.943000000000005,53.887,0.01,0.01
29.03.2021 06:33:20.623 GMT-0700,53.943000000000005,53.877,0.01,0.01
29.03.2021 06:33:20.693 GMT-0700,53.963,53.877,0.01,0.01
29.03.2021 06:33:20.744 GMT-0700,53.963,53.887,0.01,0.01
29.03.2021 06:33:20.966 GMT-0700,53.943000000000005,53.887,0.0075,0.01
29.03.2021 06:33:21.067 GMT-0700,53.943000000000005,53.877,0.01,0.01
29.03.2021 06:33:21.280 GMT-0700,53.923,53.877,0.01,0.01
29.03.2021 06:33:21.331 GMT-0700,53.933,53.877,0.01,0.01
29.03.2021 06:33:21.607 GMT-0700,53.913000000000004,53.877,0,0.01
29.03.2021 06:33:21.657 GMT-0700,53.873000000000005,53.827,0.01,0.01
29.03.2021 06:33:22.164 GMT-0700,53.873000000000005,53.847,0.01,0.01
29.03.2021 06:33:22.386 GMT-0700,53.903999999999996,53.846000000000004,0.01,0.01
29.03.2021 06:33:23.274 GMT-0700,53.883,53.847,0,0.0075
29.03.2021 06:33:23.324 GMT-0700,53.893,53.817,0.01,0.01
29.03.2021 06:33:23.665 GMT-0700,53.893,53.847,0.01,0.01
29.03.2021 06:33:23.803 GMT-0700,53.893,53.817,0.01,0.01
29.03.2021 06:33:24.058 GMT-0700,53.893,53.867,0.0075,0
29.03.2021 06:33:24.108 GMT-0700,53.943000000000005,53.877,0.01,0.01
29.03.2021 06:33:24.158 GMT-0700,53.943000000000005,53.887,0.01,0.01
29.03.2021 06:33:24.209 GMT-0700,53.943000000000005,53.847,0.01,0.01
29.03.2021 06:33:24.301 GMT-0700,53.943000000000005,53.877,0.01,0
29.03.2021 06:33:24.467 GMT-0700,53.943000000000005,53.847,0.01,0.01
29.03.2021 06:33:24.650 GMT-0700,53.943999999999996,53.876000000000005,0.01,0.01
29.03.2021 06:33:24.700 GMT-0700,53.943000000000005,53.847,0.01,0.01
29.03.2021 06:33:24.761 GMT-0700,53.934,53.846000000000004,0.0075,0.01
29.03.2021 06:33:24.892 GMT-0700,53.933,53.877,0,0.0075
29.03.2021 06:33:24.993 GMT-0700,53.973000000000006,53.897,0.01,0.01
29.03.2021 06:33:25.167 GMT-0700,53.943000000000005,53.897,0.01,0.01
29.03.2021 06:33:25.217 GMT-0700,53.973000000000006,53.897,0.01,0.01
29.03.2021 06:33:25.435 GMT-0700,53.943000000000005,53.897,0.0075,0.01
29.03.2021 06:33:25.485 GMT-0700,53.973000000000006,53.897,0.01,0.01
29.03.2021 06:33:25.675 GMT-0700,53.943000000000005,53.897,0,0.01
29.03.2021 06:33:25.868 GMT-0700,53.973000000000006,53.897,0.01,0.01
29.03.2021 06:33:26.243 GMT-0700,53.943000000000005,53.897,0,0.01
29.03.2021 06:33:26.394 GMT-0700,53.923,53.847,0.01,0.01
29.03.2021 06:33:26.447 GMT-0700,53.913000000000004,53.857,0.0075,0.0075
29.03.2021 06:33:26.497 GMT-0700,53.913000000000004,53.847,0.01,0.01
29.03.2021 06:33:26.729 GMT-0700,53.913000000000004,53.817,0.01,0.01
29.03.2021 06:33:27.119 GMT-0700,53.913000000000004,53.847,0.01,0.01
29.03.2021 06:33:27.169 GMT-0700,53.913000000000004,53.817,0.01,0.01
29.03.2021 06:33:27.288 GMT-0700,53.913000000000004,53.847,0.01,0
29.03.2021 06:33:30.094 GMT-0700,53.913000000000004,53.857,0,0.0075
29.03.2021 06:33:30.144 GMT-0700,53.943000000000005,53.877,0.01,0.01
29.03.2021 06:33:30.364 GMT-0700,53.943000000000005,53.907,0.01,0
29.03.2021 06:33:30.415 GMT-0700,53.973000000000006,53.907,0.01,0.01
29.03.2021 06:33:30.515 GMT-0700,53.943000000000005,53.907,0.01,0.01
29.03.2021 06:33:31.172 GMT-0700,53.973000000000006,53.907,0.01,0.01
29.03.2021 06:33:31.311 GMT-0700,53.943000000000005,53.907,0,0.0075
29.03.2021 06:33:31.362 GMT-0700,53.943000000000005,53.887,0.01,0.01
29.03.2021 06:33:31.412 GMT-0700,53.923,53.887,0.01,0.01
29.03.2021 06:33:31.583 GMT-0700,53.924,53.856,0.01,0.01
29.03.2021 06:33:31.633 GMT-0700,53.923,53.877,0.01,0.01
29.03.2021 06:33:32.237 GMT-0700,53.923,53.857,0.01,0.01
29.03.2021 06:33:32.558 GMT-0700,53.903000000000006,53.857,0.0075,0.01
29.03.2021 06:33:32.608 GMT-0700,53.913000000000004,53.857,0.01,0.01
29.03.2021 06:33:32.710 GMT-0700,53.883,53.857,0,0.0075
29.03.2021 06:33:32.760 GMT-0700,53.884,53.806000000000004,0.01,0.01
29.03.2021 06:33:32.810 GMT-0700,53.883,53.827,0.01,0.01
29.03.2021 06:33:33.057 GMT-0700,53.883,53.836999999999996,0.01,0.0075
29.03.2021 06:33:34.159 GMT-0700,53.903000000000006,53.836999999999996,0.01,0.01
29.03.2021 06:33:34.361 GMT-0700,53.883,53.836999999999996,0.0075,0.01
29.03.2021 06:33:35.216 GMT-0700,53.883,53.847,0.0075,0
29.03.2021 06:33:35.266 GMT-0700,53.913000000000004,53.847,0.01,0.01
29.03.2021 06:33:35.581 GMT-0700,53.913000000000004,53.867,0.01,0.0075
29.03.2021 06:33:35.740 GMT-0700,53.873000000000005,53.857,0.0075,0
29.03.2021 06:33:35.791 GMT-0700,53.873000000000005,53.836999999999996,0.01,0.01
29.03.2021 06:33:36.525 GMT-0700,53.873000000000005,53.847,0.01,0.0075
29.03.2021 06:33:36.756 GMT-0700,53.913999999999994,53.846000000000004,0.01,0.01
29.03.2021 06:33:37.293 GMT-0700,53.893,53.867,0.01,0.01
29.03.2021 06:33:37.343 GMT-0700,53.913999999999994,53.856,0.01,0.01
29.03.2021 06:33:39.807 GMT-0700,53.913000000000004,53.867,0.01,0.01
29.03.2021 06:33:40.365 GMT-0700,53.883,53.867,0,0.0075
29.03.2021 06:33:40.415 GMT-0700,53.873000000000005,53.807,0.01,0.01
29.03.2021 06:33:40.830 GMT-0700,53.884,53.816,0.01,0.0075
29.03.2021 06:33:41.050 GMT-0700,53.883,53.807,0.01,0.01
29.03.2021 06:33:42.093 GMT-0700,53.883,53.817,0.01,0
29.03.2021 06:33:42.594 GMT-0700,53.883,53.807,0.01,0.01
29.03.2021 06:33:42.675 GMT-0700,53.884,53.816,0.01,0
29.03.2021 06:33:43.404 GMT-0700,53.883,53.797,0.01,0.01
29.03.2021 06:33:43.970 GMT-0700,53.883,53.817,0.01,0
29.03.2021 06:33:44.676 GMT-0700,53.913000000000004,53.817,0.01,0.01
29.03.2021 06:33:44.727 GMT-0700,53.913000000000004,53.847,0.01,0.01
29.03.2021 06:33:45.067 GMT-0700,53.913000000000004,53.857,0.0075,0
29.03.2021 06:33:45.117 GMT-0700,53.913000000000004,53.847,0.01,0.01
29.03.2021 06:33:45.224 GMT-0700,53.893,53.817,0.01,0.01
29.03.2021 06:33:45.340 GMT-0700,53.913000000000004,53.817,0.01,0.01
29.03.2021 06:33:46.126 GMT-0700,53.883,53.817,0,0.01
29.03.2021 06:33:46.227 GMT-0700,53.913000000000004,53.817,0.01,0.01
29.03.2021 06:33:46.441 GMT-0700,53.913000000000004,53.847,0.01,0.0075
29.03.2021 06:33:48.047 GMT-0700,53.883,53.847,0,0.01
29.03.2021 06:33:48.097 GMT-0700,53.913000000000004,53.847,0.01,0.01
29.03.2021 06:33:48.869 GMT-0700,53.883,53.847,0.0075,0.01
29.03.2021 06:33:49.615 GMT-0700,53.913000000000004,53.847,0.01,0.01
29.03.2021 06:33:49.698 GMT-0700,53.883,53.847,0.0075,0.01
29.03.2021 06:33:49.749 GMT-0700,53.913000000000004,53.847,0.01,0.01
29.03.2021 06:33:50.082 GMT-0700,53.883,53.847,0.0075,0.01
29.03.2021 06:33:50.599 GMT-0700,53.913000000000004,53.847,0.01,0.01
29.03.2021 06:33:50.655 GMT-0700,53.883,53.847,0.01,0.01
29.03.2021 06:33:51.287 GMT-0700,53.863,53.847,0,0.0075
29.03.2021 06:33:51.338 GMT-0700,53.913000000000004,53.827,0.01,0.01
29.03.2021 06:33:51.875 GMT-0700,53.913999999999994,53.836000000000006,0.01,0.0075
29.03.2021 06:33:51.975 GMT-0700,53.913000000000004,53.827,0.01,0.01
29.03.2021 06:33:53.125 GMT-0700,53.943000000000005,53.877,0.01,0.01
29.03.2021 06:33:53.226 GMT-0700,53.943000000000005,53.897,0.01,0.01
29.03.2021 06:33:53.334 GMT-0700,53.943000000000005,53.887,0.01,0.01
29.03.2021 06:33:53.433 GMT-0700,53.943000000000005,53.907,0.01,0
29.03.2021 06:33:53.483 GMT-0700,53.943000000000005,53.867,0.01,0.01
29.03.2021 06:33:54.399 GMT-0700,53.943000000000005,53.907,0,0.0075
29.03.2021 06:33:54.449 GMT-0700,53.973000000000006,53.867,0.01,0.01
29.03.2021 06:33:54.578 GMT-0700,53.974,53.89600000000001,0.01,0.01
29.03.2021 06:33:54.830 GMT-0700,53.973000000000006,53.927,0.01,0.01
29.03.2021 06:33:54.979 GMT-0700,53.973000000000006,53.957,0.0075,0
29.03.2021 06:33:55.029 GMT-0700,54.013000000000005,53.957,0.01,0.01
29.03.2021 06:33:55.351 GMT-0700,54.003,53.957,0,0.01
29.03.2021 06:33:56.779 GMT-0700,54.003,53.967,0.01,0.0075
29.03.2021 06:33:57.181 GMT-0700,54.003,53.957,0.01,0.01
29.03.2021 06:33:57.231 GMT-0700,54.003,53.977,0.01,0.01
29.03.2021 06:33:57.281 GMT-0700,54.073,53.977,0.01,0.01
29.03.2021 06:33:57.332 GMT-0700,54.043000000000006,53.977,0.01,0.01
29.03.2021 06:33:57.432 GMT-0700,54.083000000000006,54.007,0.01,0.01
29.03.2021 06:33:57.552 GMT-0700,54.053000000000004,54.016999999999996,0.0075,0.0075
29.03.2021 06:33:59.194 GMT-0700,54.053000000000004,53.977,0.01,0.01
29.03.2021 06:33:59.250 GMT-0700,54.053000000000004,54.007,0.01,0.0075
29.03.2021 06:33:59.437 GMT-0700,54.053000000000004,53.977,0.01,0.01
29.03.2021 06:33:59.541 GMT-0700,54.053000000000004,54.016999999999996,0.01,0.0075
29.03.2021 06:34:00.708 GMT-0700,54.083000000000006,54.016999999999996,0.01,0.01
29.03.2021 06:34:01.324 GMT-0700,54.083999999999996,54.036,0,0.0075
29.03.2021 06:34:01.375 GMT-0700,54.093,54.016999999999996,0.01,0.01
29.03.2021 06:34:01.733 GMT-0700,54.093,54.057,0.01,0.01
29.03.2021 06:34:01.836 GMT-0700,54.083000000000006,54.057,0.01,0.01
29.03.2021 06:34:02.089 GMT-0700,54.103,54.016999999999996,0.01,0.01
29.03.2021 06:34:02.142 GMT-0700,54.103,54.037,0.01,0
29.03.2021 06:34:02.243 GMT-0700,54.083000000000006,54.016999999999996,0.01,0.01
29.03.2021 06:34:02.546 GMT-0700,54.113,54.016999999999996,0.01,0.01
29.03.2021 06:34:02.647 GMT-0700,54.113,54.057,0.01,0.01
29.03.2021 06:34:02.780 GMT-0700,54.163000000000004,54.057,0.01,0.01
29.03.2021 06:34:02.880 GMT-0700,54.163000000000004,54.077,0.01,0.01
29.03.2021 06:34:03.315 GMT-0700,54.114,54.07600000000001,0,0.01
29.03.2021 06:34:04.007 GMT-0700,54.083000000000006,54.016999999999996,0.01,0.01
29.03.2021 06:34:04.285 GMT-0700,54.083000000000006,54.027,0.01,0.01
29.03.2021 06:34:04.335 GMT-0700,54.083000000000006,54.016999999999996,0.01,0.01
29.03.2021 06:34:04.404 GMT-0700,54.083000000000006,54.027,0.01,0.0075
29.03.2021 06:34:04.835 GMT-0700,54.083000000000006,54.016999999999996,0.01,0.01
29.03.2021 06:34:04.951 GMT-0700,54.083000000000006,54.027,0.01,0.01
29.03.2021 06:34:05.002 GMT-0700,54.083000000000006,54.016999999999996,0.01,0.01
29.03.2021 06:34:05.348 GMT-0700,54.083000000000006,54.037,0.01,0.0075
29.03.2021 06:34:05.399 GMT-0700,54.113,54.016999999999996,0.01,0.01
29.03.2021 06:34:05.449 GMT-0700,54.083000000000006,54.007,0.01,0.01
29.03.2021 06:34:05.499 GMT-0700,54.113,54.016999999999996,0.01,0.01
29.03.2021 06:34:06.317 GMT-0700,54.113,54.057,0.01,0.01
29.03.2021 06:34:06.368 GMT-0700,54.113,54.047,0.01,0.01
29.03.2021 06:34:06.645 GMT-0700,54.093,54.047,0.0075,0.01
29.03.2021 06:34:08.053 GMT-0700,54.093,54.027,0.01,0.01
29.03.2021 06:34:08.113 GMT-0700,54.083000000000006,54.027,0.0075,0
29.03.2021 06:34:08.164 GMT-0700,54.083000000000006,54.016999999999996,0.01,0.01
29.03.2021 06:34:08.306 GMT-0700,54.093,54.047,0.01,0.01
29.03.2021 06:34:08.503 GMT-0700,54.093,54.016999999999996,0.01,0.01
29.03.2021 06:34:08.569 GMT-0700,54.093,54.057,0.01,0.01
29.03.2021 06:34:08.760 GMT-0700,54.093,54.016999999999996,0.01,0.01
29.03.2021 06:34:09.106 GMT-0700,54.093,54.057,0.01,0.0075
29.03.2021 06:34:10.363 GMT-0700,54.073,54.057,0.0075,0
29.03.2021 06:34:10.413 GMT-0700,54.083000000000006,54.007,0.01,0.01
29.03.2021 06:34:10.481 GMT-0700,54.083000000000006,54.037,0.01,0.0075
29.03.2021 06:34:10.582 GMT-0700,54.083000000000006,54.007,0.01,0.01
29.03.2021 06:34:11.081 GMT-0700,54.083000000000006,54.037,0.01,0.0075
29.03.2021 06:34:11.433 GMT-0700,54.093,54.037,0.01,0.01
29.03.2021 06:34:12.017 GMT-0700,54.153000000000006,54.086999999999996,0.01,0.01
29.03.2021 06:34:12.682 GMT-0700,54.113,54.086999999999996,0.01,0.01
29.03.2021 06:34:15.779 GMT-0700,54.103,54.086999999999996,0.0075,0
29.03.2021 06:34:15.829 GMT-0700,54.114,54.07600000000001,0.01,0.01
29.03.2021 06:34:15.882 GMT-0700,54.113,54.097,0.01,0.0075
29.03.2021 06:34:15.932 GMT-0700,54.113,54.077,0.01,0.01
29.03.2021 06:34:17.263 GMT-0700,54.163000000000004,54.117,0.01,0.01
29.03.2021 06:34:17.353 GMT-0700,54.163000000000004,54.127,0,0.0075
29.03.2021 06:34:17.403 GMT-0700,54.193000000000005,54.117,0.01,0.01
29.03.2021 06:34:17.955 GMT-0700,54.193000000000005,54.127,0.01,0.01
29.03.2021 06:34:18.350 GMT-0700,54.193000000000005,54.117,0.01,0.01
29.03.2021 06:34:20.027 GMT-0700,54.193000000000005,54.127,0.01,0.0075
29.03.2021 06:34:20.078 GMT-0700,54.193000000000005,54.117,0.01,0.01
29.03.2021 06:34:20.709 GMT-0700,54.193000000000005,54.127,0.0075,0
29.03.2021 06:34:20.759 GMT-0700,54.223000000000006,54.117,0.01,0.01
29.03.2021 06:34:20.810 GMT-0700,54.223000000000006,54.147,0.01,0.01
29.03.2021 06:34:21.064 GMT-0700,54.193000000000005,54.147,0,0.01
29.03.2021 06:34:21.165 GMT-0700,54.223000000000006,54.147,0.01,0.01
29.03.2021 06:34:21.321 GMT-0700,54.223000000000006,54.117,0.01,0.01
29.03.2021 06:34:21.372 GMT-0700,54.213,54.127,0.01,0.01
29.03.2021 06:34:22.085 GMT-0700,54.203,54.167,0.0075,0.01
29.03.2021 06:34:22.278 GMT-0700,54.203,54.127,0.01,0.01
29.03.2021 06:34:22.329 GMT-0700,54.203,54.117,0.01,0.01
29.03.2021 06:34:22.379 GMT-0700,54.203,54.157,0.01,0.01
29.03.2021 06:34:22.566 GMT-0700,54.203,54.167,0.01,0
29.03.2021 06:34:22.616 GMT-0700,54.203,54.157,0.01,0.01
29.03.2021 06:34:22.857 GMT-0700,54.203,54.117,0.01,0.01
29.03.2021 06:34:22.924 GMT-0700,54.204,54.156000000000006,0.01,0.0075
29.03.2021 06:34:24.118 GMT-0700,54.203,54.127,0.01,0.01
29.03.2021 06:34:24.224 GMT-0700,54.203,54.117,0.01,0.01
29.03.2021 06:34:24.420 GMT-0700,54.203,54.157,0.01,0
29.03.2021 06:34:24.696 GMT-0700,54.243,54.187,0.0075,0.01
29.03.2021 06:34:24.796 GMT-0700,54.253,54.157,0.01,0.01
29.03.2021 06:34:24.847 GMT-0700,54.253,54.187,0.01,0.01
29.03.2021 06:34:24.897 GMT-0700,54.253,54.157,0.01,0.01
29.03.2021 06:34:24.948 GMT-0700,54.253,54.187,0.01,0.01
29.03.2021 06:34:25.075 GMT-0700,54.253,54.197,0.01,0.0075
29.03.2021 06:34:25.176 GMT-0700,54.254,54.18600000000001,0.01,0.01
29.03.2021 06:34:25.372 GMT-0700,54.233000000000004,54.187,0,0.01
29.03.2021 06:34:25.473 GMT-0700,54.233000000000004,54.197,0.01,0.01
29.03.2021 06:34:25.523 GMT-0700,54.233000000000004,54.187,0.01,0.01
29.03.2021 06:34:25.734 GMT-0700,54.233000000000004,54.207,0.01,0.0075
29.03.2021 06:34:25.785 GMT-0700,54.283,54.187,0.01,0.01
29.03.2021 06:34:26.264 GMT-0700,54.244,54.18600000000001,0.0075,0.01
29.03.2021 06:34:26.315 GMT-0700,54.203,54.127,0.01,0.01
29.03.2021 06:34:26.418 GMT-0700,54.213,54.117,0.01,0.01
29.03.2021 06:34:26.721 GMT-0700,54.213,54.157,0.01,0.0075
29.03.2021 06:34:26.933 GMT-0700,54.203,54.117,0.01,0.01
29.03.2021 06:34:26.983 GMT-0700,54.193000000000005,54.117,0.01,0.01
29.03.2021 06:34:27.588 GMT-0700,54.193000000000005,54.147,0.01,0.0075
29.03.2021 06:34:29.535 GMT-0700,54.193000000000005,54.117,0.01,0.01
29.03.2021 06:34:29.613 GMT-0700,54.193000000000005,54.147,0.01,0.01
29.03.2021 06:34:30.598 GMT-0700,54.183,54.107,0.01,0.01
29.03.2021 06:34:30.746 GMT-0700,54.163000000000004,54.107,0,0.01
29.03.2021 06:34:30.983 GMT-0700,54.163000000000004,54.077,0.01,0.01
29.03.2021 06:34:31.033 GMT-0700,54.183,54.107,0.01,0.01
29.03.2021 06:34:31.199 GMT-0700,54.173,54.107,0,0.01
29.03.2021 06:34:31.451 GMT-0700,54.183,54.107,0.01,0.01
29.03.2021 06:34:31.610 GMT-0700,54.163000000000004,54.107,0.01,0.01
29.03.2021 06:34:32.192 GMT-0700,54.183,54.107,0.01,0.01
29.03.2021 06:34:32.242 GMT-0700,54.173,54.107,0.01,0.01
29.03.2021 06:34:32.372 GMT-0700,54.183,54.107,0.01,0.01
29.03.2021 06:34:33.226 GMT-0700,54.163000000000004,54.107,0.0075,0.01
29.03.2021 06:34:33.624 GMT-0700,54.184,54.106,0.01,0.01
29.03.2021 06:34:33.675 GMT-0700,54.143,54.107,0.01,0.01
29.03.2021 06:34:33.773 GMT-0700,54.143,54.097,0.01,0.01
29.03.2021 06:34:33.943 GMT-0700,54.143,54.086999999999996,0.01,0
29.03.2021 06:34:33.994 GMT-0700,54.143,54.077,0.01,0.01
29.03.2021 06:34:34.044 GMT-0700,54.143,54.117,0.01,0.01
29.03.2021 06:34:34.412 GMT-0700,54.143,54.107,0.01,0.01
29.03.2021 06:34:34.520 GMT-0700,54.143,54.122,0.01,0.0075
29.03.2021 06:34:35.152 GMT-0700,54.173,54.127,0.01,0.01
29.03.2021 06:34:35.272 GMT-0700,54.153000000000006,54.127,0.0075,0.01
29.03.2021 06:34:36.657 GMT-0700,54.153000000000006,54.077,0.01,0.01
29.03.2021 06:34:36.787 GMT-0700,54.153999999999996,54.096000000000004,0.01,0.0075
29.03.2021 06:34:37.059 GMT-0700,54.153000000000006,54.107,0.01,0.01
29.03.2021 06:34:37.338 GMT-0700,54.153000000000006,54.077,0.01,0.01
29.03.2021 06:34:37.388 GMT-0700,54.113,54.047,0.01,0.01
29.03.2021 06:34:37.439 GMT-0700,54.143,54.067,0.01,0.01
29.03.2021 06:34:37.955 GMT-0700,54.123000000000005,54.047,0.01,0.01
29.03.2021 06:34:38.273 GMT-0700,54.143,54.067,0.01,0.01
29.03.2021 06:34:38.773 GMT-0700,54.123000000000005,54.067,0.0075,0.01
29.03.2021 06:34:38.823 GMT-0700,54.123000000000005,54.047,0.01,0.01
29.03.2021 06:34:39.266 GMT-0700,54.143,54.067,0.01,0.01
29.03.2021 06:34:40.009 GMT-0700,54.133,54.067,0.0075,0.01
29.03.2021 06:34:40.173 GMT-0700,54.143,54.067,0.01,0.01
29.03.2021 06:34:40.649 GMT-0700,54.103,54.067,0.01,0.01
29.03.2021 06:34:41.613 GMT-0700,54.093,54.067,0,0.0075
29.03.2021 06:34:41.663 GMT-0700,54.083000000000006,54.016999999999996,0.01,0.01
29.03.2021 06:34:42.944 GMT-0700,54.083000000000006,54.007,0.01,0.01
29.03.2021 06:34:43.387 GMT-0700,54.083000000000006,54.016999999999996,0.01,0.01
29.03.2021 06:34:43.575 GMT-0700,54.083999999999996,54.00600000000001,0.01,0.01
29.03.2021 06:34:43.626 GMT-0700,54.083000000000006,54.037,0.01,0.01
29.03.2021 06:34:46.114 GMT-0700,54.074,54.016000000000005,0.01,0.01
29.03.2021 06:34:46.362 GMT-0700,54.073,54.055,0.01,0.0075
29.03.2021 06:34:46.412 GMT-0700,54.073,54.016999999999996,0.01,0.01
29.03.2021 06:34:46.553 GMT-0700,54.073,54.037,0.01,0
29.03.2021 06:34:46.754 GMT-0700,54.073,54.016999999999996,0.01,0.01
29.03.2021 06:34:46.930 GMT-0700,54.073,54.007,0.01,0.01
29.03.2021 06:34:47.997 GMT-0700,54.073,54.016999999999996,0.01,0.0075
29.03.2021 06:34:48.147 GMT-0700,54.073,54.007,0.01,0.01
29.03.2021 06:34:48.906 GMT-0700,54.073,54.037,0.01,0.01
29.03.2021 06:34:49.942 GMT-0700,54.074,54.00600000000001,0.01,0.01
29.03.2021 06:34:50.196 GMT-0700,54.073,54.016999999999996,0.01,0.01
29.03.2021 06:34:50.308 GMT-0700,54.073,54.007,0.01,0.01
29.03.2021 06:34:50.572 GMT-0700,54.073,54.016999999999996,0.01,0.01
29.03.2021 06:34:50.622 GMT-0700,54.073,54.007,0.01,0.01
29.03.2021 06:34:50.883 GMT-0700,54.063,54.007,0.0075,0.01
29.03.2021 06:34:50.933 GMT-0700,54.063,53.997,0.01,0.01
29.03.2021 06:34:51.195 GMT-0700,54.043000000000006,53.997,0,0.0075
29.03.2021 06:34:51.246 GMT-0700,54.063,53.977,0.01,0.01
29.03.2021 06:34:51.296 GMT-0700,54.033,53.957,0.01,0.01
29.03.2021 06:34:51.811 GMT-0700,54.033,53.937,0.01,0.01
29.03.2021 06:34:53.008 GMT-0700,54.033,53.967,0.01,0.01
29.03.2021 06:34:53.058 GMT-0700,54.033,53.947,0.01,0.01
29.03.2021 06:34:53.187 GMT-0700,54.004,53.93600000000001,0.01,0.01
29.03.2021 06:34:53.288 GMT-0700,53.993,53.947,0.01,0.01
29.03.2021 06:34:53.338 GMT-0700,53.993,53.937,0.01,0.01
29.03.2021 06:34:53.666 GMT-0700,53.993,53.947,0.01,0.0075
29.03.2021 06:34:53.766 GMT-0700,54.003,53.947,0.01,0.01
29.03.2021 06:34:54.392 GMT-0700,54.003,53.957,0.0075,0
29.03.2021 06:34:54.443 GMT-0700,54.023,53.947,0.01,0.01
29.03.2021 06:34:56.128 GMT-0700,54.024,53.93600000000001,0.01,0.01
29.03.2021 06:34:57.919 GMT-0700,54.034,53.956,0.01,0.0075
29.03.2021 06:34:58.315 GMT-0700,54.033,53.937,0.01,0.01
29.03.2021 06:34:58.723 GMT-0700,54.033,53.947,0.01,0.0075
29.03.2021 06:34:58.950 GMT-0700,54.033,53.937,0.01,0.01
29.03.2021 06:34:59.571 GMT-0700,54.034,53.946000000000005,0.01,0.0075
29.03.2021 06:34:59.753 GMT-0700,54.073,54.007,0.01,0.01
29.03.2021 06:34:59.946 GMT-0700,54.083000000000006,54.007,0.01,0.01
29.03.2021 06:35:00.186 GMT-0700,54.083000000000006,54.027,0.01,0.01
29.03.2021 06:35:00.900 GMT-0700,54.043000000000006,54.027,0,0.0075
29.03.2021 06:35:00.951 GMT-0700,54.043000000000006,53.977,0.01,0.01
29.03.2021 06:35:01.053 GMT-0700,54.033,53.977,0.01,0.0075
29.03.2021 06:35:01.154 GMT-0700,54.043000000000006,53.977,0.01,0.01
29.03.2021 06:35:02.315 GMT-0700,54.033,53.977,0.0075,0.01
29.03.2021 06:35:02.469 GMT-0700,54.043000000000006,53.977,0.01,0.01
29.03.2021 06:35:03.034 GMT-0700,54.053000000000004,54.007,0.0075,0
29.03.2021 06:35:03.084 GMT-0700,54.083000000000006,54.007,0.01,0.01
29.03.2021 06:35:03.185 GMT-0700,54.083000000000006,53.977,0.01,0.01
29.03.2021 06:35:03.235 GMT-0700,54.083000000000006,54.007,0.01,0.01
29.03.2021 06:35:03.426 GMT-0700,54.033,54.007,0.0075,0.01
29.03.2021 06:35:03.476 GMT-0700,54.033,53.987,0.01,0.01
29.03.2021 06:35:03.788 GMT-0700,54.053000000000004,53.987,0.01,0.01
29.03.2021 06:35:04.191 GMT-0700,54.023,53.937,0.01,0.01
29.03.2021 06:35:04.321 GMT-0700,53.994,53.93600000000001,0,0.01
29.03.2021 06:35:04.372 GMT-0700,54.013999999999996,53.93600000000001,0.01,0.01
29.03.2021 06:35:04.563 GMT-0700,54.023,53.947,0.01,0
29.03.2021 06:35:04.613 GMT-0700,54.023,53.937,0.01,0.01
29.03.2021 06:35:04.833 GMT-0700,53.993,53.937,0.0075,0.01
29.03.2021 06:35:04.883 GMT-0700,54.023,53.937,0.01,0.01
29.03.2021 06:35:04.934 GMT-0700,53.993,53.917,0.01,0.01
29.03.2021 06:35:05.594 GMT-0700,54.023,53.917,0.01,0.01
29.03.2021 06:35:05.731 GMT-0700,54.024,53.946000000000005,0.01,0.0075
29.03.2021 06:35:05.832 GMT-0700,54.013999999999996,53.946000000000005,0.01,0.01
29.03.2021 06:35:05.882 GMT-0700,54.023,53.917,0.01,0.01
29.03.2021 06:35:06.351 GMT-0700,54.023,53.947,0.01,0
29.03.2021 06:35:06.596 GMT-0700,54.013000000000005,53.947,0.01,0.01
29.03.2021 06:35:06.646 GMT-0700,54.023,53.947,0.01,0.01
29.03.2021 06:35:06.922 GMT-0700,54.023,53.917,0.01,0.01
29.03.2021 06:35:07.093 GMT-0700,54.024,53.946000000000005,0.01,0
29.03.2021 06:35:07.923 GMT-0700,54.013999999999996,53.946000000000005,0.01,0.01
29.03.2021 06:35:07.973 GMT-0700,54.023,53.947,0.01,0.01
29.03.2021 06:35:08.292 GMT-0700,54.023,53.917,0.01,0.01
29.03.2021 06:35:08.342 GMT-0700,53.994,53.916000000000004,0.01,0.01
29.03.2021 06:35:08.673 GMT-0700,53.993,53.947,0.01,0
29.03.2021 06:35:08.724 GMT-0700,53.993,53.917,0.01,0.01
29.03.2021 06:35:08.852 GMT-0700,53.994,53.946000000000005,0.01,0.0075
29.03.2021 06:35:08.953 GMT-0700,53.993,53.917,0.01,0.01
29.03.2021 06:35:09.268 GMT-0700,53.993,53.947,0.01,0
29.03.2021 06:35:09.420 GMT-0700,53.994,53.916000000000004,0.01,0.01
29.03.2021 06:35:09.609 GMT-0700,53.993,53.947,0.01,0.0075
29.03.2021 06:35:09.766 GMT-0700,53.993,53.917,0.01,0.01
29.03.2021 06:35:10.804 GMT-0700,53.983000000000004,53.917,0,0.01
29.03.2021 06:35:10.954 GMT-0700,53.993,53.927,0.01,0.01
29.03.2021 06:35:11.154 GMT-0700,53.973000000000006,53.927,0.0075,0.01
29.03.2021 06:35:11.204 GMT-0700,53.993,53.927,0.01,0.01
29.03.2021 06:35:11.279 GMT-0700,53.973000000000006,53.927,0,0.01
29.03.2021 06:35:11.469 GMT-0700,53.993,53.917,0.01,0.01
29.03.2021 06:35:11.583 GMT-0700,53.993,53.927,0.01,0.0075
29.03.2021 06:35:12.005 GMT-0700,53.993,53.897,0.01,0.01
29.03.2021 06:35:12.104 GMT-0700,53.964,53.89600000000001,0.0075,0.01
29.03.2021 06:35:12.154 GMT-0700,53.983000000000004,53.897,0.01,0.01
29.03.2021 06:35:12.205 GMT-0700,53.993,53.897,0.01,0.01
29.03.2021 06:35:12.267 GMT-0700,53.963,53.897,0,0.01
29.03.2021 06:35:12.317 GMT-0700,53.993,53.897,0.01,0.01
29.03.2021 06:35:12.530 GMT-0700,53.964,53.89600000000001,0,0.01
29.03.2021 06:35:13.427 GMT-0700,53.994,53.89600000000001,0.01,0.01
29.03.2021 06:35:13.601 GMT-0700,53.983000000000004,53.897,0.0075,0.01
29.03.2021 06:35:13.651 GMT-0700,53.993,53.897,0.01,0.01
29.03.2021 06:35:14.016 GMT-0700,53.963,53.897,0,0.01
29.03.2021 06:35:14.428 GMT-0700,53.973000000000006,53.897,0.01,0.01
29.03.2021 06:35:15.171 GMT-0700,53.993,53.927,0.01,0.01
29.03.2021 06:35:15.221 GMT-0700,54.013000000000005,53.937,0.01,0.01
29.03.2021 06:35:15.272 GMT-0700,54.023,53.957,0.01,0.01
29.03.2021 06:35:15.491 GMT-0700,53.994,53.926,0.01,0.01
29.03.2021 06:35:15.541 GMT-0700,54.023,53.927,0.01,0.01
29.03.2021 06:35:15.643 GMT-0700,53.993,53.927,0.01,0.01
29.03.2021 06:35:16.329 GMT-0700,53.973000000000006,53.927,0,0.0075
29.03.2021 06:35:17.636 GMT-0700,53.953,53.927,0,0.0075
29.03.2021 06:35:17.686 GMT-0700,53.963,53.927,0.01,0.01
29.03.2021 06:35:17.737 GMT-0700,53.963,53.937,0.01,0.01
29.03.2021 06:35:17.787 GMT-0700,53.993,53.947,0.01,0.01
29.03.2021 06:35:18.547 GMT-0700,54.004,53.946000000000005,0.01,0.01
29.03.2021 06:35:21.120 GMT-0700,54.003,53.967,0,0.0075
29.03.2021 06:35:21.170 GMT-0700,54.043000000000006,53.967,0.01,0.01
29.03.2021 06:35:21.220 GMT-0700,54.043000000000006,53.977,0.01,0.01
29.03.2021 06:35:21.321 GMT-0700,54.053000000000004,53.977,0.01,0.01
29.03.2021 06:35:21.371 GMT-0700,54.033,53.977,0.01,0.01
29.03.2021 06:35:21.422 GMT-0700,54.053000000000004,53.977,0.01,0.01
29.03.2021 06:35:21.780 GMT-0700,54.023,53.977,0.0075,0.01
29.03.2021 06:35:22.421 GMT-0700,54.013000000000005,53.977,0.01,0.01
29.03.2021 06:35:25.636 GMT-0700,54.063,53.997,0.01,0.01
29.03.2021 06:35:25.695 GMT-0700,54.063,54.007,0.01,0.0075
29.03.2021 06:35:25.980 GMT-0700,54.053000000000004,54.016999999999996,0,0
29.03.2021 06:35:26.094 GMT-0700,54.033,54.016999999999996,0.0075,0.01
29.03.2021 06:35:26.534 GMT-0700,54.033,53.967,0.01,0.01
29.03.2021 06:35:27.746 GMT-0700,54.034,53.996,0.01,0
29.03.2021 06:35:27.796 GMT-0700,54.033,53.987,0.01,0.01
29.03.2021 06:35:27.852 GMT-0700,54.034,54.00600000000001,0.01,0.0075
29.03.2021 06:35:28.229 GMT-0700,54.038000000000004,54.027,0.0075,0
29.03.2021 06:35:28.279 GMT-0700,54.103,54.037,0.01,0.01
29.03.2021 06:35:28.330 GMT-0700,54.083000000000006,54.016999999999996,0.01,0.01
29.03.2021 06:35:28.430 GMT-0700,54.113,54.016999999999996,0.01,0.01
29.03.2021 06:35:28.480 GMT-0700,54.093,54.016999999999996,0.01,0.01
29.03.2021 06:35:28.581 GMT-0700,54.093,54.047,0.01,0.01
29.03.2021 06:35:28.631 GMT-0700,54.093999999999994,54.016000000000005,0.01,0.01
29.03.2021 06:35:29.096 GMT-0700,54.093,54.027,0.01,0
29.03.2021 06:35:29.266 GMT-0700,54.093,54.016999999999996,0.01,0.01
29.03.2021 06:35:30.551 GMT-0700,54.093,54.047,0.01,0
29.03.2021 06:35:30.784 GMT-0700,54.144,54.066,0.01,0.01
29.03.2021 06:35:30.834 GMT-0700,54.143,54.086999999999996,0.01,0.01
29.03.2021 06:35:31.091 GMT-0700,54.143,54.097,0.01,0.0075
29.03.2021 06:35:31.141 GMT-0700,54.143,54.067,0.01,0.01
29.03.2021 06:35:32.028 GMT-0700,54.153999999999996,54.066,0.01,0.01
29.03.2021 06:35:32.079 GMT-0700,54.143,54.067,0.01,0.01
29.03.2021 06:35:32.162 GMT-0700,54.153000000000006,54.067,0.01,0.01
29.03.2021 06:35:32.561 GMT-0700,54.173,54.117,0.01,0.01
29.03.2021 06:35:32.611 GMT-0700,54.193000000000005,54.117,0.01,0.01
29.03.2021 06:35:32.688 GMT-0700,54.163000000000004,54.117,0,0.0075
29.03.2021 06:35:32.738 GMT-0700,54.163000000000004,54.097,0.01,0.01
29.03.2021 06:35:33.588 GMT-0700,54.193000000000005,54.097,0.01,0.01
29.03.2021 06:35:33.662 GMT-0700,54.163000000000004,54.097,0.0075,0.01
29.03.2021 06:35:33.879 GMT-0700,54.163999999999994,54.066,0.01,0.01
29.03.2021 06:35:34.071 GMT-0700,54.163000000000004,54.097,0.01,0.0075
29.03.2021 06:35:34.959 GMT-0700,54.163000000000004,54.127,0,0.0075
29.03.2021 06:35:35.010 GMT-0700,54.193000000000005,54.117,0.01,0.01
29.03.2021 06:35:35.100 GMT-0700,54.193000000000005,54.137,0.01,0
29.03.2021 06:35:35.938 GMT-0700,54.193999999999996,54.156000000000006,0.01,0.0075
29.03.2021 06:35:35.989 GMT-0700,54.193000000000005,54.137,0.01,0.01
29.03.2021 06:35:36.860 GMT-0700,54.243,54.137,0.01,0.01
29.03.2021 06:35:37.730 GMT-0700,54.244,54.166000000000004,0.01,0.0075
29.03.2021 06:35:37.831 GMT-0700,54.243,54.137,0.01,0.01
29.03.2021 06:35:37.881 GMT-0700,54.213,54.137,0.01,0.01
29.03.2021 06:35:38.893 GMT-0700,54.243,54.137,0.01,0.01
29.03.2021 06:35:39.202 GMT-0700,54.213,54.137,0.0075,0.01
29.03.2021 06:35:39.253 GMT-0700,54.243,54.137,0.01,0.01
29.03.2021 06:35:39.303 GMT-0700,54.243,54.167,0.01,0.01
29.03.2021 06:35:40.737 GMT-0700,54.243,54.137,0.01,0.01
29.03.2021 06:35:41.915 GMT-0700,54.213,54.137,0,0.01
29.03.2021 06:35:41.965 GMT-0700,54.213,54.117,0.01,0.01
29.03.2021 06:35:42.073 GMT-0700,54.183,54.117,0.01,0.01
29.03.2021 06:35:42.233 GMT-0700,54.183,54.107,0.01,0.01
29.03.2021 06:35:42.426 GMT-0700,54.183,54.097,0.01,0.01
29.03.2021 06:35:42.750 GMT-0700,54.173,54.097,0.0075,0.01
29.03.2021 06:35:43.192 GMT-0700,54.163000000000004,54.097,0.01,0.01
29.03.2021 06:35:44.103 GMT-0700,54.163000000000004,54.107,0.01,0.0075
29.03.2021 06:35:44.153 GMT-0700,54.163000000000004,54.097,0.01,0.01
29.03.2021 06:35:45.012 GMT-0700,54.163999999999994,54.126000000000005,0.01,0.0075
29.03.2021 06:35:45.112 GMT-0700,54.163000000000004,54.097,0.01,0.01
29.03.2021 06:35:46.691 GMT-0700,54.153000000000006,54.086999999999996,0.01,0.01
29.03.2021 06:35:47.009 GMT-0700,54.153000000000006,54.067,0.01,0.01
29.03.2021 06:35:47.790 GMT-0700,54.153000000000006,54.086999999999996,0.01,0.01
29.03.2021 06:35:47.891 GMT-0700,54.153000000000006,54.097,0.01,0.01
29.03.2021 06:35:48.004 GMT-0700,54.153999999999996,54.086000000000006,0.01,0.01
29.03.2021 06:35:48.140 GMT-0700,54.153000000000006,54.067,0.01,0.01
29.03.2021 06:35:48.278 GMT-0700,54.153000000000006,54.086999999999996,0.01,0.0075
29.03.2021 06:35:48.438 GMT-0700,54.153000000000006,54.067,0.01,0.01
29.03.2021 06:35:50.158 GMT-0700,54.123000000000005,54.067,0.0075,0.01
29.03.2021 06:35:50.259 GMT-0700,54.123000000000005,54.047,0.01,0.01
29.03.2021 06:35:50.514 GMT-0700,54.133,54.047,0.01,0.01
29.03.2021 06:35:50.600 GMT-0700,54.133,54.057,0.01,0.0075
29.03.2021 06:35:51.116 GMT-0700,54.123000000000005,54.047,0.0075,0.01
29.03.2021 06:35:51.166 GMT-0700,54.133,54.047,0.01,0.01
29.03.2021 06:35:51.510 GMT-0700,54.123000000000005,54.047,0,0.01
29.03.2021 06:35:51.687 GMT-0700,54.104,54.04600000000001,0,0.01
29.03.2021 06:35:52.025 GMT-0700,54.103,54.067,0.01,0
29.03.2021 06:35:53.207 GMT-0700,54.103,54.047,0.01,0.01
29.03.2021 06:35:55.426 GMT-0700,54.103,54.077,0,0.0075
29.03.2021 06:35:55.476 GMT-0700,54.143,54.077,0.01,0.01
29.03.2021 06:35:55.827 GMT-0700,54.133,54.077,0.0075,0.01
29.03.2021 06:35:55.927 GMT-0700,54.143,54.077,0.01,0.01
29.03.2021 06:35:56.116 GMT-0700,54.133,54.077,0,0.01
29.03.2021 06:35:57.229 GMT-0700,54.133,54.057,0.01,0.01
29.03.2021 06:35:57.280 GMT-0700,54.133,54.077,0.01,0.01
29.03.2021 06:35:57.648 GMT-0700,54.123000000000005,54.077,0.0075,0.01
29.03.2021 06:35:58.080 GMT-0700,54.113,54.077,0.0075,0
29.03.2021 06:35:58.130 GMT-0700,54.123000000000005,54.047,0.01,0.01
29.03.2021 06:35:58.292 GMT-0700,54.123000000000005,54.077,0.01,0.0075
29.03.2021 06:35:59.256 GMT-0700,54.123000000000005,54.047,0.01,0.01
29.03.2021 06:35:59.447 GMT-0700,54.113,54.047,0.01,0.01
29.03.2021 06:35:59.497 GMT-0700,54.123999999999995,54.04600000000001,0.01,0.01
29.03.2021 06:35:59.648 GMT-0700,54.123000000000005,54.067,0.01,0.0075
29.03.2021 06:36:00.362 GMT-0700,54.123000000000005,54.047,0.01,0.01
29.03.2021 06:36:00.518 GMT-0700,54.123000000000005,54.067,0.01,0.0075
29.03.2021 06:36:00.682 GMT-0700,54.123000000000005,54.047,0.01,0.01
29.03.2021 06:36:01.226 GMT-0700,54.123000000000005,54.077,0.01,0
29.03.2021 06:36:01.416 GMT-0700,54.123000000000005,54.086999999999996,0.01,0
29.03.2021 06:36:01.466 GMT-0700,54.123000000000005,54.077,0.01,0.01
29.03.2021 06:36:01.637 GMT-0700,54.123000000000005,54.086999999999996,0.01,0
29.03.2021 06:36:01.688 GMT-0700,54.123000000000005,54.077,0.01,0.01
29.03.2021 06:36:03.481 GMT-0700,54.123000000000005,54.086999999999996,0.01,0
29.03.2021 06:36:03.532 GMT-0700,54.123000000000005,54.077,0.01,0.01
29.03.2021 06:36:04.404 GMT-0700,54.123000000000005,54.047,0.01,0.01
29.03.2021 06:36:05.566 GMT-0700,54.103,54.037,0.01,0.01
29.03.2021 06:36:05.728 GMT-0700,54.083999999999996,54.036,0.0075,0
29.03.2021 06:36:05.779 GMT-0700,54.113,54.016999999999996,0.01,0.01
29.03.2021 06:36:05.829 GMT-0700,54.103,54.016999999999996,0.01,0.01
29.03.2021 06:36:05.958 GMT-0700,54.083000000000006,54.016999999999996,0.01,0.01
29.03.2021 06:36:06.009 GMT-0700,54.083000000000006,53.987,0.01,0.01
29.03.2021 06:36:06.059 GMT-0700,54.053000000000004,53.987,0.01,0.01
29.03.2021 06:36:06.109 GMT-0700,54.073,53.987,0.01,0.01
29.03.2021 06:36:06.167 GMT-0700,54.053000000000004,53.987,0,0.01
29.03.2021 06:36:06.399 GMT-0700,54.073,53.987,0.01,0.01
29.03.2021 06:36:06.500 GMT-0700,54.083000000000006,53.987,0.01,0.01
29.03.2021 06:36:06.550 GMT-0700,54.073,53.987,0.01,0.01
29.03.2021 06:36:06.784 GMT-0700,54.053000000000004,53.987,0.01,0.01
29.03.2021 06:36:06.884 GMT-0700,54.053000000000004,53.957,0.01,0.01
29.03.2021 06:36:06.990 GMT-0700,54.053000000000004,53.977,0.01,0.01
29.03.2021 06:36:07.040 GMT-0700,54.053000000000004,53.957,0.01,0.01
29.03.2021 06:36:07.151 GMT-0700,54.053000000000004,53.987,0.01,0.0075
29.03.2021 06:36:07.202 GMT-0700,54.053000000000004,53.957,0.01,0.01
29.03.2021 06:36:07.252 GMT-0700,54.023,53.957,0.01,0.01
29.03.2021 06:36:07.302 GMT-0700,54.053000000000004,53.957,0.01,0.01
29.03.2021 06:36:07.610 GMT-0700,54.053000000000004,53.987,0.01,0
29.03.2021 06:36:08.312 GMT-0700,54.033,53.987,0.0075,0.01
29.03.2021 06:36:08.363 GMT-0700,54.053000000000004,53.987,0.01,0.01
29.03.2021 06:36:08.413 GMT-0700,54.033,53.987,0.01,0.01
29.03.2021 06:36:08.463 GMT-0700,54.043000000000006,53.987,0.01,0.01
29.03.2021 06:36:08.514 GMT-0700,54.053000000000004,53.987,0.01,0.01
29.03.2021 06:36:09.319 GMT-0700,54.033,53.987,0,0.01
29.03.2021 06:36:09.552 GMT-0700,54.053000000000004,53.987,0.01,0.01
29.03.2021 06:36:09.677 GMT-0700,54.034,53.986000000000004,0.0075,0.01
29.03.2021 06:36:09.959 GMT-0700,54.053000000000004,53.987,0.01,0.01
29.03.2021 06:36:11.612 GMT-0700,54.033,53.987,0,0.01
29.03.2021 06:36:11.713 GMT-0700,54.053000000000004,53.987,0.01,0.01
29.03.2021 06:36:13.058 GMT-0700,54.033,53.987,0.01,0.01
29.03.2021 06:36:13.164 GMT-0700,54.053000000000004,53.987,0.01,0.01
29.03.2021 06:36:13.308 GMT-0700,54.033,53.987,0.0075,0.01
29.03.2021 06:36:13.358 GMT-0700,54.053000000000004,53.987,0.01,0.01
29.03.2021 06:36:13.600 GMT-0700,54.033,53.987,0.01,0.01
29.03.2021 06:36:14.028 GMT-0700,54.053000000000004,53.987,0.01,0.01
29.03.2021 06:36:14.079 GMT-0700,54.033,53.987,0.01,0.01
29.03.2021 06:36:14.186 GMT-0700,54.013000000000005,53.957,0.01,0.01
29.03.2021 06:36:14.237 GMT-0700,54.013999999999996,53.946000000000005,0.01,0.01
29.03.2021 06:36:14.449 GMT-0700,54.033,53.957,0.01,0.01
29.03.2021 06:36:14.612 GMT-0700,54.013000000000005,53.957,0.01,0.01
29.03.2021 06:36:14.663 GMT-0700,54.034,53.946000000000005,0.01,0.01
29.03.2021 06:36:14.719 GMT-0700,54.033,53.957,0.01,0.0075
29.03.2021 06:36:15.017 GMT-0700,54.013000000000005,53.957,0.0075,0.01
29.03.2021 06:36:15.117 GMT-0700,54.013000000000005,53.947,0.01,0.01
29.03.2021 06:36:15.192 GMT-0700,53.993,53.947,0.01,0.01
29.03.2021 06:36:15.242 GMT-0700,53.993,53.917,0.01,0.01
29.03.2021 06:36:17.763 GMT-0700,53.963,53.917,0.0075,0
29.03.2021 06:36:17.813 GMT-0700,53.963,53.907,0.01,0.01
29.03.2021 06:36:18.683 GMT-0700,53.963,53.917,0,0.0075
29.03.2021 06:36:18.734 GMT-0700,53.993,53.917,0.01,0.01
29.03.2021 06:36:19.116 GMT-0700,53.993,53.907,0.01,0.01
29.03.2021 06:36:19.473 GMT-0700,53.994,53.916000000000004,0.01,0.0075
29.03.2021 06:36:20.113 GMT-0700,53.983000000000004,53.917,0,0.01
29.03.2021 06:36:20.320 GMT-0700,53.993,53.917,0.01,0.01
29.03.2021 06:36:21.093 GMT-0700,53.993,53.937,0.01,0
29.03.2021 06:36:21.422 GMT-0700,54.013000000000005,53.947,0.01,0.01
29.03.2021 06:36:21.472 GMT-0700,54.003,53.947,0.01,0.01
29.03.2021 06:36:21.522 GMT-0700,54.013000000000005,53.947,0.01,0.01
29.03.2021 06:36:21.813 GMT-0700,54.013000000000005,53.937,0.01,0.01
29.03.2021 06:36:21.895 GMT-0700,54.003,53.937,0.01,0.01
29.03.2021 06:36:21.996 GMT-0700,53.993,53.917,0.01,0.01
29.03.2021 06:36:23.308 GMT-0700,53.993,53.937,0.01,0.0075
29.03.2021 06:36:23.500 GMT-0700,53.993,53.917,0.01,0.01
29.03.2021 06:36:23.592 GMT-0700,53.993,53.937,0.01,0.01
29.03.2021 06:36:24.086 GMT-0700,53.993,53.917,0.01,0.01
29.03.2021 06:36:25.832 GMT-0700,53.993,53.937,0.01,0.0075
29.03.2021 06:36:25.882 GMT-0700,53.993,53.917,0.01,0.01
29.03.2021 06:36:26.339 GMT-0700,54.013000000000005,53.917,0.01,0.01
29.03.2021 06:36:26.405 GMT-0700,54.003,53.917,0,0.01
29.03.2021 06:36:26.455 GMT-0700,54.013000000000005,53.917,0.01,0.01
29.03.2021 06:36:26.505 GMT-0700,53.993,53.917,0.01,0.01
29.03.2021 06:36:26.556 GMT-0700,54.013000000000005,53.917,0.01,0.01
29.03.2021 06:36:26.606 GMT-0700,54.013000000000005,53.937,0.01,0.01
29.03.2021 06:36:26.881 GMT-0700,53.993,53.937,0,0.0075
29.03.2021 06:36:26.931 GMT-0700,53.993,53.917,0.01,0.01
29.03.2021 06:36:27.877 GMT-0700,53.993,53.957,0.0075,0
29.03.2021 06:36:27.927 GMT-0700,54.023,53.947,0.01,0.01
29.03.2021 06:36:28.353 GMT-0700,54.023,53.987,0.01,0.0075
29.03.2021 06:36:28.403 GMT-0700,54.053000000000004,53.987,0.01,0.01
29.03.2021 06:36:28.454 GMT-0700,54.034,53.946000000000005,0.01,0.01
29.03.2021 06:36:28.504 GMT-0700,54.033,53.977,0.01,0.01
29.03.2021 06:36:28.554 GMT-0700,54.053000000000004,53.977,0.01,0.01
29.03.2021 06:36:29.048 GMT-0700,54.053000000000004,54.007,0.0075,0
29.03.2021 06:36:29.098 GMT-0700,54.083000000000006,53.977,0.01,0.01
29.03.2021 06:36:29.167 GMT-0700,54.083000000000006,54.007,0.01,0
29.03.2021 06:36:29.766 GMT-0700,54.083000000000006,53.977,0.01,0.01
29.03.2021 06:36:29.816 GMT-0700,54.053000000000004,53.977,0.01,0.01
29.03.2021 06:36:30.269 GMT-0700,54.043000000000006,53.977,0,0.01
29.03.2021 06:36:30.320 GMT-0700,54.053000000000004,53.977,0.01,0.01
29.03.2021 06:36:32.139 GMT-0700,54.033,53.977,0,0.01
29.03.2021 06:36:32.240 GMT-0700,54.053000000000004,53.977,0.01,0.01
29.03.2021 06:36:33.296 GMT-0700,54.033,53.977,0,0.0075
29.03.2021 06:36:33.346 GMT-0700,54.033,53.947,0.01,0.01
29.03.2021 06:36:33.437 GMT-0700,54.053999999999995,53.976000000000006,0.01,0.01
29.03.2021 06:36:33.565 GMT-0700,54.033,53.947,0.01,0.01
29.03.2021 06:36:34.228 GMT-0700,53.993,53.947,0,0.0075
29.03.2021 06:36:34.278 GMT-0700,54.013999999999996,53.93600000000001,0.01,0.01
29.03.2021 06:36:34.329 GMT-0700,54.013000000000005,53.927,0.01,0.01
29.03.2021 06:36:34.379 GMT-0700,54.013000000000005,53.937,0.01,0.01
29.03.2021 06:36:34.514 GMT-0700,53.993,53.937,0.0075,0
29.03.2021 06:36:34.564 GMT-0700,54.013000000000005,53.937,0.01,0.01
29.03.2021 06:36:34.824 GMT-0700,54.013000000000005,53.947,0.01,0.0075
29.03.2021 06:36:34.875 GMT-0700,54.023,53.947,0.01,0.01
29.03.2021 06:36:35.010 GMT-0700,54.013000000000005,53.947,0,0.01
29.03.2021 06:36:35.219 GMT-0700,54.013000000000005,53.957,0,0.01
29.03.2021 06:36:35.269 GMT-0700,54.013000000000005,53.937,0.01,0.01
29.03.2021 06:36:36.153 GMT-0700,54.013000000000005,53.957,0,0.0075
29.03.2021 06:36:36.203 GMT-0700,54.023,53.957,0.01,0.01
29.03.2021 06:36:36.254 GMT-0700,54.013000000000005,53.937,0.01,0.01
29.03.2021 06:36:36.731 GMT-0700,54.013000000000005,53.957,0.0075,0
29.03.2021 06:36:36.781 GMT-0700,54.023,53.957,0.01,0.01
29.03.2021 06:36:36.859 GMT-0700,54.013999999999996,53.956,0,0.01
29.03.2021 06:36:36.910 GMT-0700,54.013000000000005,53.937,0.01,0.01
29.03.2021 06:36:37.723 GMT-0700,54.013999999999996,53.956,0.01,0.0075
29.03.2021 06:36:37.774 GMT-0700,54.023,53.957,0.01,0.01
29.03.2021 06:36:37.831 GMT-0700,54.013999999999996,53.956,0.0075,0.01
29.03.2021 06:36:37.931 GMT-0700,54.023,53.937,0.01,0.01
29.03.2021 06:36:38.090 GMT-0700,54.013000000000005,53.937,0.0075,0.01
29.03.2021 06:36:38.225 GMT-0700,54.023,53.937,0.01,0.01
29.03.2021 06:36:38.360 GMT-0700,54.023,53.957,0.01,0.01
29.03.2021 06:36:38.411 GMT-0700,54.063,53.977,0.01,0.01
29.03.2021 06:36:38.461 GMT-0700,54.053000000000004,53.977,0.01,0.01
29.03.2021 06:36:38.643 GMT-0700,54.083000000000006,54.007,0.01,0.01
29.03.2021 06:36:39.276 GMT-0700,54.083000000000006,54.016999999999996,0.01,0.0075
29.03.2021 06:36:39.377 GMT-0700,54.083000000000006,54.007,0.01,0.01
29.03.2021 06:36:40.250 GMT-0700,54.083999999999996,53.986000000000004,0.01,0.01
29.03.2021 06:36:40.573 GMT-0700,54.083000000000006,54.007,0.01,0.01
29.03.2021 06:36:40.831 GMT-0700,54.083000000000006,53.987,0.01,0.01
29.03.2021 06:36:40.884 GMT-0700,54.083000000000006,54.007,0.01,0
29.03.2021 06:36:42.150 GMT-0700,54.064,54.00600000000001,0.01,0.01
29.03.2021 06:36:42.200 GMT-0700,54.083000000000006,53.987,0.01,0.01
29.03.2021 06:36:42.261 GMT-0700,54.083000000000006,54.007,0.01,0.01
29.03.2021 06:36:43.449 GMT-0700,54.083999999999996,53.986000000000004,0.01,0.01
29.03.2021 06:36:43.570 GMT-0700,54.083000000000006,54.007,0.01,0.01
29.03.2021 06:36:44.769 GMT-0700,54.053000000000004,53.987,0.01,0.01
29.03.2021 06:36:44.862 GMT-0700,54.083999999999996,53.986000000000004,0.01,0.01
29.03.2021 06:36:45.573 GMT-0700,54.083000000000006,54.007,0.01,0
29.03.2021 06:36:45.859 GMT-0700,54.083000000000006,54.027,0.01,0.01
29.03.2021 06:36:45.909 GMT-0700,54.083000000000006,54.016999999999996,0.01,0.01
29.03.2021 06:36:45.960 GMT-0700,54.083000000000006,54.007,0.01,0.01
29.03.2021 06:36:46.010 GMT-0700,54.103,54.037,0.01,0.01
29.03.2021 06:36:46.123 GMT-0700,54.144,54.04600000000001,0.01,0.01
29.03.2021 06:36:46.173 GMT-0700,54.113,54.047,0.01,0.01
29.03.2021 06:36:46.224 GMT-0700,54.143,54.047,0.01,0.01
29.03.2021 06:36:46.344 GMT-0700,54.113,54.047,0.0075,0.01
29.03.2021 06:36:46.577 GMT-0700,54.103,54.007,0.01,0.01
29.03.2021 06:36:46.678 GMT-0700,54.113,54.037,0.01,0.01
29.03.2021 06:36:46.798 GMT-0700,54.083999999999996,54.00600000000001,0.01,0.01
29.03.2021 06:36:47.011 GMT-0700,54.083000000000006,54.037,0.01,0.01
29.03.2021 06:36:47.394 GMT-0700,54.083000000000006,54.047,0.01,0.01
29.03.2021 06:36:48.468 GMT-0700,54.083000000000006,54.007,0.01,0.01
29.03.2021 06:36:49.818 GMT-0700,54.063,54.007,0,0.01
29.03.2021 06:36:50.259 GMT-0700,54.053000000000004,53.997,0.01,0.01
29.03.2021 06:36:50.309 GMT-0700,54.063,53.997,0.01,0.01
29.03.2021 06:36:50.467 GMT-0700,54.053000000000004,53.977,0.01,0.01
29.03.2021 06:36:51.589 GMT-0700,54.063,54.007,0.01,0.01
29.03.2021 06:36:51.861 GMT-0700,54.063,53.977,0.01,0.01
29.03.2021 06:36:51.920 GMT-0700,54.063,54.007,0.01,0
29.03.2021 06:36:52.021 GMT-0700,54.073,54.007,0.01,0.01
29.03.2021 06:36:55.860 GMT-0700,54.073,53.977,0.01,0.01
29.03.2021 06:36:56.168 GMT-0700,54.074,54.00600000000001,0.01,0.0075
29.03.2021 06:36:56.269 GMT-0700,54.073,53.977,0.01,0.01
29.03.2021 06:36:56.319 GMT-0700,54.103,54.027,0.01,0.01
29.03.2021 06:36:56.369 GMT-0700,54.113,54.027,0.01,0.01
29.03.2021 06:36:56.611 GMT-0700,54.113,54.047,0.01,0.0075
29.03.2021 06:36:56.721 GMT-0700,54.103,54.047,0.0075,0
29.03.2021 06:36:56.771 GMT-0700,54.093,54.027,0.01,0.01
29.03.2021 06:36:57.483 GMT-0700,54.093,54.047,0.01,0.0075
29.03.2021 06:36:57.533 GMT-0700,54.093,54.027,0.01,0.01
29.03.2021 06:36:58.281 GMT-0700,54.123000000000005,54.047,0.01,0.01
29.03.2021 06:36:58.573 GMT-0700,54.143,54.077,0.01,0.01
29.03.2021 06:36:58.673 GMT-0700,54.143,54.047,0.01,0.01
29.03.2021 06:36:59.396 GMT-0700,54.143,54.077,0.01,0.0075
29.03.2021 06:36:59.447 GMT-0700,54.153999999999996,54.07600000000001,0.01,0.01
29.03.2021 06:36:59.660 GMT-0700,54.163000000000004,54.077,0.01,0.01
29.03.2021 06:36:59.847 GMT-0700,54.153000000000006,54.077,0.01,0.01
29.03.2021 06:37:00.192 GMT-0700,54.133,54.097,0.01,0.0075
29.03.2021 06:37:00.429 GMT-0700,54.133,54.107,0.01,0
29.03.2021 06:37:00.479 GMT-0700,54.133,54.077,0.01,0.01
29.03.2021 06:37:00.809 GMT-0700,54.163000000000004,54.077,0.01,0.01
29.03.2021 06:37:01.953 GMT-0700,54.163000000000004,54.086999999999996,0.01,0.01
29.03.2021 06:37:02.003 GMT-0700,54.163000000000004,54.077,0.01,0.01
29.03.2021 06:37:02.071 GMT-0700,54.163000000000004,54.086999999999996,0.01,0
29.03.2021 06:37:02.122 GMT-0700,54.163000000000004,54.077,0.01,0.01
29.03.2021 06:37:04.418 GMT-0700,54.163000000000004,54.086999999999996,0.01,0.0075
29.03.2021 06:37:04.519 GMT-0700,54.133,54.077,0.01,0.01
29.03.2021 06:37:04.846 GMT-0700,54.133,54.107,0,0.0075
29.03.2021 06:37:04.897 GMT-0700,54.173,54.077,0.01,0.01
29.03.2021 06:37:05.075 GMT-0700,54.174,54.106,0.01,0.0075
29.03.2021 06:37:05.125 GMT-0700,54.173,54.077,0.01,0.01
29.03.2021 06:37:05.176 GMT-0700,54.153000000000006,54.077,0,0.01
29.03.2021 06:37:05.226 GMT-0700,54.173,54.077,0.01,0.01
29.03.2021 06:37:05.503 GMT-0700,54.153000000000006,54.077,0.0075,0.01
29.03.2021 06:37:05.765 GMT-0700,54.173,54.077,0.01,0.01
29.03.2021 06:37:05.957 GMT-0700,54.174,54.106,0.01,0
29.03.2021 06:37:06.008 GMT-0700,54.153000000000006,54.077,0.01,0.01
29.03.2021 06:37:06.450 GMT-0700,54.173,54.077,0.01,0.01
29.03.2021 06:37:06.873 GMT-0700,54.173,54.107,0.01,0
29.03.2021 06:37:06.973 GMT-0700,54.173,54.077,0.01,0.01
29.03.2021 06:37:07.518 GMT-0700,54.173,54.107,0.01,0.01
29.03.2021 06:37:07.895 GMT-0700,54.173,54.077,0.01,0.01
29.03.2021 06:37:07.946 GMT-0700,54.153000000000006,54.077,0.01,0.01
29.03.2021 06:37:09.224 GMT-0700,54.123000000000005,54.067,0.01,0.01
29.03.2021 06:37:09.325 GMT-0700,54.123000000000005,54.047,0.01,0.01
29.03.2021 06:37:09.428 GMT-0700,54.123999999999995,54.016000000000005,0.01,0.01
29.03.2021 06:37:09.528 GMT-0700,54.113,54.016999999999996,0.01,0.01
29.03.2021 06:37:09.579 GMT-0700,54.123999999999995,54.016000000000005,0.01,0.01
29.03.2021 06:37:09.785 GMT-0700,54.093,54.016999999999996,0,0.01
29.03.2021 06:37:09.886 GMT-0700,54.123000000000005,54.047,0.01,0.01
29.03.2021 06:37:09.936 GMT-0700,54.123000000000005,54.037,0.01,0.01
29.03.2021 06:37:10.472 GMT-0700,54.123000000000005,54.047,0.01,0
29.03.2021 06:37:10.606 GMT-0700,54.093,54.047,0.01,0.01
29.03.2021 06:37:10.657 GMT-0700,54.123999999999995,54.04600000000001,0.01,0.01
29.03.2021 06:37:11.681 GMT-0700,54.103,54.047,0.01,0.01
29.03.2021 06:37:11.732 GMT-0700,54.123000000000005,54.047,0.01,0.01
29.03.2021 06:37:12.492 GMT-0700,54.123000000000005,54.057,0.01,0.0075
29.03.2021 06:37:12.542 GMT-0700,54.123000000000005,54.047,0.01,0.01
29.03.2021 06:37:13.158 GMT-0700,54.123000000000005,54.077,0.0075,0
29.03.2021 06:37:13.208 GMT-0700,54.153999999999996,54.07600000000001,0.01,0.01
29.03.2021 06:37:13.265 GMT-0700,54.153000000000006,54.086999999999996,0.01,0.0075
29.03.2021 06:37:13.365 GMT-0700,54.173,54.097,0.01,0.01
29.03.2021 06:37:13.475 GMT-0700,54.183,54.097,0.01,0.01
29.03.2021 06:37:13.525 GMT-0700,54.143,54.067,0.01,0.01
29.03.2021 06:37:13.857 GMT-0700,54.163000000000004,54.086999999999996,0.01,0.01
29.03.2021 06:37:14.771 GMT-0700,54.183,54.107,0.01,0.01
29.03.2021 06:37:14.871 GMT-0700,54.193000000000005,54.107,0.01,0.01
29.03.2021 06:37:15.306 GMT-0700,54.173,54.107,0.0075,0.01
29.03.2021 06:37:16.027 GMT-0700,54.173,54.157,0,0.0075
29.03.2021 06:37:16.078 GMT-0700,54.213,54.147,0.01,0.01
29.03.2021 06:37:16.242 GMT-0700,54.223000000000006,54.147,0.01,0.01
29.03.2021 06:37:16.349 GMT-0700,54.193000000000005,54.147,0,0.01
29.03.2021 06:37:16.887 GMT-0700,54.193000000000005,54.167,0.0075,0
29.03.2021 06:37:16.938 GMT-0700,54.243,54.167,0.01,0.01
29.03.2021 06:37:17.223 GMT-0700,54.213,54.147,0.0075,0.01
29.03.2021 06:37:18.011 GMT-0700,54.213,54.167,0.01,0
29.03.2021 06:37:18.991 GMT-0700,54.213,54.197,0,0.0075
29.03.2021 06:37:19.041 GMT-0700,54.263000000000005,54.187,0.01,0.01
29.03.2021 06:37:19.113 GMT-0700,54.243,54.187,0,0.0075
29.03.2021 06:37:19.163 GMT-0700,54.243,54.177,0.01,0.01
29.03.2021 06:37:19.213 GMT-0700,54.243,54.187,0.01,0.01
29.03.2021 06:37:19.726 GMT-0700,54.243,54.177,0.01,0.01
29.03.2021 06:37:19.777 GMT-0700,54.243,54.167,0.01,0.01
29.03.2021 06:37:20.055 GMT-0700,54.243,54.187,0.01,0
29.03.2021 06:37:20.708 GMT-0700,54.233000000000004,54.187,0.01,0
29.03.2021 06:37:20.759 GMT-0700,54.233000000000004,54.157,0.01,0.01
29.03.2021 06:37:20.835 GMT-0700,54.233000000000004,54.167,0.01,0
29.03.2021 06:37:21.209 GMT-0700,54.223000000000006,54.167,0.01,0.01
29.03.2021 06:37:22.084 GMT-0700,54.223000000000006,54.187,0.01,0.01
29.03.2021 06:37:31.816 GMT-0700,54.193000000000005,54.182,0,0.0075
29.03.2021 06:37:31.868 GMT-0700,54.203,54.127,0.01,0.01
29.03.2021 06:37:31.968 GMT-0700,54.213,54.127,0.01,0.01
29.03.2021 06:37:32.245 GMT-0700,54.193000000000005,54.127,0.01,0.01
29.03.2021 06:37:32.296 GMT-0700,54.213,54.127,0.01,0.01
29.03.2021 06:37:32.773 GMT-0700,54.193000000000005,54.127,0.0075,0.01
29.03.2021 06:37:32.873 GMT-0700,54.213,54.127,0.01,0.01
29.03.2021 06:37:33.003 GMT-0700,54.193999999999996,54.126000000000005,0.01,0.01
29.03.2021 06:37:33.053 GMT-0700,54.213,54.127,0.01,0.01
29.03.2021 06:37:34.293 GMT-0700,54.223000000000006,54.157,0.01,0.01
29.03.2021 06:37:34.989 GMT-0700,54.213,54.127,0.01,0.01
29.03.2021 06:37:35.340 GMT-0700,54.193000000000005,54.127,0,0.01
29.03.2021 06:37:35.391 GMT-0700,54.214,54.126000000000005,0.01,0.01
29.03.2021 06:37:35.441 GMT-0700,54.193000000000005,54.127,0.01,0.01
29.03.2021 06:37:35.491 GMT-0700,54.213,54.127,0.01,0.01
29.03.2021 06:37:35.612 GMT-0700,54.213,54.157,0.01,0.01
29.03.2021 06:37:36.877 GMT-0700,54.213,54.177,0,0.0075
29.03.2021 06:37:36.928 GMT-0700,54.253,54.177,0.01,0.01
29.03.2021 06:37:36.987 GMT-0700,54.243,54.177,0.01,0.01
29.03.2021 06:37:37.160 GMT-0700,54.263000000000005,54.187,0.01,0.01
29.03.2021 06:37:37.371 GMT-0700,54.263000000000005,54.157,0.01,0.01
29.03.2021 06:37:37.522 GMT-0700,54.263000000000005,54.187,0.01,0.0075
29.03.2021 06:37:37.757 GMT-0700,54.263000000000005,54.157,0.01,0.01
29.03.2021 06:37:37.896 GMT-0700,54.263000000000005,54.187,0.01,0.0075
29.03.2021 06:37:38.087 GMT-0700,54.263999999999996,54.156000000000006,0.01,0.01
29.03.2021 06:37:38.408 GMT-0700,54.263000000000005,54.187,0.01,0
29.03.2021 06:37:38.521 GMT-0700,54.263000000000005,54.157,0.01,0.01
29.03.2021 06:37:38.883 GMT-0700,54.233000000000004,54.157,0.0075,0.01
29.03.2021 06:37:38.933 GMT-0700,54.263999999999996,54.166000000000004,0.01,0.01
29.03.2021 06:37:39.102 GMT-0700,54.263000000000005,54.157,0.01,0.01
29.03.2021 06:37:39.372 GMT-0700,54.263000000000005,54.197,0.01,0
29.03.2021 06:37:39.864 GMT-0700,54.233000000000004,54.197,0,0.0075
29.03.2021 06:37:39.914 GMT-0700,54.233000000000004,54.157,0.01,0.01
29.03.2021 06:37:39.971 GMT-0700,54.233000000000004,54.167,0,0.0075
29.03.2021 06:37:40.021 GMT-0700,54.253,54.167,0.01,0.01
29.03.2021 06:37:40.072 GMT-0700,54.243,54.157,0.01,0.01
29.03.2021 06:37:40.188 GMT-0700,54.213,54.147,0.01,0.01
29.03.2021 06:37:40.238 GMT-0700,54.223000000000006,54.127,0.01,0.01
29.03.2021 06:37:40.509 GMT-0700,54.193999999999996,54.126000000000005,0.0075,0.01
29.03.2021 06:37:40.559 GMT-0700,54.213,54.127,0.01,0.01
29.03.2021 06:37:41.068 GMT-0700,54.224,54.126000000000005,0.01,0.01
29.03.2021 06:37:43.168 GMT-0700,54.223000000000006,54.157,0.01,0.0075
29.03.2021 06:37:43.319 GMT-0700,54.223000000000006,54.127,0.01,0.01
29.03.2021 06:37:43.450 GMT-0700,54.223000000000006,54.157,0.01,0
29.03.2021 06:37:43.843 GMT-0700,54.223000000000006,54.127,0.01,0.01
29.03.2021 06:37:44.173 GMT-0700,54.223000000000006,54.157,0.01,0.0075
29.03.2021 06:37:44.430 GMT-0700,54.223000000000006,54.127,0.01,0.01
29.03.2021 06:37:44.578 GMT-0700,54.203,54.157,0.0075,0.0075
29.03.2021 06:37:44.629 GMT-0700,54.203,54.127,0.01,0.01
29.03.2021 06:37:46.205 GMT-0700,54.223000000000006,54.187,0,0.0075
29.03.2021 06:37:46.255 GMT-0700,54.263000000000005,54.187,0.01,0.01
29.03.2021 06:37:46.320 GMT-0700,54.263000000000005,54.197,0.01,0.01
29.03.2021 06:37:46.370 GMT-0700,54.263000000000005,54.187,0.01,0.01
29.03.2021 06:37:46.659 GMT-0700,54.283,54.187,0.01,0.01
29.03.2021 06:37:46.712 GMT-0700,54.283,54.217,0.01,0
29.03.2021 06:37:46.762 GMT-0700,54.283,54.187,0.01,0.01
29.03.2021 06:37:46.831 GMT-0700,54.253,54.187,0,0.01
29.03.2021 06:37:47.001 GMT-0700,54.283,54.187,0.01,0.01
29.03.2021 06:37:47.674 GMT-0700,54.243,54.187,0,0.01
29.03.2021 06:37:50.927 GMT-0700,54.233000000000004,54.187,0,0.01
29.03.2021 06:37:51.390 GMT-0700,54.273,54.207,0.01,0
29.03.2021 06:37:51.491 GMT-0700,54.283,54.187,0.01,0.01
29.03.2021 06:37:51.541 GMT-0700,54.233000000000004,54.167,0.01,0.01
29.03.2021 06:37:51.592 GMT-0700,54.253,54.167,0.01,0.01
29.03.2021 06:37:51.956 GMT-0700,54.253,54.187,0.01,0
29.03.2021 06:37:52.198 GMT-0700,54.253,54.207,0.01,0.01
29.03.2021 06:37:52.249 GMT-0700,54.284,54.196000000000005,0.01,0.01
29.03.2021 06:37:53.592 GMT-0700,54.283,54.207,0.01,0
29.03.2021 06:37:53.991 GMT-0700,54.284,54.196000000000005,0.01,0.01
29.03.2021 06:37:55.011 GMT-0700,54.283,54.187,0.01,0.01
29.03.2021 06:37:55.084 GMT-0700,54.253,54.187,0,0.01
29.03.2021 06:37:55.135 GMT-0700,54.283,54.197,0.01,0.01
29.03.2021 06:37:55.235 GMT-0700,54.253,54.197,0.01,0.01
