Local time,Ask,Bid,AskVolume,BidVolume
31.03.2021 06:30:00.015 GMT-0700,121.773,121.647,0.015,0.015
31.03.2021 06:30:00.066 GMT-0700,121.773,121.617,0.015,0.015
31.03.2021 06:30:00.116 GMT-0700,121.663,121.62700000000001,0.015,0.015
31.03.2021 06:30:00.166 GMT-0700,121.772,121.648,0.015,0.015
31.03.2021 06:30:00.217 GMT-0700,121.663,121.617,0.015,0.015
31.03.2021 06:30:00.267 GMT-0700,121.772,121.618,0.015,0.015
31.03.2021 06:30:00.317 GMT-0700,121.65200000000002,121.628,0.015,0.015
31.03.2021 06:30:00.418 GMT-0700,121.632,121.598,0.015,0.015
31.03.2021 06:30:00.468 GMT-0700,121.65200000000002,121.618,0.015,0.015
31.03.2021 06:30:00.618 GMT-0700,121.64200000000001,121.618,0.015,0.015
31.03.2021 06:30:00.669 GMT-0700,121.663,121.62700000000001,0.015,0.015
31.03.2021 06:30:00.769 GMT-0700,121.64200000000001,121.60799999999999,0.015,0.015
31.03.2021 06:30:00.820 GMT-0700,121.662,121.60799999999999,0.015,0.015
31.03.2021 06:30:00.870 GMT-0700,121.632,121.60799999999999,0.015,0.015
31.03.2021 06:30:00.920 GMT-0700,121.632,121.598,0.015,0.015
31.03.2021 06:30:01.021 GMT-0700,121.663,121.59700000000001,0.015,0.015
31.03.2021 06:30:01.121 GMT-0700,121.662,121.618,0.015,0.015
31.03.2021 06:30:01.222 GMT-0700,121.663,121.62700000000001,0.015,0.015
31.03.2021 06:30:01.322 GMT-0700,121.773,121.62700000000001,0.015,0.015
31.03.2021 06:30:01.373 GMT-0700,121.773,121.63700000000001,0.015,0.015
31.03.2021 06:30:01.523 GMT-0700,121.743,121.63700000000001,0.015,0.015
31.03.2021 06:30:01.624 GMT-0700,121.742,121.648,0.015,0.015
31.03.2021 06:30:01.674 GMT-0700,121.772,121.658,0.015,0.015
31.03.2021 06:30:01.724 GMT-0700,121.772,121.66799999999999,0.015,0.015
31.03.2021 06:30:01.907 GMT-0700,121.69200000000001,121.66799999999999,0.015,0.015
31.03.2021 06:30:02.008 GMT-0700,121.773,121.65700000000001,0.015,0.015
31.03.2021 06:30:02.058 GMT-0700,121.73299999999999,121.68700000000001,0.015,0.015
31.03.2021 06:30:02.225 GMT-0700,121.772,121.68799999999999,0.015,0.015
31.03.2021 06:30:02.276 GMT-0700,121.713,121.677,0.015,0.015
31.03.2021 06:30:02.326 GMT-0700,121.773,121.68700000000001,0.015,0.015
31.03.2021 06:30:02.376 GMT-0700,121.73200000000001,121.68799999999999,0.015,0.015
31.03.2021 06:30:02.517 GMT-0700,121.72200000000001,121.68799999999999,0.015,0.0001
31.03.2021 06:30:02.568 GMT-0700,121.723,121.677,0.015,0.015
31.03.2021 06:30:02.620 GMT-0700,121.723,121.68700000000001,0.015,0.0001
31.03.2021 06:30:02.721 GMT-0700,121.72200000000001,121.678,0.015,0.015
31.03.2021 06:30:02.909 GMT-0700,121.693,121.65700000000001,0.015,0.015
31.03.2021 06:30:02.960 GMT-0700,121.67200000000001,121.628,0.015,0.015
31.03.2021 06:30:03.010 GMT-0700,121.67200000000001,121.658,0.015,0.015
31.03.2021 06:30:03.061 GMT-0700,121.68299999999999,121.65700000000001,0.015,0.015
31.03.2021 06:30:03.111 GMT-0700,121.69200000000001,121.66799999999999,0.015,0.015
31.03.2021 06:30:03.224 GMT-0700,121.70299999999999,121.66700000000002,0.015,0.015
31.03.2021 06:30:03.275 GMT-0700,121.723,121.68700000000001,0.015,0.015
31.03.2021 06:30:03.425 GMT-0700,121.73299999999999,121.70700000000001,0.015,0.015
31.03.2021 06:30:03.576 GMT-0700,121.753,121.70700000000001,0.015,0.015
31.03.2021 06:30:03.677 GMT-0700,121.753,121.697,0.015,0.015
31.03.2021 06:30:03.727 GMT-0700,121.72200000000001,121.698,0.015,0.015
31.03.2021 06:30:03.777 GMT-0700,121.70299999999999,121.66700000000002,0.015,0.015
31.03.2021 06:30:03.850 GMT-0700,121.70200000000001,121.678,0.015,0.0012
31.03.2021 06:30:03.901 GMT-0700,121.743,121.697,0.015,0.015
31.03.2021 06:30:03.989 GMT-0700,121.743,121.70700000000001,0.0075,0.0012
31.03.2021 06:30:04.040 GMT-0700,121.753,121.70700000000001,0.015,0.015
31.03.2021 06:30:04.140 GMT-0700,121.723,121.697,0.015,0.015
31.03.2021 06:30:04.191 GMT-0700,121.743,121.70700000000001,0.015,0.015
31.03.2021 06:30:04.291 GMT-0700,121.75200000000001,121.708,0.015,0.015
31.03.2021 06:30:04.342 GMT-0700,121.73299999999999,121.70700000000001,0.015,0.015
31.03.2021 06:30:04.492 GMT-0700,121.75200000000001,121.698,0.015,0.015
31.03.2021 06:30:04.719 GMT-0700,121.75200000000001,121.71799999999999,0.015,0.015
31.03.2021 06:30:04.770 GMT-0700,121.713,121.697,0.015,0.015
31.03.2021 06:30:04.820 GMT-0700,121.743,121.697,0.015,0.015
31.03.2021 06:30:05.165 GMT-0700,121.743,121.71700000000001,0.015,0.015
31.03.2021 06:30:05.215 GMT-0700,121.753,121.71700000000001,0.015,0.015
31.03.2021 06:30:05.345 GMT-0700,121.743,121.71700000000001,0.015,0.015
31.03.2021 06:30:05.395 GMT-0700,121.70200000000001,121.66799999999999,0.015,0.015
31.03.2021 06:30:05.586 GMT-0700,121.693,121.66700000000002,0.015,0.015
31.03.2021 06:30:05.737 GMT-0700,121.70200000000001,121.678,0.015,0.015
31.03.2021 06:30:05.787 GMT-0700,121.70200000000001,121.66799999999999,0.015,0.015
31.03.2021 06:30:05.887 GMT-0700,121.70200000000001,121.658,0.015,0.015
31.03.2021 06:30:06.029 GMT-0700,121.67200000000001,121.658,0.0075,0.0012
31.03.2021 06:30:06.079 GMT-0700,121.68200000000002,121.648,0.015,0.015
31.03.2021 06:30:06.413 GMT-0700,121.70299999999999,121.66700000000002,0.015,0.015
31.03.2021 06:30:06.631 GMT-0700,121.70200000000001,121.678,0.015,0.015
31.03.2021 06:30:06.732 GMT-0700,121.713,121.677,0.015,0.015
31.03.2021 06:30:06.802 GMT-0700,121.712,121.68799999999999,0.015,0.0001
31.03.2021 06:30:06.952 GMT-0700,121.72200000000001,121.698,0.015,0.015
31.03.2021 06:30:07.094 GMT-0700,121.713,121.697,0.015,0.015
31.03.2021 06:30:07.616 GMT-0700,121.70200000000001,121.678,0.015,0.015
31.03.2021 06:30:07.667 GMT-0700,121.713,121.68700000000001,0.015,0.015
31.03.2021 06:30:07.832 GMT-0700,121.70200000000001,121.68799999999999,0.0075,0.0001
31.03.2021 06:30:07.961 GMT-0700,121.70299999999999,121.677,0.015,0.015
31.03.2021 06:30:08.011 GMT-0700,121.69200000000001,121.66799999999999,0.015,0.015
31.03.2021 06:30:08.062 GMT-0700,121.70299999999999,121.66700000000002,0.015,0.015
31.03.2021 06:30:08.525 GMT-0700,121.70299999999999,121.65700000000001,0.015,0.015
31.03.2021 06:30:08.626 GMT-0700,121.69200000000001,121.658,0.015,0.015
31.03.2021 06:30:09.232 GMT-0700,121.68200000000002,121.658,0.0075,0.0012
31.03.2021 06:30:09.382 GMT-0700,121.663,121.63700000000001,0.015,0.015
31.03.2021 06:30:09.483 GMT-0700,121.65200000000002,121.628,0.015,0.015
31.03.2021 06:30:09.583 GMT-0700,121.68200000000002,121.648,0.015,0.015
31.03.2021 06:30:09.634 GMT-0700,121.67200000000001,121.648,0.015,0.015
31.03.2021 06:30:09.684 GMT-0700,121.67200000000001,121.63799999999999,0.015,0.015
31.03.2021 06:30:09.735 GMT-0700,121.662,121.628,0.015,0.015
31.03.2021 06:30:09.925 GMT-0700,121.65200000000002,121.628,0.0075,0.015
31.03.2021 06:30:09.975 GMT-0700,121.65299999999999,121.617,0.015,0.015
31.03.2021 06:30:10.026 GMT-0700,121.673,121.647,0.015,0.015
31.03.2021 06:30:10.076 GMT-0700,121.673,121.63700000000001,0.015,0.015
31.03.2021 06:30:10.126 GMT-0700,121.68299999999999,121.647,0.015,0.015
31.03.2021 06:30:10.227 GMT-0700,121.70299999999999,121.677,0.015,0.015
31.03.2021 06:30:10.327 GMT-0700,121.73299999999999,121.70700000000001,0.015,0.015
31.03.2021 06:30:10.428 GMT-0700,121.75200000000001,121.728,0.015,0.015
31.03.2021 06:30:10.579 GMT-0700,121.753,121.73700000000001,0.015,0.015
31.03.2021 06:30:10.629 GMT-0700,121.753,121.727,0.015,0.015
31.03.2021 06:30:10.679 GMT-0700,121.753,121.73700000000001,0.015,0.015
31.03.2021 06:30:10.729 GMT-0700,121.753,121.727,0.015,0.015
31.03.2021 06:30:10.780 GMT-0700,121.75200000000001,121.738,0.015,0.015
31.03.2021 06:30:10.880 GMT-0700,121.753,121.727,0.015,0.015
31.03.2021 06:30:11.038 GMT-0700,121.742,121.728,0.0075,0.015
31.03.2021 06:30:11.088 GMT-0700,121.753,121.727,0.015,0.015
31.03.2021 06:30:11.138 GMT-0700,121.753,121.73700000000001,0.015,0.015
31.03.2021 06:30:11.189 GMT-0700,121.75200000000001,121.728,0.015,0.015
31.03.2021 06:30:11.349 GMT-0700,121.753,121.73700000000001,0.015,0.0012
31.03.2021 06:30:11.399 GMT-0700,121.753,121.727,0.015,0.015
31.03.2021 06:30:11.641 GMT-0700,121.75200000000001,121.71799999999999,0.015,0.015
31.03.2021 06:30:11.691 GMT-0700,121.742,121.71799999999999,0.015,0.015
31.03.2021 06:30:11.973 GMT-0700,121.723,121.71700000000001,0.0075,0.0012
31.03.2021 06:30:12.024 GMT-0700,121.73299999999999,121.697,0.015,0.015
31.03.2021 06:30:12.124 GMT-0700,121.713,121.68700000000001,0.015,0.015
31.03.2021 06:30:12.225 GMT-0700,121.713,121.677,0.015,0.015
31.03.2021 06:30:12.516 GMT-0700,121.68299999999999,121.66700000000002,0.015,0.015
31.03.2021 06:30:12.649 GMT-0700,121.69200000000001,121.66799999999999,0.015,0.015
31.03.2021 06:30:12.700 GMT-0700,121.68299999999999,121.65700000000001,0.015,0.015
31.03.2021 06:30:12.813 GMT-0700,121.633,121.617,0.015,0.015
31.03.2021 06:30:12.864 GMT-0700,121.65200000000002,121.618,0.015,0.015
31.03.2021 06:30:12.926 GMT-0700,121.65299999999999,121.62700000000001,0.015,0.015
31.03.2021 06:30:12.976 GMT-0700,121.65299999999999,121.617,0.015,0.015
31.03.2021 06:30:13.070 GMT-0700,121.65299999999999,121.62700000000001,0.0075,0.0012
31.03.2021 06:30:13.120 GMT-0700,121.65299999999999,121.617,0.015,0.015
31.03.2021 06:30:13.665 GMT-0700,121.62200000000001,121.57799999999999,0.015,0.015
31.03.2021 06:30:13.715 GMT-0700,121.62200000000001,121.60799999999999,0.015,0.015
31.03.2021 06:30:13.866 GMT-0700,121.61200000000001,121.57799999999999,0.015,0.015
31.03.2021 06:30:13.916 GMT-0700,121.59299999999999,121.55700000000002,0.015,0.015
31.03.2021 06:30:13.966 GMT-0700,121.59299999999999,121.54700000000001,0.015,0.015
31.03.2021 06:30:14.017 GMT-0700,121.56200000000001,121.49799999999999,0.015,0.015
31.03.2021 06:30:14.218 GMT-0700,121.58200000000001,121.49799999999999,0.015,0.015
31.03.2021 06:30:14.318 GMT-0700,121.59200000000001,121.518,0.015,0.015
31.03.2021 06:30:14.947 GMT-0700,121.59299999999999,121.54700000000001,0.015,0.0001
31.03.2021 06:30:15.050 GMT-0700,121.61200000000001,121.49799999999999,0.015,0.015
31.03.2021 06:30:15.237 GMT-0700,121.602,121.49799999999999,0.0075,0.015
31.03.2021 06:30:15.338 GMT-0700,121.613,121.49700000000001,0.015,0.015
31.03.2021 06:30:15.410 GMT-0700,121.613,121.58,0.0075,0.0001
31.03.2021 06:30:15.460 GMT-0700,121.633,121.59700000000001,0.015,0.015
31.03.2021 06:30:15.582 GMT-0700,121.62200000000001,121.49799999999999,0.015,0.015
31.03.2021 06:30:15.638 GMT-0700,121.62200000000001,121.58200000000001,0.015,0.0001
31.03.2021 06:30:15.688 GMT-0700,121.62200000000001,121.49799999999999,0.015,0.015
31.03.2021 06:30:15.816 GMT-0700,121.62299999999999,121.57700000000001,0.015,0.015
31.03.2021 06:30:15.933 GMT-0700,121.62200000000001,121.49799999999999,0.015,0.015
31.03.2021 06:30:16.020 GMT-0700,121.583,121.49700000000001,0.015,0.015
31.03.2021 06:30:16.071 GMT-0700,121.62299999999999,121.49700000000001,0.015,0.015
31.03.2021 06:30:16.183 GMT-0700,121.56200000000001,121.49799999999999,0.0075,0.015
31.03.2021 06:30:16.233 GMT-0700,121.62200000000001,121.49799999999999,0.015,0.015
31.03.2021 06:30:16.290 GMT-0700,121.62200000000001,121.52799999999999,0.015,0.015
31.03.2021 06:30:16.340 GMT-0700,121.62200000000001,121.49799999999999,0.015,0.015
31.03.2021 06:30:16.410 GMT-0700,121.553,121.49700000000001,0.0075,0.015
31.03.2021 06:30:16.461 GMT-0700,121.572,121.49799999999999,0.015,0.015
31.03.2021 06:30:16.575 GMT-0700,121.603,121.49700000000001,0.015,0.015
31.03.2021 06:30:16.626 GMT-0700,121.573,121.49700000000001,0.015,0.015
31.03.2021 06:30:16.728 GMT-0700,121.59299999999999,121.52700000000002,0.015,0.015
31.03.2021 06:30:16.779 GMT-0700,121.602,121.52799999999999,0.015,0.015
31.03.2021 06:30:16.829 GMT-0700,121.54200000000002,121.518,0.015,0.015
31.03.2021 06:30:16.879 GMT-0700,121.54200000000002,121.49799999999999,0.015,0.015
31.03.2021 06:30:16.946 GMT-0700,121.54200000000002,121.508,0.015,0.0012
31.03.2021 06:30:17.047 GMT-0700,121.53200000000001,121.49799999999999,0.015,0.015
31.03.2021 06:30:17.189 GMT-0700,121.523,121.49700000000001,0.015,0.015
31.03.2021 06:30:17.239 GMT-0700,121.51299999999999,121.477,0.015,0.015
31.03.2021 06:30:17.344 GMT-0700,121.503,121.477,0.0075,0.015
31.03.2021 06:30:17.739 GMT-0700,121.493,121.477,0.0075,0.015
31.03.2021 06:30:17.906 GMT-0700,121.50200000000001,121.488,0.0075,0.0012
31.03.2021 06:30:17.957 GMT-0700,121.54299999999999,121.51700000000001,0.015,0.015
31.03.2021 06:30:18.016 GMT-0700,121.552,121.518,0.015,0.015
31.03.2021 06:30:18.067 GMT-0700,121.54299999999999,121.507,0.015,0.015
31.03.2021 06:30:18.117 GMT-0700,121.552,121.508,0.015,0.015
31.03.2021 06:30:18.167 GMT-0700,121.54299999999999,121.51700000000001,0.015,0.015
31.03.2021 06:30:18.218 GMT-0700,121.54299999999999,121.507,0.015,0.015
31.03.2021 06:30:18.268 GMT-0700,121.553,121.52700000000002,0.015,0.015
31.03.2021 06:30:18.318 GMT-0700,121.59200000000001,121.508,0.015,0.015
31.03.2021 06:30:18.369 GMT-0700,121.56299999999999,121.507,0.015,0.015
31.03.2021 06:30:18.519 GMT-0700,121.54200000000002,121.508,0.015,0.015
31.03.2021 06:30:18.643 GMT-0700,121.54299999999999,121.49700000000001,0.015,0.015
31.03.2021 06:30:18.693 GMT-0700,121.533,121.49700000000001,0.015,0.015
31.03.2021 06:30:18.794 GMT-0700,121.522,121.488,0.015,0.015
31.03.2021 06:30:19.039 GMT-0700,121.51299999999999,121.48700000000001,0.0075,0.015
31.03.2021 06:30:19.190 GMT-0700,121.522,121.488,0.015,0.015
31.03.2021 06:30:19.387 GMT-0700,121.51299999999999,121.48700000000001,0.0075,0.015
31.03.2021 06:30:19.437 GMT-0700,121.51299999999999,121.477,0.015,0.015
31.03.2021 06:30:19.488 GMT-0700,121.523,121.477,0.015,0.015
31.03.2021 06:30:19.554 GMT-0700,121.51299999999999,121.477,0.0075,0.015
31.03.2021 06:30:19.720 GMT-0700,121.493,121.477,0.0075,0.0012
31.03.2021 06:30:19.771 GMT-0700,121.48299999999999,121.45700000000001,0.015,0.015
31.03.2021 06:30:20.207 GMT-0700,121.463,121.41700000000002,0.015,0.015
31.03.2021 06:30:20.375 GMT-0700,121.45299999999999,121.40700000000001,0.015,0.0001
31.03.2021 06:30:20.475 GMT-0700,121.45299999999999,121.397,0.015,0.015
31.03.2021 06:30:20.526 GMT-0700,121.45299999999999,121.40700000000001,0.015,0.015
31.03.2021 06:30:20.639 GMT-0700,121.45299999999999,121.427,0.015,0.015
31.03.2021 06:30:20.689 GMT-0700,121.47200000000001,121.458,0.015,0.015
31.03.2021 06:30:20.790 GMT-0700,121.48200000000001,121.458,0.015,0.015
31.03.2021 06:30:20.840 GMT-0700,121.493,121.477,0.015,0.015
31.03.2021 06:30:20.891 GMT-0700,121.50200000000001,121.46799999999999,0.015,0.015
31.03.2021 06:30:21.090 GMT-0700,121.50200000000001,121.458,0.015,0.015
31.03.2021 06:30:21.299 GMT-0700,121.48200000000001,121.458,0.0075,0.015
31.03.2021 06:30:21.400 GMT-0700,121.48200000000001,121.46799999999999,0.015,0.015
31.03.2021 06:30:22.229 GMT-0700,121.48200000000001,121.458,0.015,0.015
31.03.2021 06:30:22.330 GMT-0700,121.47200000000001,121.428,0.015,0.015
31.03.2021 06:30:22.380 GMT-0700,121.48200000000001,121.448,0.015,0.015
31.03.2021 06:30:22.430 GMT-0700,121.48299999999999,121.43700000000001,0.015,0.015
31.03.2021 06:30:22.748 GMT-0700,121.463,121.41700000000002,0.015,0.015
31.03.2021 06:30:22.990 GMT-0700,121.463,121.447,0.0075,0.0012
31.03.2021 06:30:23.041 GMT-0700,121.48200000000001,121.458,0.015,0.015
31.03.2021 06:30:23.328 GMT-0700,121.50200000000001,121.448,0.015,0.015
31.03.2021 06:30:23.378 GMT-0700,121.473,121.43700000000001,0.015,0.015
31.03.2021 06:30:23.645 GMT-0700,121.47200000000001,121.448,0.015,0.015
31.03.2021 06:30:23.890 GMT-0700,121.473,121.43700000000001,0.015,0.015
31.03.2021 06:30:23.940 GMT-0700,121.45200000000001,121.41799999999999,0.015,0.015
31.03.2021 06:30:23.990 GMT-0700,121.462,121.41799999999999,0.015,0.015
31.03.2021 06:30:24.041 GMT-0700,121.45299999999999,121.40700000000001,0.015,0.015
31.03.2021 06:30:24.191 GMT-0700,121.503,121.447,0.015,0.015
31.03.2021 06:30:24.295 GMT-0700,121.50200000000001,121.458,0.015,0.015
31.03.2021 06:30:24.538 GMT-0700,121.45200000000001,121.41799999999999,0.015,0.015
31.03.2021 06:30:24.689 GMT-0700,121.462,121.428,0.015,0.015
31.03.2021 06:30:24.884 GMT-0700,121.45200000000001,121.428,0.015,0.015
31.03.2021 06:30:24.989 GMT-0700,121.43299999999999,121.41700000000002,0.015,0.015
31.03.2021 06:30:25.090 GMT-0700,121.45299999999999,121.427,0.015,0.015
31.03.2021 06:30:25.233 GMT-0700,121.463,121.427,0.015,0.015
31.03.2021 06:30:25.389 GMT-0700,121.44200000000001,121.408,0.015,0.015
31.03.2021 06:30:25.439 GMT-0700,121.463,121.40700000000001,0.015,0.015
31.03.2021 06:30:25.540 GMT-0700,121.463,121.41700000000002,0.015,0.015
31.03.2021 06:30:25.641 GMT-0700,121.462,121.43799999999999,0.015,0.015
31.03.2021 06:30:25.691 GMT-0700,121.473,121.43700000000001,0.015,0.015
31.03.2021 06:30:25.971 GMT-0700,121.462,121.43799999999999,0.015,0.015
31.03.2021 06:30:26.021 GMT-0700,121.473,121.43700000000001,0.015,0.015
31.03.2021 06:30:26.932 GMT-0700,121.44200000000001,121.41799999999999,0.015,0.015
31.03.2021 06:30:27.032 GMT-0700,121.443,121.40700000000001,0.015,0.015
31.03.2021 06:30:27.082 GMT-0700,121.42200000000001,121.398,0.015,0.015
31.03.2021 06:30:27.183 GMT-0700,121.423,121.40700000000001,0.015,0.015
31.03.2021 06:30:27.257 GMT-0700,121.423,121.397,0.015,0.015
31.03.2021 06:30:27.374 GMT-0700,121.413,121.397,0.0075,0.0012
31.03.2021 06:30:27.425 GMT-0700,121.40200000000002,121.368,0.015,0.015
31.03.2021 06:30:27.475 GMT-0700,121.40200000000002,121.378,0.015,0.015
31.03.2021 06:30:27.576 GMT-0700,121.412,121.378,0.015,0.015
31.03.2021 06:30:27.676 GMT-0700,121.423,121.38700000000001,0.015,0.015
31.03.2021 06:30:27.777 GMT-0700,121.42200000000001,121.378,0.015,0.015
31.03.2021 06:30:27.877 GMT-0700,121.43299999999999,121.38700000000001,0.015,0.015
31.03.2021 06:30:27.989 GMT-0700,121.43200000000002,121.398,0.015,0.015
31.03.2021 06:30:28.443 GMT-0700,121.412,121.378,0.015,0.015
31.03.2021 06:30:28.573 GMT-0700,121.40299999999999,121.37700000000001,0.015,0.015
31.03.2021 06:30:28.623 GMT-0700,121.412,121.378,0.015,0.015
31.03.2021 06:30:28.673 GMT-0700,121.423,121.397,0.015,0.015
31.03.2021 06:30:28.724 GMT-0700,121.42200000000001,121.38799999999999,0.015,0.015
31.03.2021 06:30:28.839 GMT-0700,121.413,121.38700000000001,0.015,0.015
31.03.2021 06:30:28.939 GMT-0700,121.40299999999999,121.367,0.015,0.015
31.03.2021 06:30:29.090 GMT-0700,121.393,121.35700000000001,0.015,0.015
31.03.2021 06:30:29.452 GMT-0700,121.383,121.35700000000001,0.015,0.015
31.03.2021 06:30:29.553 GMT-0700,121.37200000000001,121.35799999999999,0.015,0.015
31.03.2021 06:30:29.703 GMT-0700,121.37299999999999,121.34700000000001,0.015,0.015
31.03.2021 06:30:30.010 GMT-0700,121.37200000000001,121.35799999999999,0.015,0.015
31.03.2021 06:30:30.061 GMT-0700,121.393,121.35700000000001,0.015,0.015
31.03.2021 06:30:30.161 GMT-0700,121.40299999999999,121.35700000000001,0.015,0.015
31.03.2021 06:30:30.287 GMT-0700,121.40200000000002,121.378,0.015,0.015
31.03.2021 06:30:30.337 GMT-0700,121.42200000000001,121.38799999999999,0.015,0.015
31.03.2021 06:30:30.388 GMT-0700,121.40299999999999,121.37700000000001,0.015,0.015
31.03.2021 06:30:30.500 GMT-0700,121.423,121.38700000000001,0.015,0.015
31.03.2021 06:30:30.551 GMT-0700,121.39200000000001,121.368,0.015,0.015
31.03.2021 06:30:30.601 GMT-0700,121.40200000000002,121.35799999999999,0.015,0.015
31.03.2021 06:30:30.651 GMT-0700,121.382,121.348,0.015,0.015
31.03.2021 06:30:30.702 GMT-0700,121.39200000000001,121.348,0.015,0.015
31.03.2021 06:30:30.752 GMT-0700,121.40200000000002,121.368,0.015,0.015
31.03.2021 06:30:30.803 GMT-0700,121.40299999999999,121.35700000000001,0.015,0.015
31.03.2021 06:30:30.893 GMT-0700,121.40299999999999,121.367,0.015,0.0001
31.03.2021 06:30:30.944 GMT-0700,121.40299999999999,121.35700000000001,0.015,0.015
31.03.2021 06:30:30.994 GMT-0700,121.42200000000001,121.38799999999999,0.015,0.015
31.03.2021 06:30:31.446 GMT-0700,121.40200000000002,121.38799999999999,0.0075,0.0001
31.03.2021 06:30:31.497 GMT-0700,121.40299999999999,121.35700000000001,0.015,0.015
31.03.2021 06:30:31.547 GMT-0700,121.39200000000001,121.35799999999999,0.015,0.015
31.03.2021 06:30:31.597 GMT-0700,121.393,121.34700000000001,0.015,0.015
31.03.2021 06:30:31.748 GMT-0700,121.39200000000001,121.35799999999999,0.015,0.0001
31.03.2021 06:30:31.799 GMT-0700,121.393,121.34700000000001,0.015,0.015
31.03.2021 06:30:31.888 GMT-0700,121.393,121.35700000000001,0.015,0.0001
31.03.2021 06:30:32.124 GMT-0700,121.40200000000002,121.368,0.015,0.015
31.03.2021 06:30:32.283 GMT-0700,121.39200000000001,121.368,0.015,0.015
31.03.2021 06:30:32.707 GMT-0700,121.39200000000001,121.35799999999999,0.015,0.015
31.03.2021 06:30:32.757 GMT-0700,121.39200000000001,121.368,0.015,0.015
31.03.2021 06:30:32.808 GMT-0700,121.40299999999999,121.367,0.015,0.015
31.03.2021 06:30:32.908 GMT-0700,121.423,121.37700000000001,0.015,0.015
31.03.2021 06:30:33.059 GMT-0700,121.423,121.38700000000001,0.015,0.015
31.03.2021 06:30:33.210 GMT-0700,121.40299999999999,121.38700000000001,0.015,0.015
31.03.2021 06:30:33.260 GMT-0700,121.37200000000001,121.35799999999999,0.015,0.015
31.03.2021 06:30:33.310 GMT-0700,121.383,121.35700000000001,0.015,0.015
31.03.2021 06:30:33.361 GMT-0700,121.39200000000001,121.35799999999999,0.015,0.015
31.03.2021 06:30:33.461 GMT-0700,121.39200000000001,121.368,0.015,0.015
31.03.2021 06:30:33.562 GMT-0700,121.40299999999999,121.37700000000001,0.015,0.015
31.03.2021 06:30:33.662 GMT-0700,121.413,121.37700000000001,0.015,0.015
31.03.2021 06:30:33.713 GMT-0700,121.42200000000001,121.38799999999999,0.015,0.015
31.03.2021 06:30:34.064 GMT-0700,121.40299999999999,121.367,0.015,0.015
31.03.2021 06:30:34.165 GMT-0700,121.39200000000001,121.368,0.0075,0.0001
31.03.2021 06:30:34.266 GMT-0700,121.382,121.35799999999999,0.015,0.015
31.03.2021 06:30:34.316 GMT-0700,121.382,121.348,0.015,0.015
31.03.2021 06:30:34.382 GMT-0700,121.37299999999999,121.35700000000001,0.0075,0.0001
31.03.2021 06:30:34.433 GMT-0700,121.383,121.35700000000001,0.015,0.015
31.03.2021 06:30:34.533 GMT-0700,121.37200000000001,121.35799999999999,0.015,0.015
31.03.2021 06:30:34.583 GMT-0700,121.37299999999999,121.34700000000001,0.015,0.015
31.03.2021 06:30:34.649 GMT-0700,121.36200000000001,121.348,0.0075,0.015
31.03.2021 06:30:34.700 GMT-0700,121.382,121.348,0.015,0.015
31.03.2021 06:30:34.750 GMT-0700,121.39200000000001,121.35799999999999,0.015,0.015
31.03.2021 06:30:34.851 GMT-0700,121.412,121.378,0.015,0.015
31.03.2021 06:30:35.294 GMT-0700,121.40200000000002,121.368,0.015,0.015
31.03.2021 06:30:35.395 GMT-0700,121.412,121.378,0.015,0.015
31.03.2021 06:30:35.786 GMT-0700,121.40299999999999,121.35700000000001,0.015,0.015
31.03.2021 06:30:35.844 GMT-0700,121.40200000000002,121.368,0.015,0.0001
31.03.2021 06:30:35.945 GMT-0700,121.40200000000002,121.378,0.015,0.015
31.03.2021 06:30:35.995 GMT-0700,121.423,121.37700000000001,0.015,0.015
31.03.2021 06:30:36.047 GMT-0700,121.423,121.397,0.015,0.0001
31.03.2021 06:30:36.197 GMT-0700,121.413,121.37700000000001,0.015,0.015
31.03.2021 06:30:36.308 GMT-0700,121.40299999999999,121.37700000000001,0.015,0.015
31.03.2021 06:30:36.731 GMT-0700,121.413,121.37700000000001,0.015,0.015
31.03.2021 06:30:37.274 GMT-0700,121.39200000000001,121.35799999999999,0.015,0.015
31.03.2021 06:30:37.375 GMT-0700,121.37200000000001,121.35799999999999,0.015,0.015
31.03.2021 06:30:37.425 GMT-0700,121.34299999999999,121.32700000000001,0.015,0.015
31.03.2021 06:30:37.475 GMT-0700,121.352,121.32799999999999,0.015,0.015
31.03.2021 06:30:37.676 GMT-0700,121.36200000000001,121.32799999999999,0.015,0.015
31.03.2021 06:30:37.727 GMT-0700,121.352,121.318,0.015,0.015
31.03.2021 06:30:37.853 GMT-0700,121.353,121.32700000000001,0.0075,0.0001
31.03.2021 06:30:37.903 GMT-0700,121.36200000000001,121.318,0.015,0.015
31.03.2021 06:30:37.983 GMT-0700,121.363,121.32700000000001,0.015,0.015
31.03.2021 06:30:38.198 GMT-0700,121.353,121.32700000000001,0.0075,0.015
31.03.2021 06:30:38.248 GMT-0700,121.36200000000001,121.32799999999999,0.015,0.015
31.03.2021 06:30:38.350 GMT-0700,121.353,121.32700000000001,0.015,0.015
31.03.2021 06:30:38.503 GMT-0700,121.34200000000001,121.318,0.015,0.015
31.03.2021 06:30:38.604 GMT-0700,121.323,121.29700000000001,0.015,0.015
31.03.2021 06:30:38.705 GMT-0700,121.333,121.29700000000001,0.015,0.015
31.03.2021 06:30:38.869 GMT-0700,121.323,121.29700000000001,0.0075,0.015
31.03.2021 06:30:39.047 GMT-0700,121.322,121.30799999999999,0.015,0.0001
31.03.2021 06:30:39.097 GMT-0700,121.33200000000001,121.298,0.015,0.015
31.03.2021 06:30:39.257 GMT-0700,121.303,121.29700000000001,0.0075,0.0012
31.03.2021 06:30:39.307 GMT-0700,121.31200000000001,121.268,0.015,0.015
31.03.2021 06:30:39.358 GMT-0700,121.31200000000001,121.258,0.015,0.015
31.03.2021 06:30:39.408 GMT-0700,121.31299999999999,121.26700000000001,0.015,0.015
31.03.2021 06:30:39.559 GMT-0700,121.322,121.27799999999999,0.015,0.015
31.03.2021 06:30:39.687 GMT-0700,121.323,121.287,0.015,0.015
31.03.2021 06:30:40.454 GMT-0700,121.322,121.27799999999999,0.015,0.015
31.03.2021 06:30:40.504 GMT-0700,121.31200000000001,121.27799999999999,0.015,0.015
31.03.2021 06:30:40.707 GMT-0700,121.323,121.27700000000002,0.015,0.015
31.03.2021 06:30:40.758 GMT-0700,121.31299999999999,121.27700000000002,0.015,0.015
31.03.2021 06:30:40.909 GMT-0700,121.322,121.288,0.015,0.015
31.03.2021 06:30:40.959 GMT-0700,121.323,121.27700000000002,0.015,0.015
31.03.2021 06:30:41.020 GMT-0700,121.303,121.27700000000002,0.0075,0.015
31.03.2021 06:30:41.071 GMT-0700,121.303,121.26700000000001,0.015,0.015
31.03.2021 06:30:41.135 GMT-0700,121.303,121.27700000000002,0.015,0.015
31.03.2021 06:30:41.186 GMT-0700,121.302,121.268,0.015,0.015
31.03.2021 06:30:41.286 GMT-0700,121.29200000000002,121.24799999999999,0.015,0.015
31.03.2021 06:30:41.387 GMT-0700,121.272,121.24799999999999,0.015,0.015
31.03.2021 06:30:41.564 GMT-0700,121.28200000000001,121.258,0.015,0.015
31.03.2021 06:30:41.614 GMT-0700,121.322,121.288,0.015,0.015
31.03.2021 06:30:41.664 GMT-0700,121.31200000000001,121.27799999999999,0.015,0.015
31.03.2021 06:30:41.799 GMT-0700,121.29200000000002,121.268,0.0075,0.0001
31.03.2021 06:30:41.944 GMT-0700,121.283,121.257,0.015,0.015
31.03.2021 06:30:41.995 GMT-0700,121.29299999999999,121.257,0.015,0.015
31.03.2021 06:30:42.095 GMT-0700,121.29200000000002,121.268,0.015,0.015
31.03.2021 06:30:42.196 GMT-0700,121.302,121.27799999999999,0.015,0.015
31.03.2021 06:30:42.365 GMT-0700,121.283,121.257,0.015,0.015
31.03.2021 06:30:42.488 GMT-0700,121.272,121.258,0.0075,0.0001
31.03.2021 06:30:42.538 GMT-0700,121.272,121.24799999999999,0.015,0.015
31.03.2021 06:30:42.588 GMT-0700,121.272,121.258,0.015,0.015
31.03.2021 06:30:42.639 GMT-0700,121.273,121.24700000000001,0.015,0.015
31.03.2021 06:30:42.739 GMT-0700,121.29299999999999,121.27700000000002,0.015,0.015
31.03.2021 06:30:42.790 GMT-0700,121.302,121.27799999999999,0.015,0.015
31.03.2021 06:30:42.915 GMT-0700,121.283,121.24700000000001,0.015,0.015
31.03.2021 06:30:43.216 GMT-0700,121.273,121.24700000000001,0.015,0.015
31.03.2021 06:30:43.320 GMT-0700,121.26200000000001,121.228,0.015,0.015
31.03.2021 06:30:43.371 GMT-0700,121.253,121.23700000000001,0.015,0.015
31.03.2021 06:30:43.421 GMT-0700,121.243,121.21700000000001,0.015,0.015
31.03.2021 06:30:43.522 GMT-0700,121.242,121.208,0.015,0.015
31.03.2021 06:30:43.678 GMT-0700,121.243,121.21700000000001,0.015,0.015
31.03.2021 06:30:43.779 GMT-0700,121.26200000000001,121.228,0.015,0.015
31.03.2021 06:30:44.871 GMT-0700,121.253,121.227,0.0075,0.015
31.03.2021 06:30:44.921 GMT-0700,121.26299999999999,121.227,0.015,0.015
31.03.2021 06:30:45.001 GMT-0700,121.243,121.227,0.0075,0.015
31.03.2021 06:30:45.180 GMT-0700,121.272,121.24799999999999,0.015,0.015
31.03.2021 06:30:45.357 GMT-0700,121.28200000000001,121.268,0.015,0.015
31.03.2021 06:30:45.407 GMT-0700,121.28200000000001,121.258,0.015,0.015
31.03.2021 06:30:45.458 GMT-0700,121.29299999999999,121.27700000000002,0.015,0.015
31.03.2021 06:30:45.508 GMT-0700,121.302,121.27799999999999,0.015,0.015
31.03.2021 06:30:45.559 GMT-0700,121.31299999999999,121.27700000000002,0.015,0.015
31.03.2021 06:30:45.622 GMT-0700,121.31200000000001,121.288,0.015,0.0012
31.03.2021 06:30:45.673 GMT-0700,121.323,121.287,0.015,0.015
31.03.2021 06:30:45.773 GMT-0700,121.323,121.29700000000001,0.015,0.015
31.03.2021 06:30:45.874 GMT-0700,121.323,121.287,0.015,0.015
31.03.2021 06:30:45.924 GMT-0700,121.302,121.27799999999999,0.015,0.015
31.03.2021 06:30:46.027 GMT-0700,121.31299999999999,121.27700000000002,0.015,0.015
31.03.2021 06:30:46.077 GMT-0700,121.28200000000001,121.258,0.015,0.015
31.03.2021 06:30:46.541 GMT-0700,121.302,121.27799999999999,0.015,0.015
31.03.2021 06:30:46.819 GMT-0700,121.303,121.287,0.015,0.015
31.03.2021 06:30:47.122 GMT-0700,121.31299999999999,121.287,0.015,0.015
31.03.2021 06:30:47.264 GMT-0700,121.303,121.287,0.0075,0.015
31.03.2021 06:30:47.365 GMT-0700,121.31299999999999,121.287,0.015,0.015
31.03.2021 06:30:47.416 GMT-0700,121.302,121.288,0.015,0.015
31.03.2021 06:30:47.786 GMT-0700,121.272,121.258,0.015,0.015
31.03.2021 06:30:47.837 GMT-0700,121.283,121.257,0.015,0.015
31.03.2021 06:30:47.960 GMT-0700,121.283,121.26700000000001,0.0075,0.015
31.03.2021 06:30:48.010 GMT-0700,121.28200000000001,121.258,0.015,0.015
31.03.2021 06:30:48.061 GMT-0700,121.29200000000002,121.268,0.015,0.015
31.03.2021 06:30:48.294 GMT-0700,121.302,121.268,0.015,0.015
31.03.2021 06:30:48.407 GMT-0700,121.29200000000002,121.268,0.0075,0.0012
31.03.2021 06:30:48.457 GMT-0700,121.29200000000002,121.258,0.015,0.015
31.03.2021 06:30:48.508 GMT-0700,121.283,121.257,0.015,0.015
31.03.2021 06:30:48.609 GMT-0700,121.29299999999999,121.257,0.015,0.015
31.03.2021 06:30:48.824 GMT-0700,121.302,121.268,0.015,0.015
31.03.2021 06:30:48.975 GMT-0700,121.323,121.287,0.015,0.015
31.03.2021 06:30:49.090 GMT-0700,121.29200000000002,121.258,0.015,0.015
31.03.2021 06:30:49.484 GMT-0700,121.28200000000001,121.258,0.015,0.015
31.03.2021 06:30:49.534 GMT-0700,121.29200000000002,121.258,0.015,0.015
31.03.2021 06:30:49.745 GMT-0700,121.29299999999999,121.26700000000001,0.0075,0.0001
31.03.2021 06:30:49.795 GMT-0700,121.29200000000002,121.258,0.015,0.015
31.03.2021 06:30:50.474 GMT-0700,121.283,121.257,0.015,0.015
31.03.2021 06:30:50.675 GMT-0700,121.28200000000001,121.268,0.015,0.015
31.03.2021 06:30:50.777 GMT-0700,121.29200000000002,121.27799999999999,0.015,0.015
31.03.2021 06:30:51.068 GMT-0700,121.29299999999999,121.26700000000001,0.015,0.015
31.03.2021 06:30:52.785 GMT-0700,121.302,121.288,0.015,0.015
31.03.2021 06:30:52.835 GMT-0700,121.333,121.287,0.015,0.015
31.03.2021 06:30:52.956 GMT-0700,121.33200000000001,121.30799999999999,0.015,0.015
31.03.2021 06:30:53.007 GMT-0700,121.333,121.29700000000001,0.015,0.015
31.03.2021 06:30:53.057 GMT-0700,121.322,121.298,0.015,0.015
31.03.2021 06:30:53.378 GMT-0700,121.31299999999999,121.287,0.015,0.015
31.03.2021 06:30:53.563 GMT-0700,121.31299999999999,121.27700000000002,0.015,0.015
31.03.2021 06:30:54.176 GMT-0700,121.29200000000002,121.27799999999999,0.0075,0.015
31.03.2021 06:30:54.227 GMT-0700,121.29200000000002,121.268,0.015,0.015
31.03.2021 06:30:54.328 GMT-0700,121.302,121.268,0.015,0.015
31.03.2021 06:30:54.428 GMT-0700,121.303,121.257,0.015,0.015
31.03.2021 06:30:54.492 GMT-0700,121.29200000000002,121.258,0.0075,0.015
31.03.2021 06:30:54.543 GMT-0700,121.302,121.258,0.015,0.015
31.03.2021 06:30:54.593 GMT-0700,121.29299999999999,121.257,0.015,0.015
31.03.2021 06:30:54.643 GMT-0700,121.302,121.258,0.015,0.015
31.03.2021 06:30:54.711 GMT-0700,121.29200000000002,121.258,0.015,0.015
31.03.2021 06:30:55.208 GMT-0700,121.283,121.257,0.0075,0.0012
31.03.2021 06:30:55.258 GMT-0700,121.28200000000001,121.24799999999999,0.015,0.015
31.03.2021 06:30:55.309 GMT-0700,121.272,121.24799999999999,0.015,0.015
31.03.2021 06:30:55.359 GMT-0700,121.273,121.227,0.015,0.015
31.03.2021 06:30:55.459 GMT-0700,121.29299999999999,121.257,0.015,0.015
31.03.2021 06:30:55.605 GMT-0700,121.28200000000001,121.258,0.015,0.015
31.03.2021 06:30:55.705 GMT-0700,121.283,121.24700000000001,0.015,0.015
31.03.2021 06:30:55.859 GMT-0700,121.273,121.24700000000001,0.0075,0.0012
31.03.2021 06:30:55.909 GMT-0700,121.272,121.228,0.015,0.015
31.03.2021 06:30:56.021 GMT-0700,121.26299999999999,121.227,0.015,0.015
31.03.2021 06:30:56.172 GMT-0700,121.26299999999999,121.23700000000001,0.015,0.015
31.03.2021 06:30:56.280 GMT-0700,121.26299999999999,121.24700000000001,0.015,0.015
31.03.2021 06:30:56.330 GMT-0700,121.26200000000001,121.238,0.015,0.015
31.03.2021 06:30:56.430 GMT-0700,121.283,121.257,0.015,0.015
31.03.2021 06:30:56.481 GMT-0700,121.283,121.24700000000001,0.015,0.015
31.03.2021 06:30:56.682 GMT-0700,121.29200000000002,121.24799999999999,0.015,0.015
31.03.2021 06:30:57.125 GMT-0700,121.303,121.26700000000001,0.015,0.015
31.03.2021 06:30:57.226 GMT-0700,121.34299999999999,121.30700000000002,0.015,0.015
31.03.2021 06:30:57.376 GMT-0700,121.323,121.30700000000002,0.015,0.015
31.03.2021 06:30:57.427 GMT-0700,121.333,121.30700000000002,0.015,0.015
31.03.2021 06:30:57.527 GMT-0700,121.323,121.29700000000001,0.015,0.015
31.03.2021 06:30:57.628 GMT-0700,121.31200000000001,121.298,0.015,0.015
31.03.2021 06:30:57.735 GMT-0700,121.28200000000001,121.268,0.015,0.015
31.03.2021 06:30:57.786 GMT-0700,121.31299999999999,121.27700000000002,0.015,0.015
31.03.2021 06:30:57.886 GMT-0700,121.31200000000001,121.288,0.015,0.015
31.03.2021 06:30:58.153 GMT-0700,121.29299999999999,121.288,0.0075,0.0012
31.03.2021 06:30:58.204 GMT-0700,121.29299999999999,121.27700000000002,0.015,0.015
31.03.2021 06:30:58.395 GMT-0700,121.31200000000001,121.27799999999999,0.015,0.015
31.03.2021 06:30:58.445 GMT-0700,121.323,121.287,0.015,0.015
31.03.2021 06:30:58.496 GMT-0700,121.322,121.27799999999999,0.015,0.015
31.03.2021 06:30:58.596 GMT-0700,121.33200000000001,121.298,0.015,0.015
31.03.2021 06:30:58.647 GMT-0700,121.33200000000001,121.288,0.015,0.015
31.03.2021 06:30:58.864 GMT-0700,121.33200000000001,121.30799999999999,0.0075,0.0001
31.03.2021 06:30:58.914 GMT-0700,121.34200000000001,121.30799999999999,0.015,0.015
31.03.2021 06:30:58.965 GMT-0700,121.352,121.318,0.015,0.015
31.03.2021 06:30:59.115 GMT-0700,121.352,121.32799999999999,0.015,0.015
31.03.2021 06:30:59.275 GMT-0700,121.34200000000001,121.32799999999999,0.0075,0.0012
31.03.2021 06:30:59.325 GMT-0700,121.34299999999999,121.31700000000001,0.015,0.015
31.03.2021 06:30:59.426 GMT-0700,121.352,121.318,0.015,0.015
31.03.2021 06:30:59.476 GMT-0700,121.34299999999999,121.31700000000001,0.015,0.015
31.03.2021 06:30:59.526 GMT-0700,121.353,121.30700000000002,0.015,0.015
31.03.2021 06:30:59.582 GMT-0700,121.333,121.30700000000002,0.0075,0.0012
31.03.2021 06:30:59.633 GMT-0700,121.34200000000001,121.298,0.015,0.015
31.03.2021 06:30:59.733 GMT-0700,121.353,121.30700000000002,0.015,0.015
31.03.2021 06:31:00.052 GMT-0700,121.333,121.30700000000002,0.0075,0.0012
31.03.2021 06:31:00.102 GMT-0700,121.34200000000001,121.298,0.015,0.015
31.03.2021 06:31:00.324 GMT-0700,121.34200000000001,121.30799999999999,0.015,0.0001
31.03.2021 06:31:00.425 GMT-0700,121.34200000000001,121.298,0.015,0.015
31.03.2021 06:31:00.525 GMT-0700,121.322,121.27799999999999,0.015,0.015
31.03.2021 06:31:00.626 GMT-0700,121.33200000000001,121.298,0.015,0.015
31.03.2021 06:31:00.676 GMT-0700,121.34299999999999,121.29700000000001,0.015,0.015
31.03.2021 06:31:00.777 GMT-0700,121.322,121.27799999999999,0.015,0.015
31.03.2021 06:31:00.927 GMT-0700,121.34299999999999,121.29700000000001,0.015,0.015
31.03.2021 06:31:01.036 GMT-0700,121.353,121.30700000000002,0.015,0.015
31.03.2021 06:31:01.137 GMT-0700,121.34200000000001,121.298,0.015,0.015
31.03.2021 06:31:01.325 GMT-0700,121.34299999999999,121.30700000000002,0.015,0.015
31.03.2021 06:31:01.697 GMT-0700,121.323,121.287,0.015,0.015
31.03.2021 06:31:01.747 GMT-0700,121.323,121.27700000000002,0.015,0.015
31.03.2021 06:31:01.797 GMT-0700,121.33200000000001,121.288,0.015,0.015
31.03.2021 06:31:02.078 GMT-0700,121.34299999999999,121.29700000000001,0.015,0.015
31.03.2021 06:31:02.179 GMT-0700,121.323,121.27700000000002,0.015,0.015
31.03.2021 06:31:02.280 GMT-0700,121.33200000000001,121.288,0.015,0.015
31.03.2021 06:31:02.385 GMT-0700,121.333,121.29700000000001,0.015,0.0001
31.03.2021 06:31:02.436 GMT-0700,121.333,121.287,0.015,0.015
31.03.2021 06:31:02.492 GMT-0700,121.323,121.287,0.0075,0.0012
31.03.2021 06:31:02.542 GMT-0700,121.322,121.27799999999999,0.015,0.015
31.03.2021 06:31:02.593 GMT-0700,121.322,121.298,0.015,0.015
31.03.2021 06:31:02.643 GMT-0700,121.33200000000001,121.298,0.015,0.015
31.03.2021 06:31:02.711 GMT-0700,121.34200000000001,121.298,0.015,0.015
31.03.2021 06:31:02.831 GMT-0700,121.34299999999999,121.31700000000001,0.015,0.015
31.03.2021 06:31:02.881 GMT-0700,121.363,121.32700000000001,0.015,0.015
31.03.2021 06:31:02.932 GMT-0700,121.352,121.32799999999999,0.015,0.015
31.03.2021 06:31:03.082 GMT-0700,121.34200000000001,121.318,0.015,0.015
31.03.2021 06:31:03.183 GMT-0700,121.353,121.32700000000001,0.015,0.015
31.03.2021 06:31:03.327 GMT-0700,121.363,121.337,0.015,0.015
31.03.2021 06:31:03.377 GMT-0700,121.34299999999999,121.287,0.015,0.015
31.03.2021 06:31:03.428 GMT-0700,121.363,121.32700000000001,0.015,0.015
31.03.2021 06:31:03.546 GMT-0700,121.36200000000001,121.338,0.015,0.0001
31.03.2021 06:31:03.597 GMT-0700,121.36200000000001,121.30799999999999,0.015,0.015
31.03.2021 06:31:03.697 GMT-0700,121.353,121.30700000000002,0.015,0.015
31.03.2021 06:31:03.844 GMT-0700,121.33200000000001,121.27799999999999,0.015,0.015
31.03.2021 06:31:03.895 GMT-0700,121.34200000000001,121.27799999999999,0.015,0.015
31.03.2021 06:31:03.945 GMT-0700,121.352,121.30799999999999,0.015,0.015
31.03.2021 06:31:03.995 GMT-0700,121.36200000000001,121.30799999999999,0.015,0.015
31.03.2021 06:31:04.045 GMT-0700,121.352,121.30799999999999,0.015,0.015
31.03.2021 06:31:04.146 GMT-0700,121.333,121.287,0.015,0.015
31.03.2021 06:31:04.599 GMT-0700,121.34299999999999,121.287,0.015,0.015
31.03.2021 06:31:04.699 GMT-0700,121.352,121.288,0.015,0.015
31.03.2021 06:31:05.029 GMT-0700,121.363,121.337,0.015,0.015
31.03.2021 06:31:05.079 GMT-0700,121.37299999999999,121.32700000000001,0.015,0.015
31.03.2021 06:31:05.215 GMT-0700,121.363,121.32700000000001,0.0075,0.015
31.03.2021 06:31:05.603 GMT-0700,121.363,121.35700000000001,0.0075,0.0001
31.03.2021 06:31:05.653 GMT-0700,121.383,121.34700000000001,0.015,0.015
31.03.2021 06:31:05.703 GMT-0700,121.382,121.368,0.015,0.015
31.03.2021 06:31:05.804 GMT-0700,121.382,121.348,0.015,0.015
31.03.2021 06:31:06.037 GMT-0700,121.36200000000001,121.348,0.0075,0.0012
31.03.2021 06:31:06.087 GMT-0700,121.363,121.32700000000001,0.015,0.015
31.03.2021 06:31:06.137 GMT-0700,121.382,121.348,0.015,0.015
31.03.2021 06:31:06.730 GMT-0700,121.353,121.32700000000001,0.015,0.015
31.03.2021 06:31:06.780 GMT-0700,121.36200000000001,121.32799999999999,0.015,0.015
31.03.2021 06:31:06.931 GMT-0700,121.383,121.35700000000001,0.015,0.015
31.03.2021 06:31:07.983 GMT-0700,121.36200000000001,121.35799999999999,0.0075,0.0012
31.03.2021 06:31:08.034 GMT-0700,121.382,121.35799999999999,0.015,0.015
31.03.2021 06:31:08.347 GMT-0700,121.37299999999999,121.34700000000001,0.015,0.015
31.03.2021 06:31:08.397 GMT-0700,121.383,121.34700000000001,0.015,0.015
31.03.2021 06:31:08.448 GMT-0700,121.37299999999999,121.337,0.015,0.015
31.03.2021 06:31:08.550 GMT-0700,121.353,121.29700000000001,0.015,0.015
31.03.2021 06:31:08.601 GMT-0700,121.34299999999999,121.287,0.015,0.015
31.03.2021 06:31:08.702 GMT-0700,121.352,121.318,0.015,0.015
31.03.2021 06:31:08.853 GMT-0700,121.34299999999999,121.287,0.015,0.015
31.03.2021 06:31:08.903 GMT-0700,121.34299999999999,121.30700000000002,0.015,0.015
31.03.2021 06:31:09.319 GMT-0700,121.33200000000001,121.288,0.015,0.015
31.03.2021 06:31:09.369 GMT-0700,121.322,121.27799999999999,0.015,0.015
31.03.2021 06:31:09.595 GMT-0700,121.34200000000001,121.30799999999999,0.015,0.015
31.03.2021 06:31:09.739 GMT-0700,121.333,121.29700000000001,0.015,0.015
31.03.2021 06:31:09.840 GMT-0700,121.33200000000001,121.30799999999999,0.015,0.015
31.03.2021 06:31:09.890 GMT-0700,121.333,121.29700000000001,0.015,0.015
31.03.2021 06:31:10.063 GMT-0700,121.31299999999999,121.287,0.015,0.015
31.03.2021 06:31:10.213 GMT-0700,121.31200000000001,121.298,0.015,0.015
31.03.2021 06:31:10.444 GMT-0700,121.303,121.29700000000001,0.0075,0.0012
31.03.2021 06:31:10.494 GMT-0700,121.302,121.27799999999999,0.015,0.015
31.03.2021 06:31:10.607 GMT-0700,121.303,121.26700000000001,0.015,0.015
31.03.2021 06:31:10.658 GMT-0700,121.29299999999999,121.257,0.015,0.015
31.03.2021 06:31:10.808 GMT-0700,121.29299999999999,121.26700000000001,0.015,0.015
31.03.2021 06:31:11.009 GMT-0700,121.303,121.287,0.015,0.015
31.03.2021 06:31:11.060 GMT-0700,121.303,121.26700000000001,0.015,0.015
31.03.2021 06:31:11.110 GMT-0700,121.303,121.287,0.015,0.015
31.03.2021 06:31:11.160 GMT-0700,121.29299999999999,121.26700000000001,0.015,0.015
31.03.2021 06:31:11.261 GMT-0700,121.29299999999999,121.257,0.015,0.015
31.03.2021 06:31:11.361 GMT-0700,121.28200000000001,121.258,0.015,0.015
31.03.2021 06:31:11.462 GMT-0700,121.26200000000001,121.238,0.015,0.015
31.03.2021 06:31:11.562 GMT-0700,121.283,121.23700000000001,0.015,0.015
31.03.2021 06:31:11.612 GMT-0700,121.273,121.23700000000001,0.015,0.015
31.03.2021 06:31:11.763 GMT-0700,121.25200000000001,121.228,0.015,0.015
31.03.2021 06:31:11.864 GMT-0700,121.272,121.238,0.015,0.015
31.03.2021 06:31:11.914 GMT-0700,121.28200000000001,121.24799999999999,0.015,0.015
31.03.2021 06:31:12.133 GMT-0700,121.283,121.257,0.0075,0.0001
31.03.2021 06:31:12.183 GMT-0700,121.303,121.26700000000001,0.015,0.015
31.03.2021 06:31:12.619 GMT-0700,121.303,121.27700000000002,0.015,0.015
31.03.2021 06:31:12.720 GMT-0700,121.31200000000001,121.288,0.015,0.015
31.03.2021 06:31:12.770 GMT-0700,121.323,121.287,0.015,0.015
31.03.2021 06:31:13.225 GMT-0700,121.31299999999999,121.287,0.015,0.015
31.03.2021 06:31:13.276 GMT-0700,121.29200000000002,121.24799999999999,0.015,0.015
31.03.2021 06:31:13.326 GMT-0700,121.28200000000001,121.258,0.015,0.015
31.03.2021 06:31:13.479 GMT-0700,121.272,121.238,0.015,0.015
31.03.2021 06:31:13.529 GMT-0700,121.26299999999999,121.23700000000001,0.015,0.015
31.03.2021 06:31:13.783 GMT-0700,121.26299999999999,121.227,0.015,0.015
31.03.2021 06:31:13.834 GMT-0700,121.272,121.238,0.015,0.015
31.03.2021 06:31:14.123 GMT-0700,121.273,121.257,0.015,0.015
31.03.2021 06:31:14.388 GMT-0700,121.253,121.227,0.015,0.015
31.03.2021 06:31:14.818 GMT-0700,121.23200000000001,121.228,0.0075,0.0012
31.03.2021 06:31:14.868 GMT-0700,121.23299999999999,121.177,0.015,0.015
31.03.2021 06:31:14.919 GMT-0700,121.23299999999999,121.20700000000001,0.015,0.015
31.03.2021 06:31:15.072 GMT-0700,121.23299999999999,121.197,0.015,0.015
31.03.2021 06:31:15.123 GMT-0700,121.23200000000001,121.208,0.015,0.015
31.03.2021 06:31:15.173 GMT-0700,121.23299999999999,121.197,0.015,0.015
31.03.2021 06:31:15.224 GMT-0700,121.23299999999999,121.20700000000001,0.015,0.015
31.03.2021 06:31:15.374 GMT-0700,121.253,121.21700000000001,0.015,0.015
31.03.2021 06:31:15.608 GMT-0700,121.242,121.21799999999999,0.0075,0.015
31.03.2021 06:31:15.709 GMT-0700,121.223,121.177,0.015,0.015
31.03.2021 06:31:15.759 GMT-0700,121.242,121.208,0.015,0.015
31.03.2021 06:31:15.910 GMT-0700,121.253,121.21700000000001,0.015,0.015
31.03.2021 06:31:16.039 GMT-0700,121.25200000000001,121.208,0.015,0.015
31.03.2021 06:31:16.090 GMT-0700,121.253,121.227,0.015,0.015
31.03.2021 06:31:16.190 GMT-0700,121.25200000000001,121.21799999999999,0.015,0.015
31.03.2021 06:31:16.476 GMT-0700,121.242,121.208,0.015,0.015
31.03.2021 06:31:16.577 GMT-0700,121.23200000000001,121.18799999999999,0.015,0.015
31.03.2021 06:31:16.627 GMT-0700,121.22200000000001,121.198,0.015,0.015
31.03.2021 06:31:16.677 GMT-0700,121.23200000000001,121.198,0.015,0.015
31.03.2021 06:31:16.778 GMT-0700,121.23299999999999,121.20700000000001,0.015,0.015
31.03.2021 06:31:16.879 GMT-0700,121.22200000000001,121.16799999999999,0.015,0.015
31.03.2021 06:31:16.929 GMT-0700,121.223,121.197,0.015,0.015
31.03.2021 06:31:17.790 GMT-0700,121.243,121.20700000000001,0.015,0.015
31.03.2021 06:31:17.840 GMT-0700,121.22200000000001,121.208,0.015,0.015
31.03.2021 06:31:17.991 GMT-0700,121.243,121.20700000000001,0.015,0.015
31.03.2021 06:31:18.909 GMT-0700,121.223,121.20700000000001,0.0075,0.0012
31.03.2021 06:31:18.959 GMT-0700,121.23200000000001,121.198,0.015,0.015
31.03.2021 06:31:19.249 GMT-0700,121.242,121.198,0.015,0.015
31.03.2021 06:31:19.633 GMT-0700,121.242,121.208,0.015,0.015
31.03.2021 06:31:19.793 GMT-0700,121.242,121.198,0.015,0.015
31.03.2021 06:31:19.893 GMT-0700,121.242,121.208,0.015,0.015
31.03.2021 06:31:20.002 GMT-0700,121.23200000000001,121.208,0.015,0.015
31.03.2021 06:31:20.130 GMT-0700,121.242,121.208,0.015,0.015
31.03.2021 06:31:20.483 GMT-0700,121.23299999999999,121.20700000000001,0.015,0.015
31.03.2021 06:31:20.533 GMT-0700,121.243,121.20700000000001,0.015,0.015
31.03.2021 06:31:20.766 GMT-0700,121.243,121.21700000000001,0.015,0.015
31.03.2021 06:31:21.110 GMT-0700,121.26299999999999,121.227,0.015,0.015
31.03.2021 06:31:21.160 GMT-0700,121.23299999999999,121.21700000000001,0.015,0.015
31.03.2021 06:31:21.261 GMT-0700,121.253,121.21700000000001,0.015,0.015
31.03.2021 06:31:21.311 GMT-0700,121.26200000000001,121.228,0.015,0.015
31.03.2021 06:31:21.463 GMT-0700,121.243,121.227,0.0075,0.015
31.03.2021 06:31:21.514 GMT-0700,121.26299999999999,121.227,0.015,0.015
31.03.2021 06:31:21.720 GMT-0700,121.242,121.228,0.0075,0.0012
31.03.2021 06:31:21.771 GMT-0700,121.243,121.21700000000001,0.015,0.015
31.03.2021 06:31:21.821 GMT-0700,121.23299999999999,121.20700000000001,0.015,0.015
31.03.2021 06:31:21.948 GMT-0700,121.23200000000001,121.21799999999999,0.0075,0.015
31.03.2021 06:31:21.999 GMT-0700,121.242,121.21799999999999,0.015,0.015
31.03.2021 06:31:22.157 GMT-0700,121.242,121.208,0.015,0.015
31.03.2021 06:31:22.249 GMT-0700,121.242,121.21799999999999,0.015,0.0001
31.03.2021 06:31:22.299 GMT-0700,121.26200000000001,121.21799999999999,0.015,0.015
31.03.2021 06:31:22.349 GMT-0700,121.26200000000001,121.228,0.015,0.015
31.03.2021 06:31:22.482 GMT-0700,121.26200000000001,121.21799999999999,0.015,0.015
31.03.2021 06:31:22.658 GMT-0700,121.26299999999999,121.227,0.015,0.015
31.03.2021 06:31:22.775 GMT-0700,121.26200000000001,121.238,0.015,0.015
31.03.2021 06:31:23.842 GMT-0700,121.273,121.24700000000001,0.015,0.015
31.03.2021 06:31:23.985 GMT-0700,121.283,121.24700000000001,0.015,0.015
31.03.2021 06:31:24.035 GMT-0700,121.272,121.24799999999999,0.015,0.015
31.03.2021 06:31:24.085 GMT-0700,121.283,121.24700000000001,0.015,0.015
31.03.2021 06:31:24.186 GMT-0700,121.303,121.27700000000002,0.015,0.015
31.03.2021 06:31:24.287 GMT-0700,121.31200000000001,121.288,0.015,0.015
31.03.2021 06:31:24.417 GMT-0700,121.31200000000001,121.298,0.015,0.015
31.03.2021 06:31:24.568 GMT-0700,121.302,121.288,0.015,0.015
31.03.2021 06:31:24.949 GMT-0700,121.31200000000001,121.27799999999999,0.015,0.015
31.03.2021 06:31:25.074 GMT-0700,121.29200000000002,121.268,0.015,0.015
31.03.2021 06:31:25.124 GMT-0700,121.303,121.26700000000001,0.015,0.015
31.03.2021 06:31:25.247 GMT-0700,121.29200000000002,121.258,0.015,0.015
31.03.2021 06:31:25.357 GMT-0700,121.29299999999999,121.26700000000001,0.015,0.0001
31.03.2021 06:31:25.458 GMT-0700,121.29200000000002,121.258,0.015,0.015
31.03.2021 06:31:25.892 GMT-0700,121.29200000000002,121.268,0.015,0.0001
31.03.2021 06:31:25.943 GMT-0700,121.29299999999999,121.257,0.015,0.015
31.03.2021 06:31:26.294 GMT-0700,121.28200000000001,121.258,0.0075,0.015
31.03.2021 06:31:26.344 GMT-0700,121.272,121.238,0.015,0.015
31.03.2021 06:31:26.395 GMT-0700,121.283,121.23700000000001,0.015,0.015
31.03.2021 06:31:26.495 GMT-0700,121.283,121.227,0.015,0.015
31.03.2021 06:31:26.646 GMT-0700,121.23299999999999,121.20700000000001,0.015,0.015
31.03.2021 06:31:26.828 GMT-0700,121.22200000000001,121.208,0.0075,0.0001
31.03.2021 06:31:26.878 GMT-0700,121.223,121.197,0.015,0.015
31.03.2021 06:31:26.979 GMT-0700,121.212,121.198,0.015,0.015
31.03.2021 06:31:27.295 GMT-0700,121.22200000000001,121.198,0.015,0.015
31.03.2021 06:31:27.450 GMT-0700,121.23200000000001,121.21799999999999,0.015,0.015
31.03.2021 06:31:27.790 GMT-0700,121.223,121.197,0.015,0.015
31.03.2021 06:31:27.855 GMT-0700,121.22200000000001,121.208,0.015,0.0012
31.03.2021 06:31:28.132 GMT-0700,121.223,121.197,0.015,0.015
31.03.2021 06:31:28.511 GMT-0700,121.213,121.197,0.0075,0.015
31.03.2021 06:31:28.704 GMT-0700,121.19200000000001,121.158,0.015,0.015
31.03.2021 06:31:28.811 GMT-0700,121.223,121.177,0.015,0.0001
31.03.2021 06:31:28.861 GMT-0700,121.212,121.178,0.015,0.015
31.03.2021 06:31:28.911 GMT-0700,121.22200000000001,121.178,0.015,0.015
31.03.2021 06:31:29.023 GMT-0700,121.22200000000001,121.16799999999999,0.015,0.015
31.03.2021 06:31:29.073 GMT-0700,121.22200000000001,121.178,0.015,0.015
31.03.2021 06:31:29.199 GMT-0700,121.22200000000001,121.18799999999999,0.0075,0.015
31.03.2021 06:31:29.249 GMT-0700,121.242,121.18799999999999,0.015,0.015
31.03.2021 06:31:29.299 GMT-0700,121.243,121.197,0.015,0.015
31.03.2021 06:31:29.867 GMT-0700,121.253,121.21700000000001,0.015,0.015
31.03.2021 06:31:30.035 GMT-0700,121.23200000000001,121.208,0.015,0.015
31.03.2021 06:31:30.085 GMT-0700,121.253,121.20700000000001,0.015,0.015
31.03.2021 06:31:30.362 GMT-0700,121.243,121.20700000000001,0.015,0.015
31.03.2021 06:31:30.589 GMT-0700,121.243,121.197,0.015,0.015
31.03.2021 06:31:30.670 GMT-0700,121.23200000000001,121.198,0.0075,0.015
31.03.2021 06:31:30.720 GMT-0700,121.242,121.198,0.015,0.015
31.03.2021 06:31:30.770 GMT-0700,121.243,121.20700000000001,0.015,0.015
31.03.2021 06:31:30.921 GMT-0700,121.23299999999999,121.20700000000001,0.015,0.015
31.03.2021 06:31:30.971 GMT-0700,121.243,121.20700000000001,0.015,0.015
31.03.2021 06:31:31.214 GMT-0700,121.243,121.21700000000001,0.015,0.015
31.03.2021 06:31:31.314 GMT-0700,121.273,121.23700000000001,0.015,0.015
31.03.2021 06:31:31.415 GMT-0700,121.28200000000001,121.24799999999999,0.015,0.015
31.03.2021 06:31:31.616 GMT-0700,121.29200000000002,121.258,0.015,0.015
31.03.2021 06:31:31.817 GMT-0700,121.303,121.26700000000001,0.015,0.015
31.03.2021 06:31:32.020 GMT-0700,121.303,121.257,0.015,0.015
31.03.2021 06:31:32.070 GMT-0700,121.29299999999999,121.257,0.015,0.015
31.03.2021 06:31:32.182 GMT-0700,121.272,121.24799999999999,0.015,0.015
31.03.2021 06:31:32.233 GMT-0700,121.28200000000001,121.24799999999999,0.015,0.015
31.03.2021 06:31:32.283 GMT-0700,121.26299999999999,121.23700000000001,0.015,0.015
31.03.2021 06:31:32.423 GMT-0700,121.253,121.227,0.015,0.015
31.03.2021 06:31:32.697 GMT-0700,121.25200000000001,121.21799999999999,0.015,0.015
31.03.2021 06:31:32.798 GMT-0700,121.26200000000001,121.238,0.015,0.015
31.03.2021 06:31:32.899 GMT-0700,121.26299999999999,121.24700000000001,0.015,0.015
31.03.2021 06:31:33.260 GMT-0700,121.25200000000001,121.238,0.015,0.015
31.03.2021 06:31:33.411 GMT-0700,121.243,121.21700000000001,0.015,0.015
31.03.2021 06:31:33.805 GMT-0700,121.243,121.227,0.015,0.015
31.03.2021 06:31:33.855 GMT-0700,121.243,121.21700000000001,0.015,0.015
31.03.2021 06:31:33.906 GMT-0700,121.23299999999999,121.21700000000001,0.015,0.015
31.03.2021 06:31:34.006 GMT-0700,121.25200000000001,121.228,0.015,0.015
31.03.2021 06:31:34.201 GMT-0700,121.23299999999999,121.21700000000001,0.0075,0.0012
31.03.2021 06:31:34.252 GMT-0700,121.243,121.20700000000001,0.015,0.015
31.03.2021 06:31:34.352 GMT-0700,121.23299999999999,121.20700000000001,0.015,0.015
31.03.2021 06:31:34.505 GMT-0700,121.22200000000001,121.208,0.015,0.015
31.03.2021 06:31:34.605 GMT-0700,121.223,121.197,0.015,0.015
31.03.2021 06:31:36.168 GMT-0700,121.213,121.197,0.0075,0.015
31.03.2021 06:31:36.475 GMT-0700,121.223,121.197,0.015,0.015
31.03.2021 06:31:37.273 GMT-0700,121.213,121.15700000000001,0.015,0.015
31.03.2021 06:31:37.323 GMT-0700,121.193,121.15700000000001,0.015,0.015
31.03.2021 06:31:37.549 GMT-0700,121.193,121.16700000000002,0.015,0.015
31.03.2021 06:31:37.600 GMT-0700,121.193,121.15700000000001,0.015,0.015
31.03.2021 06:31:37.786 GMT-0700,121.212,121.178,0.015,0.015
31.03.2021 06:31:37.836 GMT-0700,121.212,121.16799999999999,0.015,0.015
31.03.2021 06:31:38.034 GMT-0700,121.212,121.178,0.015,0.015
31.03.2021 06:31:38.175 GMT-0700,121.212,121.16799999999999,0.015,0.015
31.03.2021 06:31:38.242 GMT-0700,121.212,121.178,0.015,0.0001
31.03.2021 06:31:38.393 GMT-0700,121.213,121.18700000000001,0.015,0.015
31.03.2021 06:31:38.997 GMT-0700,121.212,121.178,0.015,0.015
31.03.2021 06:31:39.047 GMT-0700,121.213,121.18700000000001,0.015,0.015
31.03.2021 06:31:39.675 GMT-0700,121.213,121.177,0.015,0.015
31.03.2021 06:31:39.775 GMT-0700,121.20200000000001,121.178,0.0075,0.015
31.03.2021 06:31:39.825 GMT-0700,121.213,121.177,0.015,0.015
31.03.2021 06:31:40.221 GMT-0700,121.213,121.18700000000001,0.015,0.015
31.03.2021 06:31:40.855 GMT-0700,121.212,121.198,0.0075,0.0012
31.03.2021 06:31:40.905 GMT-0700,121.243,121.20700000000001,0.015,0.015
31.03.2021 06:31:41.005 GMT-0700,121.253,121.20700000000001,0.015,0.015
31.03.2021 06:31:41.099 GMT-0700,121.25200000000001,121.21799999999999,0.015,0.0012
31.03.2021 06:31:41.669 GMT-0700,121.243,121.21700000000001,0.015,0.015
31.03.2021 06:31:41.720 GMT-0700,121.253,121.21700000000001,0.015,0.015
31.03.2021 06:31:41.906 GMT-0700,121.253,121.227,0.015,0.0001
31.03.2021 06:31:42.058 GMT-0700,121.243,121.21700000000001,0.015,0.015
31.03.2021 06:31:42.238 GMT-0700,121.22200000000001,121.18799999999999,0.015,0.015
31.03.2021 06:31:42.289 GMT-0700,121.242,121.18799999999999,0.015,0.015
31.03.2021 06:31:42.339 GMT-0700,121.25200000000001,121.208,0.015,0.015
31.03.2021 06:31:42.493 GMT-0700,121.25200000000001,121.198,0.015,0.015
31.03.2021 06:31:42.733 GMT-0700,121.223,121.177,0.015,0.015
31.03.2021 06:31:42.783 GMT-0700,121.242,121.18799999999999,0.015,0.015
31.03.2021 06:31:42.834 GMT-0700,121.243,121.177,0.015,0.015
31.03.2021 06:31:42.884 GMT-0700,121.23200000000001,121.178,0.015,0.015
31.03.2021 06:31:42.985 GMT-0700,121.193,121.15700000000001,0.015,0.015
31.03.2021 06:31:43.090 GMT-0700,121.22200000000001,121.178,0.015,0.015
31.03.2021 06:31:43.190 GMT-0700,121.223,121.16700000000002,0.015,0.015
31.03.2021 06:31:43.440 GMT-0700,121.22200000000001,121.178,0.015,0.0012
31.03.2021 06:31:43.491 GMT-0700,121.242,121.16799999999999,0.015,0.015
31.03.2021 06:31:43.541 GMT-0700,121.243,121.177,0.015,0.015
31.03.2021 06:31:43.896 GMT-0700,121.223,121.177,0.015,0.015
31.03.2021 06:31:43.946 GMT-0700,121.243,121.177,0.015,0.015
31.03.2021 06:31:43.997 GMT-0700,121.242,121.18799999999999,0.015,0.015
31.03.2021 06:31:44.184 GMT-0700,121.243,121.177,0.015,0.015
31.03.2021 06:31:44.628 GMT-0700,121.242,121.16799999999999,0.015,0.015
31.03.2021 06:31:44.786 GMT-0700,121.243,121.177,0.015,0.015
31.03.2021 06:31:44.836 GMT-0700,121.243,121.16700000000002,0.015,0.015
31.03.2021 06:31:45.296 GMT-0700,121.23200000000001,121.16799999999999,0.015,0.015
31.03.2021 06:31:45.435 GMT-0700,121.22200000000001,121.16799999999999,0.015,0.015
31.03.2021 06:31:45.576 GMT-0700,121.193,121.15700000000001,0.015,0.015
31.03.2021 06:31:45.676 GMT-0700,121.193,121.147,0.015,0.015
31.03.2021 06:31:45.727 GMT-0700,121.18299999999999,121.147,0.015,0.015
31.03.2021 06:31:45.777 GMT-0700,121.193,121.147,0.015,0.015
31.03.2021 06:31:45.828 GMT-0700,121.173,121.147,0.015,0.015
31.03.2021 06:31:46.013 GMT-0700,121.163,121.147,0.0075,0.015
31.03.2021 06:31:46.063 GMT-0700,121.17200000000001,121.148,0.015,0.015
31.03.2021 06:31:46.114 GMT-0700,121.213,121.18700000000001,0.015,0.015
31.03.2021 06:31:46.164 GMT-0700,121.212,121.178,0.015,0.015
31.03.2021 06:31:46.215 GMT-0700,121.20200000000001,121.16799999999999,0.015,0.015
31.03.2021 06:31:46.265 GMT-0700,121.23299999999999,121.16700000000002,0.015,0.015
31.03.2021 06:31:46.316 GMT-0700,121.20200000000001,121.158,0.015,0.015
31.03.2021 06:31:46.416 GMT-0700,121.212,121.158,0.015,0.015
31.03.2021 06:31:46.471 GMT-0700,121.20200000000001,121.158,0.015,0.015
31.03.2021 06:31:46.522 GMT-0700,121.213,121.15700000000001,0.015,0.015
31.03.2021 06:31:46.622 GMT-0700,121.23200000000001,121.16799999999999,0.015,0.015
31.03.2021 06:31:46.723 GMT-0700,121.22200000000001,121.178,0.015,0.015
31.03.2021 06:31:46.883 GMT-0700,121.25200000000001,121.18799999999999,0.015,0.015
31.03.2021 06:31:47.088 GMT-0700,121.213,121.18700000000001,0.0075,0.015
31.03.2021 06:31:47.138 GMT-0700,121.25200000000001,121.18799999999999,0.015,0.015
31.03.2021 06:31:47.189 GMT-0700,121.25200000000001,121.198,0.015,0.015
31.03.2021 06:31:47.318 GMT-0700,121.213,121.198,0.0075,0.0012
31.03.2021 06:31:47.368 GMT-0700,121.212,121.18799999999999,0.015,0.015
31.03.2021 06:31:47.622 GMT-0700,121.213,121.198,0.0075,0.0012
31.03.2021 06:31:47.673 GMT-0700,121.25200000000001,121.198,0.015,0.015
31.03.2021 06:31:47.862 GMT-0700,121.23200000000001,121.198,0.015,0.015
31.03.2021 06:31:47.965 GMT-0700,121.223,121.197,0.0075,0.015
31.03.2021 06:31:48.016 GMT-0700,121.23299999999999,121.197,0.015,0.015
31.03.2021 06:31:48.134 GMT-0700,121.212,121.18799999999999,0.015,0.015
31.03.2021 06:31:48.235 GMT-0700,121.212,121.198,0.015,0.015
31.03.2021 06:31:48.285 GMT-0700,121.22200000000001,121.198,0.015,0.015
31.03.2021 06:31:48.405 GMT-0700,121.23200000000001,121.208,0.015,0.0001
31.03.2021 06:31:48.521 GMT-0700,121.23299999999999,121.21700000000001,0.015,0.015
31.03.2021 06:31:48.571 GMT-0700,121.25200000000001,121.228,0.015,0.015
31.03.2021 06:31:48.688 GMT-0700,121.243,121.227,0.015,0.015
31.03.2021 06:31:48.738 GMT-0700,121.253,121.227,0.015,0.015
31.03.2021 06:31:48.841 GMT-0700,121.255,121.24799999999999,0.0075,0.0001
31.03.2021 06:31:48.891 GMT-0700,121.272,121.238,0.015,0.015
31.03.2021 06:31:49.107 GMT-0700,121.302,121.238,0.015,0.015
31.03.2021 06:31:49.158 GMT-0700,121.302,121.258,0.015,0.015
31.03.2021 06:31:49.259 GMT-0700,121.29200000000002,121.258,0.0075,0.015
31.03.2021 06:31:49.310 GMT-0700,121.303,121.257,0.015,0.015
31.03.2021 06:31:49.363 GMT-0700,121.26200000000001,121.24799999999999,0.015,0.015
31.03.2021 06:31:49.464 GMT-0700,121.253,121.23700000000001,0.0075,0.015
31.03.2021 06:31:49.514 GMT-0700,121.243,121.21700000000001,0.015,0.015
31.03.2021 06:31:49.775 GMT-0700,121.26299999999999,121.227,0.015,0.015
31.03.2021 06:31:49.926 GMT-0700,121.26200000000001,121.238,0.015,0.015
31.03.2021 06:31:50.117 GMT-0700,121.273,121.24700000000001,0.015,0.015
31.03.2021 06:31:50.218 GMT-0700,121.283,121.257,0.015,0.015
31.03.2021 06:31:50.855 GMT-0700,121.302,121.268,0.015,0.015
31.03.2021 06:31:50.905 GMT-0700,121.283,121.26700000000001,0.015,0.015
31.03.2021 06:31:51.027 GMT-0700,121.272,121.258,0.015,0.015
31.03.2021 06:31:51.173 GMT-0700,121.273,121.24700000000001,0.015,0.015
31.03.2021 06:31:51.731 GMT-0700,121.26299999999999,121.24700000000001,0.015,0.015
31.03.2021 06:31:51.781 GMT-0700,121.283,121.26700000000001,0.015,0.015
31.03.2021 06:31:51.832 GMT-0700,121.303,121.26700000000001,0.015,0.015
31.03.2021 06:31:51.973 GMT-0700,121.29299999999999,121.26700000000001,0.0075,0.015
31.03.2021 06:31:52.329 GMT-0700,121.302,121.268,0.015,0.015
31.03.2021 06:31:52.379 GMT-0700,121.28200000000001,121.258,0.015,0.015
31.03.2021 06:31:52.429 GMT-0700,121.302,121.258,0.015,0.015
31.03.2021 06:31:53.061 GMT-0700,121.302,121.268,0.015,0.0012
31.03.2021 06:31:53.211 GMT-0700,121.283,121.257,0.015,0.015
31.03.2021 06:31:53.500 GMT-0700,121.28200000000001,121.24799999999999,0.015,0.015
31.03.2021 06:31:53.551 GMT-0700,121.283,121.257,0.015,0.015
31.03.2021 06:31:53.754 GMT-0700,121.272,121.258,0.0075,0.0001
31.03.2021 06:31:53.805 GMT-0700,121.283,121.24700000000001,0.015,0.015
31.03.2021 06:31:54.209 GMT-0700,121.303,121.24700000000001,0.015,0.015
31.03.2021 06:31:54.259 GMT-0700,121.29200000000002,121.24799999999999,0.015,0.015
31.03.2021 06:31:54.975 GMT-0700,121.272,121.24799999999999,0.0075,0.015
31.03.2021 06:31:55.126 GMT-0700,121.253,121.227,0.015,0.015
31.03.2021 06:31:55.341 GMT-0700,121.255,121.24700000000001,0.0075,0.0001
31.03.2021 06:31:55.391 GMT-0700,121.283,121.24700000000001,0.015,0.015
31.03.2021 06:31:55.464 GMT-0700,121.272,121.24799999999999,0.0075,0.015
31.03.2021 06:31:55.858 GMT-0700,121.29299999999999,121.257,0.015,0.015
31.03.2021 06:31:55.962 GMT-0700,121.29299999999999,121.26700000000001,0.015,0.0001
31.03.2021 06:31:56.012 GMT-0700,121.29299999999999,121.257,0.015,0.015
31.03.2021 06:31:56.062 GMT-0700,121.303,121.27700000000002,0.015,0.015
31.03.2021 06:31:56.163 GMT-0700,121.31200000000001,121.288,0.015,0.015
31.03.2021 06:31:56.213 GMT-0700,121.31299999999999,121.27700000000002,0.015,0.015
31.03.2021 06:31:56.344 GMT-0700,121.31200000000001,121.288,0.015,0.0012
31.03.2021 06:31:56.395 GMT-0700,121.31299999999999,121.27700000000002,0.015,0.015
31.03.2021 06:31:56.518 GMT-0700,121.31299999999999,121.287,0.015,0.015
31.03.2021 06:31:56.949 GMT-0700,121.31299999999999,121.27700000000002,0.015,0.015
31.03.2021 06:31:57.086 GMT-0700,121.302,121.27799999999999,0.0075,0.0001
31.03.2021 06:31:57.136 GMT-0700,121.31299999999999,121.26700000000001,0.015,0.015
31.03.2021 06:31:57.295 GMT-0700,121.29200000000002,121.268,0.0075,0.015
31.03.2021 06:31:57.345 GMT-0700,121.31200000000001,121.268,0.015,0.015
31.03.2021 06:31:58.058 GMT-0700,121.31299999999999,121.27700000000002,0.015,0.015
31.03.2021 06:31:58.108 GMT-0700,121.31200000000001,121.268,0.015,0.015
31.03.2021 06:31:58.158 GMT-0700,121.31299999999999,121.27700000000002,0.015,0.015
31.03.2021 06:31:58.509 GMT-0700,121.33200000000001,121.298,0.015,0.015
31.03.2021 06:31:58.610 GMT-0700,121.34299999999999,121.29700000000001,0.015,0.015
31.03.2021 06:31:58.660 GMT-0700,121.333,121.29700000000001,0.015,0.015
31.03.2021 06:31:58.710 GMT-0700,121.34299999999999,121.29700000000001,0.015,0.015
31.03.2021 06:31:58.811 GMT-0700,121.34299999999999,121.30700000000002,0.015,0.015
31.03.2021 06:31:58.861 GMT-0700,121.34299999999999,121.29700000000001,0.015,0.015
31.03.2021 06:31:58.980 GMT-0700,121.33200000000001,121.298,0.0075,0.015
31.03.2021 06:31:59.030 GMT-0700,121.34299999999999,121.29700000000001,0.015,0.015
31.03.2021 06:31:59.435 GMT-0700,121.34200000000001,121.30799999999999,0.015,0.015
31.03.2021 06:31:59.840 GMT-0700,121.353,121.31700000000001,0.015,0.015
31.03.2021 06:32:00.062 GMT-0700,121.352,121.32799999999999,0.015,0.0001
31.03.2021 06:32:00.162 GMT-0700,121.352,121.298,0.015,0.015
31.03.2021 06:32:00.214 GMT-0700,121.352,121.30799999999999,0.015,0.015
31.03.2021 06:32:00.415 GMT-0700,121.352,121.318,0.015,0.015
31.03.2021 06:32:00.823 GMT-0700,121.34200000000001,121.318,0.015,0.015
31.03.2021 06:32:00.873 GMT-0700,121.36200000000001,121.32799999999999,0.015,0.015
31.03.2021 06:32:00.974 GMT-0700,121.363,121.337,0.015,0.015
31.03.2021 06:32:01.024 GMT-0700,121.37299999999999,121.32700000000001,0.015,0.015
31.03.2021 06:32:01.125 GMT-0700,121.363,121.32700000000001,0.015,0.015
31.03.2021 06:32:01.226 GMT-0700,121.36200000000001,121.348,0.015,0.015
31.03.2021 06:32:01.276 GMT-0700,121.37200000000001,121.338,0.015,0.015
31.03.2021 06:32:01.411 GMT-0700,121.353,121.32700000000001,0.015,0.015
31.03.2021 06:32:01.461 GMT-0700,121.36200000000001,121.318,0.015,0.015
31.03.2021 06:32:01.512 GMT-0700,121.34299999999999,121.31700000000001,0.015,0.015
31.03.2021 06:32:01.642 GMT-0700,121.353,121.337,0.015,0.015
31.03.2021 06:32:01.743 GMT-0700,121.36200000000001,121.338,0.015,0.015
31.03.2021 06:32:01.793 GMT-0700,121.36200000000001,121.348,0.0075,0.0012
31.03.2021 06:32:01.843 GMT-0700,121.383,121.337,0.015,0.015
31.03.2021 06:32:02.017 GMT-0700,121.383,121.35700000000001,0.015,0.0001
31.03.2021 06:32:02.118 GMT-0700,121.37200000000001,121.338,0.015,0.015
31.03.2021 06:32:02.173 GMT-0700,121.37200000000001,121.348,0.015,0.015
31.03.2021 06:32:02.224 GMT-0700,121.37299999999999,121.337,0.015,0.015
31.03.2021 06:32:02.526 GMT-0700,121.36200000000001,121.338,0.0075,0.015
31.03.2021 06:32:02.577 GMT-0700,121.37299999999999,121.337,0.015,0.015
31.03.2021 06:32:02.656 GMT-0700,121.363,121.337,0.0075,0.015
31.03.2021 06:32:02.858 GMT-0700,121.383,121.35700000000001,0.015,0.015
31.03.2021 06:32:03.138 GMT-0700,121.37200000000001,121.348,0.015,0.015
31.03.2021 06:32:03.188 GMT-0700,121.382,121.348,0.015,0.015
31.03.2021 06:32:03.610 GMT-0700,121.37200000000001,121.348,0.0075,0.015
31.03.2021 06:32:03.711 GMT-0700,121.383,121.34700000000001,0.015,0.015
31.03.2021 06:32:03.761 GMT-0700,121.40200000000002,121.368,0.015,0.015
31.03.2021 06:32:04.038 GMT-0700,121.393,121.367,0.0075,0.015
31.03.2021 06:32:04.088 GMT-0700,121.40200000000002,121.368,0.015,0.015
31.03.2021 06:32:04.160 GMT-0700,121.383,121.367,0.015,0.015
31.03.2021 06:32:04.257 GMT-0700,121.40299999999999,121.367,0.015,0.015
31.03.2021 06:32:04.307 GMT-0700,121.39200000000001,121.368,0.015,0.015
31.03.2021 06:32:04.408 GMT-0700,121.40200000000002,121.368,0.015,0.015
31.03.2021 06:32:04.458 GMT-0700,121.413,121.37700000000001,0.015,0.015
31.03.2021 06:32:04.577 GMT-0700,121.412,121.368,0.015,0.015
31.03.2021 06:32:04.659 GMT-0700,121.393,121.367,0.0075,0.015
31.03.2021 06:32:04.709 GMT-0700,121.40200000000002,121.368,0.015,0.015
31.03.2021 06:32:04.964 GMT-0700,121.40200000000002,121.378,0.015,0.015
31.03.2021 06:32:05.014 GMT-0700,121.43299999999999,121.397,0.015,0.015
31.03.2021 06:32:05.065 GMT-0700,121.43200000000002,121.38799999999999,0.015,0.015
31.03.2021 06:32:05.126 GMT-0700,121.42200000000001,121.38799999999999,0.0075,0.015
31.03.2021 06:32:05.447 GMT-0700,121.43299999999999,121.397,0.015,0.015
31.03.2021 06:32:05.497 GMT-0700,121.43299999999999,121.38700000000001,0.015,0.015
31.03.2021 06:32:05.555 GMT-0700,121.43299999999999,121.397,0.015,0.0001
31.03.2021 06:32:05.605 GMT-0700,121.43200000000002,121.38799999999999,0.015,0.015
31.03.2021 06:32:05.656 GMT-0700,121.413,121.38700000000001,0.015,0.015
31.03.2021 06:32:05.706 GMT-0700,121.42200000000001,121.38799999999999,0.015,0.015
31.03.2021 06:32:05.757 GMT-0700,121.412,121.38799999999999,0.015,0.015
31.03.2021 06:32:05.807 GMT-0700,121.413,121.37700000000001,0.015,0.015
31.03.2021 06:32:05.857 GMT-0700,121.423,121.397,0.015,0.015
31.03.2021 06:32:05.907 GMT-0700,121.43299999999999,121.38700000000001,0.015,0.015
31.03.2021 06:32:05.958 GMT-0700,121.423,121.38700000000001,0.015,0.015
31.03.2021 06:32:06.008 GMT-0700,121.43299999999999,121.38700000000001,0.015,0.015
31.03.2021 06:32:06.294 GMT-0700,121.43200000000002,121.398,0.015,0.015
31.03.2021 06:32:06.444 GMT-0700,121.412,121.38799999999999,0.015,0.015
31.03.2021 06:32:06.545 GMT-0700,121.43200000000002,121.38799999999999,0.015,0.015
31.03.2021 06:32:06.615 GMT-0700,121.43200000000002,121.398,0.015,0.015
31.03.2021 06:32:06.826 GMT-0700,121.443,121.41700000000002,0.015,0.015
31.03.2021 06:32:06.876 GMT-0700,121.43299999999999,121.397,0.015,0.015
31.03.2021 06:32:07.127 GMT-0700,121.413,121.38700000000001,0.015,0.015
31.03.2021 06:32:07.228 GMT-0700,121.43200000000002,121.398,0.015,0.015
31.03.2021 06:32:07.278 GMT-0700,121.43299999999999,121.40700000000001,0.015,0.015
31.03.2021 06:32:07.379 GMT-0700,121.43200000000002,121.41799999999999,0.015,0.015
31.03.2021 06:32:07.429 GMT-0700,121.443,121.40700000000001,0.015,0.015
31.03.2021 06:32:07.583 GMT-0700,121.443,121.41700000000002,0.015,0.0001
31.03.2021 06:32:07.633 GMT-0700,121.44200000000001,121.408,0.015,0.015
31.03.2021 06:32:07.734 GMT-0700,121.43200000000002,121.398,0.015,0.015
31.03.2021 06:32:08.407 GMT-0700,121.44200000000001,121.408,0.015,0.015
31.03.2021 06:32:08.678 GMT-0700,121.44200000000001,121.41799999999999,0.015,0.0001
31.03.2021 06:32:08.779 GMT-0700,121.45200000000001,121.428,0.015,0.015
31.03.2021 06:32:08.830 GMT-0700,121.44200000000001,121.408,0.015,0.015
31.03.2021 06:32:08.944 GMT-0700,121.423,121.397,0.015,0.015
31.03.2021 06:32:08.995 GMT-0700,121.43299999999999,121.397,0.015,0.015
31.03.2021 06:32:09.095 GMT-0700,121.423,121.397,0.015,0.015
31.03.2021 06:32:09.350 GMT-0700,121.44200000000001,121.41799999999999,0.015,0.015
31.03.2021 06:32:09.400 GMT-0700,121.462,121.428,0.015,0.015
31.03.2021 06:32:09.458 GMT-0700,121.463,121.43700000000001,0.015,0.015
31.03.2021 06:32:09.874 GMT-0700,121.48299999999999,121.447,0.015,0.015
31.03.2021 06:32:09.924 GMT-0700,121.48200000000001,121.458,0.015,0.015
31.03.2021 06:32:10.025 GMT-0700,121.492,121.46799999999999,0.015,0.015
31.03.2021 06:32:10.125 GMT-0700,121.50200000000001,121.46799999999999,0.015,0.015
31.03.2021 06:32:10.231 GMT-0700,121.493,121.46700000000001,0.015,0.015
31.03.2021 06:32:10.437 GMT-0700,121.51200000000001,121.488,0.015,0.015
31.03.2021 06:32:10.541 GMT-0700,121.523,121.48700000000001,0.015,0.015
31.03.2021 06:32:10.592 GMT-0700,121.523,121.49700000000001,0.015,0.015
31.03.2021 06:32:10.642 GMT-0700,121.522,121.488,0.015,0.015
31.03.2021 06:32:10.915 GMT-0700,121.51200000000001,121.488,0.0075,0.015
31.03.2021 06:32:11.167 GMT-0700,121.503,121.477,0.015,0.015
31.03.2021 06:32:11.485 GMT-0700,121.51200000000001,121.488,0.015,0.015
31.03.2021 06:32:11.591 GMT-0700,121.523,121.49700000000001,0.015,0.015
31.03.2021 06:32:11.692 GMT-0700,121.522,121.508,0.015,0.015
31.03.2021 06:32:11.742 GMT-0700,121.522,121.49799999999999,0.015,0.015
31.03.2021 06:32:11.792 GMT-0700,121.533,121.507,0.015,0.015
31.03.2021 06:32:12.121 GMT-0700,121.523,121.507,0.015,0.015
31.03.2021 06:32:12.172 GMT-0700,121.53200000000001,121.508,0.015,0.015
31.03.2021 06:32:12.276 GMT-0700,121.51299999999999,121.49700000000001,0.015,0.015
31.03.2021 06:32:12.426 GMT-0700,121.523,121.49700000000001,0.015,0.015
31.03.2021 06:32:12.767 GMT-0700,121.523,121.507,0.015,0.0001
31.03.2021 06:32:12.885 GMT-0700,121.522,121.518,0.0075,0.0012
31.03.2021 06:32:12.935 GMT-0700,121.522,121.508,0.015,0.015
31.03.2021 06:32:12.986 GMT-0700,121.522,121.49799999999999,0.015,0.015
31.03.2021 06:32:13.187 GMT-0700,121.522,121.508,0.015,0.015
31.03.2021 06:32:13.377 GMT-0700,121.51299999999999,121.507,0.0075,0.0001
31.03.2021 06:32:13.427 GMT-0700,121.51200000000001,121.49799999999999,0.015,0.015
31.03.2021 06:32:13.477 GMT-0700,121.523,121.507,0.015,0.015
31.03.2021 06:32:13.671 GMT-0700,121.523,121.49700000000001,0.015,0.015
31.03.2021 06:32:14.096 GMT-0700,121.523,121.507,0.015,0.015
31.03.2021 06:32:14.146 GMT-0700,121.553,121.52700000000002,0.015,0.015
31.03.2021 06:32:14.256 GMT-0700,121.553,121.537,0.015,0.0001
31.03.2021 06:32:14.306 GMT-0700,121.58200000000001,121.538,0.015,0.015
31.03.2021 06:32:14.357 GMT-0700,121.56200000000001,121.548,0.015,0.015
31.03.2021 06:32:14.407 GMT-0700,121.58200000000001,121.538,0.015,0.015
31.03.2021 06:32:14.520 GMT-0700,121.59200000000001,121.55799999999999,0.015,0.015
31.03.2021 06:32:14.570 GMT-0700,121.59299999999999,121.54700000000001,0.015,0.015
31.03.2021 06:32:14.731 GMT-0700,121.552,121.52799999999999,0.015,0.015
31.03.2021 06:32:14.781 GMT-0700,121.523,121.49700000000001,0.015,0.015
31.03.2021 06:32:15.011 GMT-0700,121.503,121.46700000000001,0.015,0.015
31.03.2021 06:32:15.142 GMT-0700,121.503,121.477,0.015,0.015
31.03.2021 06:32:15.282 GMT-0700,121.51299999999999,121.48700000000001,0.015,0.0012
31.03.2021 06:32:15.332 GMT-0700,121.51299999999999,121.477,0.015,0.015
31.03.2021 06:32:15.383 GMT-0700,121.51299999999999,121.48700000000001,0.015,0.0001
31.03.2021 06:32:15.483 GMT-0700,121.522,121.488,0.015,0.015
31.03.2021 06:32:15.894 GMT-0700,121.51299999999999,121.48700000000001,0.0075,0.015
31.03.2021 06:32:16.216 GMT-0700,121.503,121.48700000000001,0.015,0.015
31.03.2021 06:32:16.317 GMT-0700,121.503,121.46700000000001,0.015,0.015
31.03.2021 06:32:16.433 GMT-0700,121.50200000000001,121.478,0.015,0.015
31.03.2021 06:32:16.584 GMT-0700,121.51200000000001,121.49799999999999,0.015,0.015
31.03.2021 06:32:17.175 GMT-0700,121.50200000000001,121.488,0.015,0.015
31.03.2021 06:32:17.325 GMT-0700,121.51200000000001,121.488,0.015,0.015
31.03.2021 06:32:17.471 GMT-0700,121.51299999999999,121.49700000000001,0.0075,0.0001
31.03.2021 06:32:17.521 GMT-0700,121.533,121.49700000000001,0.015,0.015
31.03.2021 06:32:17.572 GMT-0700,121.572,121.538,0.015,0.015
31.03.2021 06:32:17.673 GMT-0700,121.54299999999999,121.51700000000001,0.015,0.015
31.03.2021 06:32:18.197 GMT-0700,121.533,121.49700000000001,0.015,0.015
31.03.2021 06:32:18.298 GMT-0700,121.54299999999999,121.49700000000001,0.015,0.015
31.03.2021 06:32:18.673 GMT-0700,121.54299999999999,121.507,0.015,0.0012
31.03.2021 06:32:18.998 GMT-0700,121.54200000000002,121.518,0.015,0.0001
31.03.2021 06:32:19.152 GMT-0700,121.54299999999999,121.52700000000002,0.015,0.015
31.03.2021 06:32:19.303 GMT-0700,121.54299999999999,121.507,0.015,0.015
31.03.2021 06:32:19.353 GMT-0700,121.54299999999999,121.51700000000001,0.015,0.015
31.03.2021 06:32:19.687 GMT-0700,121.54299999999999,121.52700000000002,0.0075,0.0001
31.03.2021 06:32:19.737 GMT-0700,121.573,121.52700000000002,0.015,0.015
31.03.2021 06:32:19.843 GMT-0700,121.552,121.52799999999999,0.015,0.015
31.03.2021 06:32:19.944 GMT-0700,121.54299999999999,121.52700000000002,0.015,0.015
31.03.2021 06:32:20.044 GMT-0700,121.572,121.538,0.015,0.015
31.03.2021 06:32:20.293 GMT-0700,121.56200000000001,121.52799999999999,0.015,0.015
31.03.2021 06:32:20.344 GMT-0700,121.54200000000002,121.49799999999999,0.015,0.015
31.03.2021 06:32:20.436 GMT-0700,121.54200000000002,121.508,0.015,0.0012
31.03.2021 06:32:20.738 GMT-0700,121.54299999999999,121.49700000000001,0.015,0.015
31.03.2021 06:32:20.838 GMT-0700,121.54200000000002,121.508,0.015,0.015
31.03.2021 06:32:20.889 GMT-0700,121.54299999999999,121.49700000000001,0.015,0.015
31.03.2021 06:32:20.939 GMT-0700,121.54299999999999,121.507,0.015,0.015
31.03.2021 06:32:21.305 GMT-0700,121.522,121.508,0.0075,0.015
31.03.2021 06:32:21.645 GMT-0700,121.54200000000002,121.518,0.015,0.015
31.03.2021 06:32:21.773 GMT-0700,121.54200000000002,121.537,0.0075,0.0001
31.03.2021 06:32:21.823 GMT-0700,121.553,121.537,0.015,0.015
31.03.2021 06:32:22.015 GMT-0700,121.553,121.51700000000001,0.015,0.015
31.03.2021 06:32:22.115 GMT-0700,121.54299999999999,121.51700000000001,0.015,0.015
31.03.2021 06:32:22.166 GMT-0700,121.54299999999999,121.507,0.015,0.015
31.03.2021 06:32:23.299 GMT-0700,121.54299999999999,121.52700000000002,0.015,0.0012
31.03.2021 06:32:23.349 GMT-0700,121.572,121.538,0.015,0.015
31.03.2021 06:32:23.450 GMT-0700,121.56299999999999,121.537,0.015,0.015
31.03.2021 06:32:23.500 GMT-0700,121.572,121.538,0.015,0.015
31.03.2021 06:32:23.924 GMT-0700,121.572,121.548,0.015,0.015
31.03.2021 06:32:23.975 GMT-0700,121.583,121.54700000000001,0.015,0.015
31.03.2021 06:32:24.025 GMT-0700,121.58200000000001,121.55799999999999,0.015,0.015
31.03.2021 06:32:24.254 GMT-0700,121.572,121.55799999999999,0.015,0.015
31.03.2021 06:32:24.364 GMT-0700,121.583,121.55700000000002,0.015,0.015
31.03.2021 06:32:25.739 GMT-0700,121.58200000000001,121.568,0.0075,0.0012
31.03.2021 06:32:25.865 GMT-0700,121.583,121.55700000000002,0.015,0.015
31.03.2021 06:32:26.046 GMT-0700,121.572,121.55799999999999,0.0075,0.0001
31.03.2021 06:32:26.096 GMT-0700,121.58200000000001,121.55799999999999,0.015,0.015
31.03.2021 06:32:27.147 GMT-0700,121.61200000000001,121.568,0.015,0.015
31.03.2021 06:32:28.136 GMT-0700,121.603,121.56700000000001,0.0075,0.015
31.03.2021 06:32:28.186 GMT-0700,121.61200000000001,121.568,0.015,0.015
31.03.2021 06:32:28.354 GMT-0700,121.583,121.55700000000002,0.015,0.015
31.03.2021 06:32:28.731 GMT-0700,121.58200000000001,121.568,0.0075,0.0001
31.03.2021 06:32:28.781 GMT-0700,121.602,121.568,0.015,0.015
31.03.2021 06:32:28.832 GMT-0700,121.61200000000001,121.568,0.015,0.015
31.03.2021 06:32:28.964 GMT-0700,121.602,121.568,0.0075,0.015
31.03.2021 06:32:29.064 GMT-0700,121.613,121.56700000000001,0.015,0.015
31.03.2021 06:32:29.114 GMT-0700,121.603,121.56700000000001,0.015,0.015
31.03.2021 06:32:29.215 GMT-0700,121.59299999999999,121.56700000000001,0.015,0.015
31.03.2021 06:32:29.369 GMT-0700,121.59299999999999,121.55700000000002,0.015,0.015
31.03.2021 06:32:29.419 GMT-0700,121.573,121.55700000000002,0.015,0.015
31.03.2021 06:32:29.604 GMT-0700,121.572,121.538,0.015,0.015
31.03.2021 06:32:29.745 GMT-0700,121.56200000000001,121.538,0.015,0.015
31.03.2021 06:32:29.796 GMT-0700,121.54299999999999,121.507,0.015,0.015
31.03.2021 06:32:30.054 GMT-0700,121.54299999999999,121.51700000000001,0.015,0.0001
31.03.2021 06:32:30.128 GMT-0700,121.553,121.51700000000001,0.015,0.015
31.03.2021 06:32:30.180 GMT-0700,121.56299999999999,121.52700000000002,0.015,0.015
31.03.2021 06:32:30.281 GMT-0700,121.573,121.537,0.015,0.015
31.03.2021 06:32:30.431 GMT-0700,121.573,121.54700000000001,0.015,0.015
31.03.2021 06:32:30.532 GMT-0700,121.59299999999999,121.56700000000001,0.015,0.015
31.03.2021 06:32:30.582 GMT-0700,121.603,121.56700000000001,0.015,0.015
31.03.2021 06:32:30.689 GMT-0700,121.613,121.56700000000001,0.015,0.015
31.03.2021 06:32:30.997 GMT-0700,121.613,121.57700000000001,0.015,0.0012
31.03.2021 06:32:31.098 GMT-0700,121.62299999999999,121.587,0.015,0.015
31.03.2021 06:32:31.314 GMT-0700,121.61200000000001,121.588,0.015,0.015
31.03.2021 06:32:31.439 GMT-0700,121.602,121.588,0.015,0.015
31.03.2021 06:32:31.595 GMT-0700,121.613,121.587,0.015,0.015
31.03.2021 06:32:31.645 GMT-0700,121.603,121.57700000000001,0.015,0.015
31.03.2021 06:32:31.796 GMT-0700,121.59299999999999,121.56700000000001,0.015,0.015
31.03.2021 06:32:32.176 GMT-0700,121.603,121.57700000000001,0.015,0.015
31.03.2021 06:32:32.415 GMT-0700,121.602,121.568,0.015,0.015
31.03.2021 06:32:32.466 GMT-0700,121.59299999999999,121.56700000000001,0.015,0.015
31.03.2021 06:32:32.599 GMT-0700,121.603,121.57700000000001,0.015,0.015
31.03.2021 06:32:33.054 GMT-0700,121.602,121.588,0.015,0.015
31.03.2021 06:32:33.105 GMT-0700,121.602,121.57799999999999,0.015,0.015
31.03.2021 06:32:33.306 GMT-0700,121.59200000000001,121.568,0.015,0.015
31.03.2021 06:32:33.453 GMT-0700,121.58200000000001,121.55799999999999,0.015,0.015
31.03.2021 06:32:33.661 GMT-0700,121.573,121.54700000000001,0.015,0.015
31.03.2021 06:32:33.711 GMT-0700,121.583,121.54700000000001,0.015,0.015
31.03.2021 06:32:34.218 GMT-0700,121.573,121.54700000000001,0.0075,0.015
31.03.2021 06:32:34.323 GMT-0700,121.573,121.55700000000002,0.0075,0.0012
31.03.2021 06:32:34.374 GMT-0700,121.58200000000001,121.548,0.015,0.015
31.03.2021 06:32:34.480 GMT-0700,121.56200000000001,121.538,0.015,0.015
31.03.2021 06:32:34.685 GMT-0700,121.553,121.537,0.0075,0.0012
31.03.2021 06:32:34.735 GMT-0700,121.552,121.52799999999999,0.015,0.015
31.03.2021 06:32:35.304 GMT-0700,121.552,121.518,0.015,0.015
31.03.2021 06:32:35.354 GMT-0700,121.54200000000002,121.508,0.015,0.015
31.03.2021 06:32:35.460 GMT-0700,121.53200000000001,121.508,0.015,0.015
31.03.2021 06:32:35.581 GMT-0700,121.533,121.49700000000001,0.015,0.015
31.03.2021 06:32:35.645 GMT-0700,121.533,121.507,0.015,0.0012
31.03.2021 06:32:35.695 GMT-0700,121.53200000000001,121.49799999999999,0.015,0.015
31.03.2021 06:32:35.885 GMT-0700,121.53200000000001,121.508,0.015,0.015
31.03.2021 06:32:36.033 GMT-0700,121.523,121.507,0.015,0.015
31.03.2021 06:32:36.134 GMT-0700,121.522,121.49799999999999,0.015,0.015
31.03.2021 06:32:36.244 GMT-0700,121.51299999999999,121.49700000000001,0.0075,0.015
31.03.2021 06:32:36.395 GMT-0700,121.503,121.46700000000001,0.015,0.015
31.03.2021 06:32:36.446 GMT-0700,121.51299999999999,121.477,0.015,0.015
31.03.2021 06:32:36.642 GMT-0700,121.51299999999999,121.48700000000001,0.015,0.0001
31.03.2021 06:32:36.692 GMT-0700,121.51299999999999,121.477,0.015,0.015
31.03.2021 06:32:36.797 GMT-0700,121.51200000000001,121.46799999999999,0.015,0.015
31.03.2021 06:32:37.386 GMT-0700,121.522,121.49799999999999,0.015,0.015
31.03.2021 06:32:37.530 GMT-0700,121.523,121.507,0.0075,0.0012
31.03.2021 06:32:37.580 GMT-0700,121.533,121.49700000000001,0.015,0.015
31.03.2021 06:32:37.896 GMT-0700,121.533,121.507,0.0075,0.0012
31.03.2021 06:32:37.946 GMT-0700,121.552,121.508,0.015,0.015
31.03.2021 06:32:38.276 GMT-0700,121.533,121.49700000000001,0.015,0.015
31.03.2021 06:32:38.358 GMT-0700,121.54299999999999,121.49700000000001,0.015,0.015
31.03.2021 06:32:38.541 GMT-0700,121.522,121.49799999999999,0.015,0.015
31.03.2021 06:32:38.592 GMT-0700,121.552,121.49799999999999,0.015,0.015
31.03.2021 06:32:38.642 GMT-0700,121.533,121.507,0.015,0.015
31.03.2021 06:32:38.693 GMT-0700,121.54299999999999,121.507,0.015,0.015
31.03.2021 06:32:38.793 GMT-0700,121.54299999999999,121.51700000000001,0.015,0.015
31.03.2021 06:32:39.114 GMT-0700,121.53200000000001,121.518,0.015,0.015
31.03.2021 06:32:39.438 GMT-0700,121.523,121.49700000000001,0.015,0.015
31.03.2021 06:32:39.590 GMT-0700,121.53200000000001,121.49799999999999,0.015,0.015
31.03.2021 06:32:40.699 GMT-0700,121.53200000000001,121.52700000000002,0.0075,0.0012
31.03.2021 06:32:40.749 GMT-0700,121.552,121.52799999999999,0.015,0.015
31.03.2021 06:32:40.799 GMT-0700,121.552,121.538,0.015,0.015
31.03.2021 06:32:40.850 GMT-0700,121.56299999999999,121.537,0.015,0.015
31.03.2021 06:32:40.904 GMT-0700,121.552,121.538,0.015,0.015
31.03.2021 06:32:40.954 GMT-0700,121.56200000000001,121.538,0.015,0.015
31.03.2021 06:32:41.011 GMT-0700,121.572,121.548,0.015,0.015
31.03.2021 06:32:41.348 GMT-0700,121.56299999999999,121.54700000000001,0.0075,0.0001
31.03.2021 06:32:41.398 GMT-0700,121.56299999999999,121.537,0.015,0.015
31.03.2021 06:32:41.535 GMT-0700,121.552,121.52799999999999,0.015,0.015
31.03.2021 06:32:41.747 GMT-0700,121.552,121.538,0.015,0.015
31.03.2021 06:32:41.799 GMT-0700,121.56299999999999,121.537,0.015,0.015
31.03.2021 06:32:41.850 GMT-0700,121.54200000000002,121.52799999999999,0.015,0.015
31.03.2021 06:32:41.900 GMT-0700,121.56299999999999,121.52700000000002,0.015,0.015
31.03.2021 06:32:42.026 GMT-0700,121.56299999999999,121.537,0.0075,0.0001
31.03.2021 06:32:42.076 GMT-0700,121.573,121.537,0.015,0.015
31.03.2021 06:32:42.532 GMT-0700,121.56299999999999,121.52700000000002,0.015,0.015
31.03.2021 06:32:42.739 GMT-0700,121.573,121.52700000000002,0.015,0.015
31.03.2021 06:32:42.916 GMT-0700,121.573,121.537,0.015,0.0012
31.03.2021 06:32:43.069 GMT-0700,121.572,121.548,0.015,0.015
31.03.2021 06:32:43.730 GMT-0700,121.583,121.54700000000001,0.015,0.015
31.03.2021 06:32:43.830 GMT-0700,121.603,121.55700000000002,0.015,0.015
31.03.2021 06:32:43.880 GMT-0700,121.59200000000001,121.55799999999999,0.015,0.015
31.03.2021 06:32:44.009 GMT-0700,121.59200000000001,121.568,0.015,0.015
31.03.2021 06:32:44.059 GMT-0700,121.602,121.568,0.015,0.015
31.03.2021 06:32:44.229 GMT-0700,121.602,121.57799999999999,0.015,0.0012
31.03.2021 06:32:44.566 GMT-0700,121.603,121.587,0.015,0.015
31.03.2021 06:32:45.327 GMT-0700,121.59299999999999,121.587,0.0075,0.0012
31.03.2021 06:32:45.377 GMT-0700,121.59200000000001,121.568,0.015,0.015
31.03.2021 06:32:45.428 GMT-0700,121.602,121.568,0.015,0.015
31.03.2021 06:32:45.478 GMT-0700,121.613,121.57700000000001,0.015,0.015
31.03.2021 06:32:45.679 GMT-0700,121.62200000000001,121.588,0.015,0.015
31.03.2021 06:32:45.729 GMT-0700,121.62299999999999,121.57700000000001,0.015,0.015
31.03.2021 06:32:45.779 GMT-0700,121.62299999999999,121.587,0.015,0.015
31.03.2021 06:32:45.969 GMT-0700,121.61200000000001,121.588,0.015,0.015
31.03.2021 06:32:46.020 GMT-0700,121.633,121.587,0.015,0.015
31.03.2021 06:32:46.086 GMT-0700,121.62299999999999,121.587,0.0075,0.015
31.03.2021 06:32:46.372 GMT-0700,121.61200000000001,121.588,0.0075,0.015
31.03.2021 06:32:46.423 GMT-0700,121.613,121.57700000000001,0.015,0.015
31.03.2021 06:32:46.473 GMT-0700,121.61200000000001,121.588,0.015,0.015
31.03.2021 06:32:46.687 GMT-0700,121.603,121.56700000000001,0.015,0.015
31.03.2021 06:32:46.738 GMT-0700,121.613,121.56700000000001,0.015,0.015
31.03.2021 06:32:47.172 GMT-0700,121.602,121.548,0.015,0.015
31.03.2021 06:32:47.242 GMT-0700,121.59200000000001,121.548,0.0075,0.015
31.03.2021 06:32:47.393 GMT-0700,121.58200000000001,121.548,0.015,0.015
31.03.2021 06:32:47.742 GMT-0700,121.59299999999999,121.54700000000001,0.015,0.015
31.03.2021 06:32:47.821 GMT-0700,121.58200000000001,121.548,0.0075,0.0001
31.03.2021 06:32:47.872 GMT-0700,121.58200000000001,121.538,0.015,0.015
31.03.2021 06:32:47.924 GMT-0700,121.58200000000001,121.548,0.015,0.015
31.03.2021 06:32:48.099 GMT-0700,121.59200000000001,121.548,0.015,0.015
31.03.2021 06:32:48.205 GMT-0700,121.58200000000001,121.548,0.015,0.015
31.03.2021 06:32:48.413 GMT-0700,121.59200000000001,121.548,0.015,0.015
31.03.2021 06:32:48.463 GMT-0700,121.583,121.54700000000001,0.015,0.015
31.03.2021 06:32:48.564 GMT-0700,121.59299999999999,121.54700000000001,0.015,0.015
31.03.2021 06:32:48.614 GMT-0700,121.58200000000001,121.548,0.015,0.015
31.03.2021 06:32:48.665 GMT-0700,121.59200000000001,121.548,0.015,0.015
31.03.2021 06:32:48.987 GMT-0700,121.62200000000001,121.588,0.015,0.015
31.03.2021 06:32:49.037 GMT-0700,121.62200000000001,121.57799999999999,0.015,0.015
31.03.2021 06:32:49.088 GMT-0700,121.62299999999999,121.587,0.015,0.015
31.03.2021 06:32:49.283 GMT-0700,121.62200000000001,121.57799999999999,0.015,0.015
31.03.2021 06:32:49.384 GMT-0700,121.613,121.57700000000001,0.015,0.015
31.03.2021 06:32:49.434 GMT-0700,121.62200000000001,121.57799999999999,0.015,0.015
31.03.2021 06:32:49.535 GMT-0700,121.613,121.587,0.015,0.015
31.03.2021 06:32:49.585 GMT-0700,121.62200000000001,121.588,0.015,0.015
31.03.2021 06:32:49.924 GMT-0700,121.603,121.587,0.0075,0.0001
31.03.2021 06:32:49.974 GMT-0700,121.603,121.56700000000001,0.015,0.015
31.03.2021 06:32:50.034 GMT-0700,121.58200000000001,121.568,0.0075,0.0012
31.03.2021 06:32:50.085 GMT-0700,121.59299999999999,121.55700000000002,0.015,0.015
31.03.2021 06:32:50.165 GMT-0700,121.583,121.55700000000002,0.0075,0.015
31.03.2021 06:32:50.266 GMT-0700,121.59200000000001,121.55799999999999,0.015,0.015
31.03.2021 06:32:50.562 GMT-0700,121.583,121.55700000000002,0.015,0.015
31.03.2021 06:32:50.663 GMT-0700,121.58200000000001,121.548,0.015,0.015
31.03.2021 06:32:51.425 GMT-0700,121.59299999999999,121.54700000000001,0.015,0.015
31.03.2021 06:32:51.526 GMT-0700,121.59299999999999,121.55700000000002,0.015,0.015
31.03.2021 06:32:51.798 GMT-0700,121.583,121.55700000000002,0.0075,0.0012
31.03.2021 06:32:51.849 GMT-0700,121.58200000000001,121.548,0.015,0.015
31.03.2021 06:32:52.269 GMT-0700,121.583,121.55700000000002,0.015,0.015
31.03.2021 06:32:52.319 GMT-0700,121.58200000000001,121.548,0.015,0.015
31.03.2021 06:32:52.695 GMT-0700,121.59299999999999,121.56700000000001,0.015,0.015
31.03.2021 06:32:53.450 GMT-0700,121.59200000000001,121.55799999999999,0.015,0.015
31.03.2021 06:32:53.532 GMT-0700,121.58200000000001,121.55799999999999,0.0075,0.0001
31.03.2021 06:32:53.682 GMT-0700,121.583,121.54700000000001,0.015,0.015
31.03.2021 06:32:53.733 GMT-0700,121.573,121.54700000000001,0.015,0.015
31.03.2021 06:32:54.166 GMT-0700,121.58200000000001,121.55799999999999,0.015,0.015
31.03.2021 06:32:54.857 GMT-0700,121.572,121.55799999999999,0.0075,0.0012
31.03.2021 06:32:54.908 GMT-0700,121.552,121.52799999999999,0.015,0.015
31.03.2021 06:32:54.958 GMT-0700,121.553,121.537,0.015,0.015
31.03.2021 06:32:55.008 GMT-0700,121.56200000000001,121.538,0.015,0.015
31.03.2021 06:32:55.059 GMT-0700,121.572,121.538,0.015,0.015
31.03.2021 06:32:55.180 GMT-0700,121.56299999999999,121.537,0.015,0.015
31.03.2021 06:32:55.230 GMT-0700,121.572,121.538,0.015,0.015
31.03.2021 06:32:55.330 GMT-0700,121.56200000000001,121.538,0.015,0.015
31.03.2021 06:32:55.525 GMT-0700,121.54299999999999,121.52700000000002,0.015,0.0012
31.03.2021 06:32:55.575 GMT-0700,121.53200000000001,121.508,0.015,0.015
31.03.2021 06:32:55.626 GMT-0700,121.53200000000001,121.49799999999999,0.015,0.015
31.03.2021 06:32:55.835 GMT-0700,121.53200000000001,121.508,0.015,0.015
31.03.2021 06:32:55.945 GMT-0700,121.533,121.49700000000001,0.015,0.015
31.03.2021 06:32:56.118 GMT-0700,121.533,121.507,0.015,0.0001
31.03.2021 06:32:56.226 GMT-0700,121.522,121.49799999999999,0.015,0.015
31.03.2021 06:32:56.606 GMT-0700,121.51200000000001,121.49799999999999,0.015,0.015
31.03.2021 06:32:56.691 GMT-0700,121.523,121.49700000000001,0.015,0.015
31.03.2021 06:32:56.749 GMT-0700,121.51299999999999,121.49700000000001,0.0075,0.015
31.03.2021 06:32:56.849 GMT-0700,121.51200000000001,121.488,0.015,0.015
31.03.2021 06:32:57.023 GMT-0700,121.503,121.48700000000001,0.0075,0.015
31.03.2021 06:32:57.123 GMT-0700,121.492,121.46799999999999,0.015,0.015
31.03.2021 06:32:57.174 GMT-0700,121.503,121.46700000000001,0.015,0.015
31.03.2021 06:32:57.388 GMT-0700,121.51200000000001,121.488,0.015,0.015
31.03.2021 06:32:57.438 GMT-0700,121.51299999999999,121.477,0.015,0.015
31.03.2021 06:32:57.596 GMT-0700,121.522,121.488,0.015,0.015
31.03.2021 06:32:57.703 GMT-0700,121.522,121.49799999999999,0.015,0.0001
31.03.2021 06:32:57.753 GMT-0700,121.522,121.488,0.015,0.015
31.03.2021 06:32:58.097 GMT-0700,121.523,121.49700000000001,0.0075,0.0001
31.03.2021 06:32:58.147 GMT-0700,121.53200000000001,121.488,0.015,0.015
31.03.2021 06:32:58.256 GMT-0700,121.522,121.488,0.015,0.015
31.03.2021 06:32:58.459 GMT-0700,121.53200000000001,121.488,0.015,0.015
31.03.2021 06:32:58.586 GMT-0700,121.53200000000001,121.508,0.015,0.015
31.03.2021 06:32:58.636 GMT-0700,121.533,121.49700000000001,0.015,0.015
31.03.2021 06:32:58.721 GMT-0700,121.51299999999999,121.48700000000001,0.015,0.015
31.03.2021 06:32:59.147 GMT-0700,121.51200000000001,121.478,0.015,0.015
31.03.2021 06:32:59.577 GMT-0700,121.51200000000001,121.488,0.015,0.015
31.03.2021 06:32:59.713 GMT-0700,121.503,121.48700000000001,0.0075,0.0012
31.03.2021 06:32:59.764 GMT-0700,121.51200000000001,121.46799999999999,0.015,0.015
31.03.2021 06:32:59.998 GMT-0700,121.51299999999999,121.477,0.015,0.0012
31.03.2021 06:33:00.049 GMT-0700,121.54200000000002,121.49799999999999,0.015,0.015
31.03.2021 06:33:00.250 GMT-0700,121.54299999999999,121.507,0.015,0.015
31.03.2021 06:33:00.300 GMT-0700,121.54200000000002,121.49799999999999,0.015,0.015
31.03.2021 06:33:00.350 GMT-0700,121.523,121.48700000000001,0.015,0.015
31.03.2021 06:33:00.401 GMT-0700,121.53200000000001,121.488,0.015,0.015
31.03.2021 06:33:00.451 GMT-0700,121.51200000000001,121.488,0.015,0.015
31.03.2021 06:33:00.501 GMT-0700,121.533,121.49700000000001,0.015,0.015
31.03.2021 06:33:00.552 GMT-0700,121.552,121.508,0.015,0.015
31.03.2021 06:33:00.756 GMT-0700,121.523,121.507,0.015,0.015
31.03.2021 06:33:00.806 GMT-0700,121.50200000000001,121.478,0.015,0.015
31.03.2021 06:33:00.907 GMT-0700,121.522,121.488,0.015,0.015
31.03.2021 06:33:00.957 GMT-0700,121.53200000000001,121.49799999999999,0.015,0.015
31.03.2021 06:33:01.108 GMT-0700,121.523,121.48700000000001,0.015,0.015
31.03.2021 06:33:01.228 GMT-0700,121.54299999999999,121.507,0.015,0.015
31.03.2021 06:33:01.328 GMT-0700,121.56299999999999,121.51700000000001,0.015,0.015
31.03.2021 06:33:01.379 GMT-0700,121.56200000000001,121.52799999999999,0.015,0.015
31.03.2021 06:33:01.991 GMT-0700,121.56200000000001,121.538,0.015,0.0001
31.03.2021 06:33:02.168 GMT-0700,121.54200000000002,121.518,0.015,0.015
31.03.2021 06:33:02.246 GMT-0700,121.552,121.518,0.015,0.015
31.03.2021 06:33:02.296 GMT-0700,121.56299999999999,121.537,0.015,0.015
31.03.2021 06:33:02.686 GMT-0700,121.583,121.537,0.015,0.015
31.03.2021 06:33:02.960 GMT-0700,121.572,121.548,0.0075,0.0001
31.03.2021 06:33:03.010 GMT-0700,121.58200000000001,121.548,0.015,0.015
31.03.2021 06:33:03.111 GMT-0700,121.572,121.548,0.015,0.015
31.03.2021 06:33:03.454 GMT-0700,121.583,121.54700000000001,0.015,0.015
31.03.2021 06:33:03.504 GMT-0700,121.58200000000001,121.55799999999999,0.015,0.015
31.03.2021 06:33:03.780 GMT-0700,121.59200000000001,121.55799999999999,0.015,0.015
31.03.2021 06:33:03.940 GMT-0700,121.572,121.55799999999999,0.0075,0.0012
31.03.2021 06:33:03.990 GMT-0700,121.583,121.54700000000001,0.015,0.015
31.03.2021 06:33:04.232 GMT-0700,121.572,121.548,0.0075,0.0012
31.03.2021 06:33:04.333 GMT-0700,121.59200000000001,121.55799999999999,0.015,0.015
31.03.2021 06:33:04.383 GMT-0700,121.572,121.548,0.015,0.015
31.03.2021 06:33:04.592 GMT-0700,121.59200000000001,121.55799999999999,0.015,0.015
31.03.2021 06:33:04.858 GMT-0700,121.59200000000001,121.57799999999999,0.015,0.015
31.03.2021 06:33:04.908 GMT-0700,121.59299999999999,121.56700000000001,0.015,0.015
31.03.2021 06:33:05.148 GMT-0700,121.603,121.57700000000001,0.015,0.015
31.03.2021 06:33:05.619 GMT-0700,121.633,121.587,0.015,0.015
31.03.2021 06:33:05.728 GMT-0700,121.595,121.57700000000001,0.0075,0.015
31.03.2021 06:33:05.778 GMT-0700,121.59299999999999,121.56700000000001,0.015,0.015
31.03.2021 06:33:05.900 GMT-0700,121.59299999999999,121.55700000000002,0.015,0.015
31.03.2021 06:33:06.000 GMT-0700,121.59299999999999,121.54700000000001,0.015,0.015
31.03.2021 06:33:06.280 GMT-0700,121.59200000000001,121.55799999999999,0.015,0.015
31.03.2021 06:33:06.531 GMT-0700,121.58200000000001,121.55799999999999,0.015,0.015
31.03.2021 06:33:06.582 GMT-0700,121.59299999999999,121.55700000000002,0.015,0.015
31.03.2021 06:33:06.766 GMT-0700,121.59200000000001,121.568,0.015,0.0001
31.03.2021 06:33:06.970 GMT-0700,121.59200000000001,121.57799999999999,0.015,0.0001
31.03.2021 06:33:07.118 GMT-0700,121.602,121.588,0.015,0.015
31.03.2021 06:33:07.169 GMT-0700,121.59200000000001,121.568,0.015,0.015
31.03.2021 06:33:07.254 GMT-0700,121.59299999999999,121.57700000000001,0.015,0.0001
31.03.2021 06:33:07.821 GMT-0700,121.59299999999999,121.56700000000001,0.015,0.015
31.03.2021 06:33:08.497 GMT-0700,121.583,121.56700000000001,0.0075,0.0012
31.03.2021 06:33:08.613 GMT-0700,121.572,121.55799999999999,0.015,0.015
31.03.2021 06:33:08.714 GMT-0700,121.56200000000001,121.548,0.015,0.015
31.03.2021 06:33:08.817 GMT-0700,121.583,121.55700000000002,0.015,0.015
31.03.2021 06:33:08.868 GMT-0700,121.572,121.548,0.015,0.015
31.03.2021 06:33:09.018 GMT-0700,121.56299999999999,121.537,0.015,0.015
31.03.2021 06:33:09.119 GMT-0700,121.573,121.54700000000001,0.015,0.015
31.03.2021 06:33:09.270 GMT-0700,121.56299999999999,121.537,0.015,0.015
31.03.2021 06:33:09.393 GMT-0700,121.573,121.54700000000001,0.015,0.015
31.03.2021 06:33:09.919 GMT-0700,121.56200000000001,121.538,0.015,0.015
31.03.2021 06:33:10.170 GMT-0700,121.573,121.55700000000002,0.015,0.015
31.03.2021 06:33:10.418 GMT-0700,121.58200000000001,121.55799999999999,0.015,0.015
31.03.2021 06:33:10.651 GMT-0700,121.56299999999999,121.55799999999999,0.0075,0.0012
31.03.2021 06:33:10.702 GMT-0700,121.573,121.54700000000001,0.015,0.0012
31.03.2021 06:33:10.802 GMT-0700,121.573,121.537,0.015,0.015
31.03.2021 06:33:10.903 GMT-0700,121.573,121.54700000000001,0.015,0.015
31.03.2021 06:33:11.190 GMT-0700,121.572,121.538,0.015,0.015
31.03.2021 06:33:11.375 GMT-0700,121.573,121.52700000000002,0.015,0.015
31.03.2021 06:33:11.538 GMT-0700,121.56200000000001,121.52799999999999,0.0075,0.015
31.03.2021 06:33:11.639 GMT-0700,121.583,121.54700000000001,0.015,0.015
31.03.2021 06:33:11.924 GMT-0700,121.58200000000001,121.55799999999999,0.015,0.0001
31.03.2021 06:33:12.130 GMT-0700,121.58200000000001,121.548,0.015,0.015
31.03.2021 06:33:12.278 GMT-0700,121.58200000000001,121.52799999999999,0.015,0.015
31.03.2021 06:33:12.520 GMT-0700,121.572,121.538,0.0075,0.0012
31.03.2021 06:33:12.676 GMT-0700,121.56200000000001,121.538,0.015,0.015
31.03.2021 06:33:12.878 GMT-0700,121.56200000000001,121.548,0.015,0.015
31.03.2021 06:33:12.961 GMT-0700,121.56200000000001,121.538,0.015,0.015
31.03.2021 06:33:13.111 GMT-0700,121.59299999999999,121.56700000000001,0.015,0.015
31.03.2021 06:33:13.161 GMT-0700,121.59299999999999,121.55700000000002,0.015,0.015
31.03.2021 06:33:13.564 GMT-0700,121.59200000000001,121.568,0.015,0.0001
31.03.2021 06:33:13.665 GMT-0700,121.59200000000001,121.55799999999999,0.015,0.015
31.03.2021 06:33:13.913 GMT-0700,121.58200000000001,121.548,0.015,0.015
31.03.2021 06:33:14.037 GMT-0700,121.583,121.55700000000002,0.0075,0.0001
31.03.2021 06:33:14.087 GMT-0700,121.59299999999999,121.54700000000001,0.015,0.015
31.03.2021 06:33:14.283 GMT-0700,121.59200000000001,121.55799999999999,0.015,0.0012
31.03.2021 06:33:14.384 GMT-0700,121.59299999999999,121.56700000000001,0.015,0.015
31.03.2021 06:33:14.484 GMT-0700,121.602,121.568,0.015,0.015
31.03.2021 06:33:14.947 GMT-0700,121.583,121.55700000000002,0.015,0.015
31.03.2021 06:33:15.048 GMT-0700,121.573,121.54700000000001,0.015,0.015
31.03.2021 06:33:15.231 GMT-0700,121.54299999999999,121.51700000000001,0.015,0.015
31.03.2021 06:33:15.332 GMT-0700,121.54200000000002,121.508,0.015,0.015
31.03.2021 06:33:15.482 GMT-0700,121.53200000000001,121.508,0.015,0.015
31.03.2021 06:33:15.683 GMT-0700,121.53200000000001,121.49799999999999,0.015,0.015
31.03.2021 06:33:15.784 GMT-0700,121.523,121.49700000000001,0.015,0.015
31.03.2021 06:33:15.834 GMT-0700,121.54299999999999,121.49700000000001,0.015,0.015
31.03.2021 06:33:15.920 GMT-0700,121.522,121.49799999999999,0.0075,0.015
31.03.2021 06:33:15.971 GMT-0700,121.54299999999999,121.49700000000001,0.015,0.015
31.03.2021 06:33:16.496 GMT-0700,121.54200000000002,121.508,0.015,0.0012
31.03.2021 06:33:16.710 GMT-0700,121.54299999999999,121.49700000000001,0.015,0.015
31.03.2021 06:33:16.851 GMT-0700,121.54299999999999,121.507,0.015,0.0001
31.03.2021 06:33:17.002 GMT-0700,121.54200000000002,121.49799999999999,0.015,0.015
31.03.2021 06:33:17.053 GMT-0700,121.54299999999999,121.507,0.015,0.015
31.03.2021 06:33:17.316 GMT-0700,121.552,121.52799999999999,0.015,0.015
31.03.2021 06:33:17.468 GMT-0700,121.56200000000001,121.538,0.0075,0.015
31.03.2021 06:33:17.569 GMT-0700,121.573,121.54700000000001,0.015,0.015
31.03.2021 06:33:18.097 GMT-0700,121.56299999999999,121.54700000000001,0.0075,0.015
31.03.2021 06:33:18.491 GMT-0700,121.572,121.548,0.015,0.015
31.03.2021 06:33:19.245 GMT-0700,121.552,121.518,0.015,0.015
31.03.2021 06:33:19.554 GMT-0700,121.56200000000001,121.518,0.015,0.015
31.03.2021 06:33:19.773 GMT-0700,121.533,121.51700000000001,0.0075,0.0012
31.03.2021 06:33:19.823 GMT-0700,121.53200000000001,121.49799999999999,0.015,0.015
31.03.2021 06:33:20.087 GMT-0700,121.533,121.507,0.015,0.015
31.03.2021 06:33:20.137 GMT-0700,121.56200000000001,121.52799999999999,0.015,0.015
31.03.2021 06:33:20.237 GMT-0700,121.54200000000002,121.49799999999999,0.015,0.015
31.03.2021 06:33:20.830 GMT-0700,121.523,121.49700000000001,0.0075,0.015
31.03.2021 06:33:20.880 GMT-0700,121.54299999999999,121.49700000000001,0.015,0.015
31.03.2021 06:33:20.952 GMT-0700,121.522,121.49799999999999,0.0075,0.015
31.03.2021 06:33:21.091 GMT-0700,121.522,121.508,0.0075,0.0001
31.03.2021 06:33:21.141 GMT-0700,121.553,121.507,0.015,0.015
31.03.2021 06:33:21.194 GMT-0700,121.56200000000001,121.508,0.015,0.015
31.03.2021 06:33:21.244 GMT-0700,121.553,121.51700000000001,0.015,0.015
31.03.2021 06:33:21.345 GMT-0700,121.553,121.507,0.015,0.015
31.03.2021 06:33:21.549 GMT-0700,121.54200000000002,121.508,0.0075,0.015
31.03.2021 06:33:21.866 GMT-0700,121.552,121.508,0.015,0.015
31.03.2021 06:33:21.978 GMT-0700,121.54200000000002,121.508,0.015,0.015
31.03.2021 06:33:22.028 GMT-0700,121.552,121.508,0.015,0.015
31.03.2021 06:33:22.079 GMT-0700,121.553,121.52700000000002,0.015,0.015
31.03.2021 06:33:22.129 GMT-0700,121.56299999999999,121.52700000000002,0.015,0.015
31.03.2021 06:33:22.230 GMT-0700,121.54200000000002,121.508,0.015,0.015
31.03.2021 06:33:22.280 GMT-0700,121.56299999999999,121.49700000000001,0.015,0.015
31.03.2021 06:33:22.331 GMT-0700,121.553,121.49700000000001,0.015,0.015
31.03.2021 06:33:22.517 GMT-0700,121.522,121.49799999999999,0.015,0.015
31.03.2021 06:33:22.567 GMT-0700,121.503,121.46700000000001,0.015,0.015
31.03.2021 06:33:22.853 GMT-0700,121.50200000000001,121.478,0.015,0.015
31.03.2021 06:33:23.010 GMT-0700,121.51299999999999,121.477,0.015,0.015
31.03.2021 06:33:23.073 GMT-0700,121.51299999999999,121.48700000000001,0.015,0.0012
31.03.2021 06:33:23.124 GMT-0700,121.56299999999999,121.507,0.015,0.015
31.03.2021 06:33:23.224 GMT-0700,121.56200000000001,121.518,0.015,0.015
31.03.2021 06:33:23.400 GMT-0700,121.552,121.518,0.015,0.015
31.03.2021 06:33:23.450 GMT-0700,121.56299999999999,121.51700000000001,0.015,0.015
31.03.2021 06:33:23.899 GMT-0700,121.56299999999999,121.52700000000002,0.015,0.0001
31.03.2021 06:33:24.000 GMT-0700,121.56299999999999,121.537,0.015,0.015
31.03.2021 06:33:24.107 GMT-0700,121.56200000000001,121.548,0.015,0.015
31.03.2021 06:33:24.480 GMT-0700,121.58200000000001,121.55799999999999,0.015,0.015
