Local time,Ask,Bid,AskVolume,BidVolume
01.04.2021 06:30:00.012 GMT-0700,123.65200000000002,123.60799999999999,0.015,0.015
01.04.2021 06:30:00.063 GMT-0700,123.65200000000002,123.628,0.015,0.015
01.04.2021 06:30:00.163 GMT-0700,123.69200000000001,123.63799999999999,0.015,0.015
01.04.2021 06:30:00.214 GMT-0700,123.673,123.62700000000001,0.015,0.015
01.04.2021 06:30:00.364 GMT-0700,123.693,123.647,0.015,0.015
01.04.2021 06:30:00.494 GMT-0700,123.68200000000002,123.658,0.0075,0.0012
01.04.2021 06:30:00.545 GMT-0700,123.69200000000001,123.658,0.015,0.015
01.04.2021 06:30:00.746 GMT-0700,123.69200000000001,123.66799999999999,0.015,0.015
01.04.2021 06:30:00.897 GMT-0700,123.70200000000001,123.678,0.015,0.015
01.04.2021 06:30:00.998 GMT-0700,123.68299999999999,123.63700000000001,0.015,0.015
01.04.2021 06:30:01.108 GMT-0700,123.673,123.63700000000001,0.015,0.015
01.04.2021 06:30:01.259 GMT-0700,123.67200000000001,123.628,0.015,0.015
01.04.2021 06:30:01.309 GMT-0700,123.68299999999999,123.63700000000001,0.015,0.015
01.04.2021 06:30:01.437 GMT-0700,123.68299999999999,123.62700000000001,0.015,0.015
01.04.2021 06:30:01.604 GMT-0700,123.68200000000002,123.648,0.015,0.015
01.04.2021 06:30:01.654 GMT-0700,123.773,123.66700000000002,0.015,0.015
01.04.2021 06:30:01.705 GMT-0700,123.772,123.688,0.015,0.015
01.04.2021 06:30:01.855 GMT-0700,123.772,123.63799999999999,0.015,0.015
01.04.2021 06:30:01.975 GMT-0700,123.70200000000001,123.63799999999999,0.0075,0.015
01.04.2021 06:30:02.026 GMT-0700,123.772,123.63799999999999,0.015,0.015
01.04.2021 06:30:02.076 GMT-0700,123.772,123.678,0.015,0.015
01.04.2021 06:30:02.350 GMT-0700,123.773,123.70700000000001,0.015,0.0012
01.04.2021 06:30:02.451 GMT-0700,123.743,123.677,0.015,0.015
01.04.2021 06:30:02.605 GMT-0700,123.712,123.678,0.015,0.015
01.04.2021 06:30:02.705 GMT-0700,123.73299999999999,123.677,0.015,0.015
01.04.2021 06:30:02.756 GMT-0700,123.773,123.73700000000001,0.015,0.015
01.04.2021 06:30:02.876 GMT-0700,123.772,123.728,0.015,0.015
01.04.2021 06:30:03.020 GMT-0700,123.742,123.71799999999999,0.015,0.015
01.04.2021 06:30:03.071 GMT-0700,123.773,123.71700000000001,0.015,0.015
01.04.2021 06:30:03.137 GMT-0700,123.76299999999999,123.71700000000001,0.0075,0.015
01.04.2021 06:30:03.187 GMT-0700,123.773,123.71700000000001,0.015,0.015
01.04.2021 06:30:03.269 GMT-0700,123.743,123.71700000000001,0.0075,0.015
01.04.2021 06:30:03.319 GMT-0700,123.773,123.71700000000001,0.015,0.015
01.04.2021 06:30:03.370 GMT-0700,123.75200000000001,123.71799999999999,0.015,0.015
01.04.2021 06:30:03.520 GMT-0700,123.743,123.70700000000001,0.015,0.015
01.04.2021 06:30:03.628 GMT-0700,123.75200000000001,123.71799999999999,0.015,0.015
01.04.2021 06:30:03.728 GMT-0700,123.753,123.70700000000001,0.015,0.015
01.04.2021 06:30:03.867 GMT-0700,123.75200000000001,123.71799999999999,0.015,0.0012
01.04.2021 06:30:03.968 GMT-0700,123.743,123.70700000000001,0.015,0.015
01.04.2021 06:30:04.069 GMT-0700,123.73200000000001,123.708,0.015,0.015
01.04.2021 06:30:04.220 GMT-0700,123.742,123.698,0.015,0.015
01.04.2021 06:30:04.327 GMT-0700,123.723,123.69700000000002,0.015,0.015
01.04.2021 06:30:04.377 GMT-0700,123.73200000000001,123.698,0.015,0.015
01.04.2021 06:30:04.631 GMT-0700,123.743,123.69700000000002,0.015,0.015
01.04.2021 06:30:04.942 GMT-0700,123.743,123.68700000000001,0.015,0.015
01.04.2021 06:30:05.085 GMT-0700,123.72200000000001,123.688,0.0075,0.015
01.04.2021 06:30:05.185 GMT-0700,123.73200000000001,123.688,0.015,0.015
01.04.2021 06:30:05.706 GMT-0700,123.68200000000002,123.63799999999999,0.015,0.015
01.04.2021 06:30:06.102 GMT-0700,123.69200000000001,123.658,0.015,0.015
01.04.2021 06:30:06.153 GMT-0700,123.693,123.647,0.015,0.015
01.04.2021 06:30:06.299 GMT-0700,123.68200000000002,123.648,0.0075,0.015
01.04.2021 06:30:06.504 GMT-0700,123.693,123.65700000000001,0.015,0.015
01.04.2021 06:30:06.555 GMT-0700,123.69200000000001,123.648,0.015,0.015
01.04.2021 06:30:06.692 GMT-0700,123.68299999999999,123.647,0.015,0.015
01.04.2021 06:30:06.743 GMT-0700,123.693,123.647,0.015,0.015
01.04.2021 06:30:06.832 GMT-0700,123.67200000000001,123.63799999999999,0.015,0.015
01.04.2021 06:30:06.882 GMT-0700,123.69200000000001,123.63799999999999,0.015,0.015
01.04.2021 06:30:07.188 GMT-0700,123.69200000000001,123.648,0.015,0.015
01.04.2021 06:30:07.315 GMT-0700,123.68299999999999,123.647,0.015,0.015
01.04.2021 06:30:07.465 GMT-0700,123.693,123.65700000000001,0.015,0.015
01.04.2021 06:30:07.650 GMT-0700,123.68299999999999,123.65700000000001,0.0075,0.015
01.04.2021 06:30:07.795 GMT-0700,123.663,123.65700000000001,0.0075,0.0012
01.04.2021 06:30:07.845 GMT-0700,123.68200000000002,123.648,0.015,0.015
01.04.2021 06:30:07.945 GMT-0700,123.662,123.628,0.015,0.015
01.04.2021 06:30:07.996 GMT-0700,123.68200000000002,123.628,0.015,0.015
01.04.2021 06:30:08.096 GMT-0700,123.67200000000001,123.628,0.015,0.015
01.04.2021 06:30:08.197 GMT-0700,123.67200000000001,123.63799999999999,0.0075,0.0001
01.04.2021 06:30:08.247 GMT-0700,123.68299999999999,123.63700000000001,0.015,0.015
01.04.2021 06:30:08.899 GMT-0700,123.673,123.63700000000001,0.0075,0.015
01.04.2021 06:30:09.000 GMT-0700,123.65200000000002,123.628,0.015,0.015
01.04.2021 06:30:09.234 GMT-0700,123.65299999999999,123.63700000000001,0.0075,0.0001
01.04.2021 06:30:09.285 GMT-0700,123.68299999999999,123.647,0.015,0.015
01.04.2021 06:30:09.467 GMT-0700,123.673,123.63700000000001,0.0075,0.015
01.04.2021 06:30:09.692 GMT-0700,123.663,123.63700000000001,0.015,0.015
01.04.2021 06:30:09.874 GMT-0700,123.663,123.65700000000001,0.0075,0.0001
01.04.2021 06:30:09.924 GMT-0700,123.68299999999999,123.63700000000001,0.015,0.015
01.04.2021 06:30:09.974 GMT-0700,123.67200000000001,123.63799999999999,0.015,0.015
01.04.2021 06:30:10.075 GMT-0700,123.67200000000001,123.648,0.015,0.015
01.04.2021 06:30:10.180 GMT-0700,123.68200000000002,123.648,0.015,0.015
01.04.2021 06:30:10.352 GMT-0700,123.67200000000001,123.648,0.015,0.015
01.04.2021 06:30:10.453 GMT-0700,123.69200000000001,123.658,0.015,0.015
01.04.2021 06:30:10.765 GMT-0700,123.69200000000001,123.63799999999999,0.015,0.015
01.04.2021 06:30:10.816 GMT-0700,123.67200000000001,123.63799999999999,0.015,0.015
01.04.2021 06:30:10.967 GMT-0700,123.663,123.617,0.015,0.015
01.04.2021 06:30:11.017 GMT-0700,123.643,123.617,0.015,0.015
01.04.2021 06:30:11.120 GMT-0700,123.62200000000001,123.598,0.015,0.015
01.04.2021 06:30:11.170 GMT-0700,123.633,123.59700000000001,0.015,0.015
01.04.2021 06:30:11.323 GMT-0700,123.62200000000001,123.598,0.015,0.015
01.04.2021 06:30:11.374 GMT-0700,123.633,123.59700000000001,0.015,0.015
01.04.2021 06:30:11.499 GMT-0700,123.633,123.60700000000001,0.015,0.0001
01.04.2021 06:30:11.649 GMT-0700,123.62200000000001,123.60799999999999,0.015,0.015
01.04.2021 06:30:11.700 GMT-0700,123.61200000000001,123.588,0.015,0.015
01.04.2021 06:30:11.800 GMT-0700,123.59200000000001,123.568,0.015,0.015
01.04.2021 06:30:11.925 GMT-0700,123.583,123.54700000000001,0.015,0.015
01.04.2021 06:30:12.026 GMT-0700,123.613,123.56700000000001,0.015,0.015
01.04.2021 06:30:12.132 GMT-0700,123.613,123.57700000000001,0.015,0.0012
01.04.2021 06:30:12.183 GMT-0700,123.61200000000001,123.568,0.015,0.015
01.04.2021 06:30:12.357 GMT-0700,123.61200000000001,123.588,0.0075,0.0001
01.04.2021 06:30:12.408 GMT-0700,123.633,123.59700000000001,0.015,0.015
01.04.2021 06:30:12.458 GMT-0700,123.62200000000001,123.598,0.015,0.015
01.04.2021 06:30:12.571 GMT-0700,123.62299999999999,123.587,0.015,0.015
01.04.2021 06:30:12.772 GMT-0700,123.613,123.57700000000001,0.015,0.015
01.04.2021 06:30:12.873 GMT-0700,123.632,123.598,0.015,0.015
01.04.2021 06:30:12.978 GMT-0700,123.613,123.57700000000001,0.015,0.015
01.04.2021 06:30:13.374 GMT-0700,123.613,123.587,0.015,0.0001
01.04.2021 06:30:13.475 GMT-0700,123.632,123.598,0.015,0.015
01.04.2021 06:30:13.576 GMT-0700,123.632,123.618,0.0075,0.0001
01.04.2021 06:30:13.626 GMT-0700,123.67200000000001,123.628,0.015,0.015
01.04.2021 06:30:13.677 GMT-0700,123.663,123.62700000000001,0.015,0.015
01.04.2021 06:30:13.857 GMT-0700,123.64200000000001,123.628,0.0075,0.0001
01.04.2021 06:30:13.907 GMT-0700,123.65299999999999,123.62700000000001,0.015,0.015
01.04.2021 06:30:13.957 GMT-0700,123.663,123.63700000000001,0.015,0.015
01.04.2021 06:30:14.058 GMT-0700,123.64200000000001,123.628,0.015,0.015
01.04.2021 06:30:14.108 GMT-0700,123.663,123.63700000000001,0.015,0.015
01.04.2021 06:30:14.313 GMT-0700,123.68299999999999,123.647,0.015,0.015
01.04.2021 06:30:14.470 GMT-0700,123.673,123.647,0.0075,0.0012
01.04.2021 06:30:14.570 GMT-0700,123.673,123.63700000000001,0.015,0.015
01.04.2021 06:30:14.621 GMT-0700,123.68299999999999,123.65700000000001,0.015,0.015
01.04.2021 06:30:14.902 GMT-0700,123.67200000000001,123.648,0.015,0.015
01.04.2021 06:30:14.952 GMT-0700,123.673,123.62700000000001,0.015,0.015
01.04.2021 06:30:15.039 GMT-0700,123.67200000000001,123.658,0.0075,0.0012
01.04.2021 06:30:15.089 GMT-0700,123.68200000000002,123.648,0.015,0.015
01.04.2021 06:30:15.251 GMT-0700,123.67200000000001,123.648,0.015,0.015
01.04.2021 06:30:15.432 GMT-0700,123.663,123.647,0.0075,0.0001
01.04.2021 06:30:15.482 GMT-0700,123.68299999999999,123.647,0.015,0.015
01.04.2021 06:30:15.532 GMT-0700,123.69200000000001,123.658,0.015,0.015
01.04.2021 06:30:15.702 GMT-0700,123.693,123.647,0.015,0.015
01.04.2021 06:30:15.752 GMT-0700,123.673,123.62700000000001,0.015,0.015
01.04.2021 06:30:15.803 GMT-0700,123.67200000000001,123.618,0.015,0.015
01.04.2021 06:30:15.886 GMT-0700,123.662,123.618,0.0075,0.015
01.04.2021 06:30:16.133 GMT-0700,123.663,123.63700000000001,0.0075,0.0001
01.04.2021 06:30:16.295 GMT-0700,123.65299999999999,123.62700000000001,0.015,0.015
01.04.2021 06:30:16.345 GMT-0700,123.662,123.628,0.015,0.015
01.04.2021 06:30:16.458 GMT-0700,123.65299999999999,123.617,0.0075,0.015
01.04.2021 06:30:16.608 GMT-0700,123.613,123.587,0.015,0.015
01.04.2021 06:30:16.659 GMT-0700,123.633,123.59700000000001,0.015,0.015
01.04.2021 06:30:16.709 GMT-0700,123.633,123.60700000000001,0.0075,0.0012
01.04.2021 06:30:16.760 GMT-0700,123.65200000000002,123.598,0.015,0.015
01.04.2021 06:30:16.843 GMT-0700,123.64200000000001,123.598,0.0075,0.015
01.04.2021 06:30:16.994 GMT-0700,123.65200000000002,123.60799999999999,0.015,0.015
01.04.2021 06:30:17.125 GMT-0700,123.662,123.628,0.015,0.015
01.04.2021 06:30:17.245 GMT-0700,123.662,123.63799999999999,0.015,0.015
01.04.2021 06:30:17.361 GMT-0700,123.662,123.648,0.0075,0.0001
01.04.2021 06:30:17.412 GMT-0700,123.693,123.647,0.015,0.015
01.04.2021 06:30:17.462 GMT-0700,123.68299999999999,123.647,0.015,0.015
01.04.2021 06:30:17.512 GMT-0700,123.69200000000001,123.648,0.015,0.015
01.04.2021 06:30:17.563 GMT-0700,123.68299999999999,123.647,0.015,0.015
01.04.2021 06:30:17.613 GMT-0700,123.68299999999999,123.63700000000001,0.015,0.015
01.04.2021 06:30:17.663 GMT-0700,123.67200000000001,123.63799999999999,0.015,0.015
01.04.2021 06:30:17.788 GMT-0700,123.673,123.647,0.015,0.015
01.04.2021 06:30:17.838 GMT-0700,123.68200000000002,123.63799999999999,0.015,0.015
01.04.2021 06:30:18.077 GMT-0700,123.68299999999999,123.65700000000001,0.015,0.0012
01.04.2021 06:30:18.228 GMT-0700,123.69200000000001,123.63799999999999,0.015,0.015
01.04.2021 06:30:18.310 GMT-0700,123.693,123.65700000000001,0.0075,0.0001
01.04.2021 06:30:18.360 GMT-0700,123.70200000000001,123.63799999999999,0.015,0.015
01.04.2021 06:30:18.718 GMT-0700,123.69200000000001,123.63799999999999,0.0075,0.015
01.04.2021 06:30:18.819 GMT-0700,123.68299999999999,123.63700000000001,0.015,0.015
01.04.2021 06:30:19.112 GMT-0700,123.68200000000002,123.648,0.015,0.015
01.04.2021 06:30:19.265 GMT-0700,123.70200000000001,123.648,0.015,0.015
01.04.2021 06:30:19.419 GMT-0700,123.70200000000001,123.658,0.015,0.015
01.04.2021 06:30:19.520 GMT-0700,123.693,123.65700000000001,0.015,0.015
01.04.2021 06:30:19.876 GMT-0700,123.693,123.677,0.015,0.015
01.04.2021 06:30:19.926 GMT-0700,123.70299999999999,123.677,0.015,0.015
01.04.2021 06:30:20.586 GMT-0700,123.70299999999999,123.66700000000002,0.015,0.015
01.04.2021 06:30:20.636 GMT-0700,123.68200000000002,123.648,0.015,0.015
01.04.2021 06:30:20.686 GMT-0700,123.68299999999999,123.63700000000001,0.015,0.015
01.04.2021 06:30:20.737 GMT-0700,123.673,123.63700000000001,0.015,0.015
01.04.2021 06:30:20.787 GMT-0700,123.68200000000002,123.63799999999999,0.015,0.015
01.04.2021 06:30:20.837 GMT-0700,123.67200000000001,123.63799999999999,0.015,0.015
01.04.2021 06:30:20.888 GMT-0700,123.68299999999999,123.63700000000001,0.015,0.015
01.04.2021 06:30:21.025 GMT-0700,123.68299999999999,123.65700000000001,0.015,0.015
01.04.2021 06:30:21.075 GMT-0700,123.67200000000001,123.63799999999999,0.015,0.015
01.04.2021 06:30:21.126 GMT-0700,123.68200000000002,123.63799999999999,0.015,0.015
01.04.2021 06:30:21.480 GMT-0700,123.663,123.63700000000001,0.0075,0.0001
01.04.2021 06:30:21.530 GMT-0700,123.673,123.63700000000001,0.015,0.015
01.04.2021 06:30:21.857 GMT-0700,123.643,123.617,0.015,0.015
01.04.2021 06:30:21.907 GMT-0700,123.632,123.598,0.015,0.015
01.04.2021 06:30:22.236 GMT-0700,123.643,123.60700000000001,0.015,0.015
01.04.2021 06:30:22.286 GMT-0700,123.643,123.59700000000001,0.015,0.015
01.04.2021 06:30:22.437 GMT-0700,123.643,123.60700000000001,0.015,0.015
01.04.2021 06:30:22.566 GMT-0700,123.643,123.59700000000001,0.015,0.015
01.04.2021 06:30:22.641 GMT-0700,123.632,123.598,0.0075,0.015
01.04.2021 06:30:22.741 GMT-0700,123.643,123.59700000000001,0.015,0.015
01.04.2021 06:30:22.792 GMT-0700,123.633,123.59700000000001,0.015,0.015
01.04.2021 06:30:22.942 GMT-0700,123.643,123.59700000000001,0.015,0.015
01.04.2021 06:30:23.036 GMT-0700,123.62299999999999,123.59700000000001,0.0075,0.015
01.04.2021 06:30:23.086 GMT-0700,123.643,123.60700000000001,0.015,0.015
01.04.2021 06:30:23.276 GMT-0700,123.62200000000001,123.598,0.015,0.015
01.04.2021 06:30:23.645 GMT-0700,123.62200000000001,123.60799999999999,0.0075,0.0012
01.04.2021 06:30:23.695 GMT-0700,123.65200000000002,123.628,0.015,0.015
01.04.2021 06:30:23.796 GMT-0700,123.65299999999999,123.617,0.015,0.015
01.04.2021 06:30:23.846 GMT-0700,123.65299999999999,123.62700000000001,0.015,0.015
01.04.2021 06:30:23.947 GMT-0700,123.643,123.617,0.015,0.015
01.04.2021 06:30:24.076 GMT-0700,123.643,123.59700000000001,0.015,0.015
01.04.2021 06:30:24.365 GMT-0700,123.643,123.60700000000001,0.015,0.015
01.04.2021 06:30:24.466 GMT-0700,123.65200000000002,123.60799999999999,0.015,0.015
01.04.2021 06:30:24.516 GMT-0700,123.64200000000001,123.60799999999999,0.015,0.015
01.04.2021 06:30:24.647 GMT-0700,123.65299999999999,123.60700000000001,0.015,0.015
01.04.2021 06:30:24.698 GMT-0700,123.64200000000001,123.60799999999999,0.015,0.015
01.04.2021 06:30:24.748 GMT-0700,123.65299999999999,123.60700000000001,0.015,0.015
01.04.2021 06:30:24.799 GMT-0700,123.62200000000001,123.60799999999999,0.015,0.015
01.04.2021 06:30:25.048 GMT-0700,123.613,123.59700000000001,0.015,0.0001
01.04.2021 06:30:25.099 GMT-0700,123.62299999999999,123.59700000000001,0.015,0.015
01.04.2021 06:30:25.382 GMT-0700,123.613,123.57700000000001,0.015,0.015
01.04.2021 06:30:25.856 GMT-0700,123.61200000000001,123.588,0.015,0.015
01.04.2021 06:30:25.957 GMT-0700,123.62299999999999,123.60700000000001,0.015,0.015
01.04.2021 06:30:26.057 GMT-0700,123.603,123.57700000000001,0.015,0.015
01.04.2021 06:30:26.421 GMT-0700,123.61200000000001,123.57799999999999,0.015,0.015
01.04.2021 06:30:26.579 GMT-0700,123.613,123.587,0.015,0.0001
01.04.2021 06:30:26.681 GMT-0700,123.613,123.59700000000001,0.015,0.015
01.04.2021 06:30:26.731 GMT-0700,123.65200000000002,123.618,0.015,0.015
01.04.2021 06:30:26.882 GMT-0700,123.65299999999999,123.62700000000001,0.015,0.0001
01.04.2021 06:30:26.933 GMT-0700,123.65299999999999,123.617,0.015,0.015
01.04.2021 06:30:27.339 GMT-0700,123.64200000000001,123.618,0.015,0.015
01.04.2021 06:30:27.566 GMT-0700,123.643,123.60700000000001,0.015,0.015
01.04.2021 06:30:27.629 GMT-0700,123.632,123.60799999999999,0.0075,0.015
01.04.2021 06:30:27.850 GMT-0700,123.64200000000001,123.60799999999999,0.015,0.015
01.04.2021 06:30:27.900 GMT-0700,123.62299999999999,123.60700000000001,0.015,0.015
01.04.2021 06:30:27.950 GMT-0700,123.613,123.587,0.015,0.015
01.04.2021 06:30:28.836 GMT-0700,123.64200000000001,123.60799999999999,0.015,0.015
01.04.2021 06:30:29.080 GMT-0700,123.632,123.60799999999999,0.0075,0.015
01.04.2021 06:30:29.180 GMT-0700,123.64200000000001,123.60799999999999,0.015,0.015
01.04.2021 06:30:29.371 GMT-0700,123.632,123.60799999999999,0.0075,0.015
01.04.2021 06:30:29.422 GMT-0700,123.643,123.60700000000001,0.015,0.015
01.04.2021 06:30:29.523 GMT-0700,123.64200000000001,123.618,0.015,0.015
01.04.2021 06:30:29.882 GMT-0700,123.643,123.62700000000001,0.015,0.0001
01.04.2021 06:30:29.932 GMT-0700,123.663,123.647,0.015,0.015
01.04.2021 06:30:30.040 GMT-0700,123.70200000000001,123.658,0.015,0.015
01.04.2021 06:30:30.090 GMT-0700,123.68299999999999,123.65700000000001,0.015,0.015
01.04.2021 06:30:30.140 GMT-0700,123.68200000000002,123.648,0.015,0.015
01.04.2021 06:30:30.610 GMT-0700,123.673,123.63700000000001,0.015,0.015
01.04.2021 06:30:30.711 GMT-0700,123.662,123.63799999999999,0.015,0.015
01.04.2021 06:30:30.761 GMT-0700,123.68299999999999,123.647,0.015,0.015
01.04.2021 06:30:30.812 GMT-0700,123.67200000000001,123.648,0.015,0.015
01.04.2021 06:30:30.862 GMT-0700,123.68299999999999,123.647,0.015,0.015
01.04.2021 06:30:30.923 GMT-0700,123.69200000000001,123.648,0.015,0.015
01.04.2021 06:30:30.974 GMT-0700,123.68299999999999,123.65700000000001,0.015,0.015
01.04.2021 06:30:31.124 GMT-0700,123.673,123.647,0.015,0.015
01.04.2021 06:30:31.751 GMT-0700,123.65299999999999,123.647,0.0075,0.0001
01.04.2021 06:30:31.801 GMT-0700,123.65200000000002,123.63799999999999,0.015,0.015
01.04.2021 06:30:31.906 GMT-0700,123.65200000000002,123.628,0.015,0.015
01.04.2021 06:30:32.298 GMT-0700,123.643,123.62700000000001,0.015,0.015
01.04.2021 06:30:32.348 GMT-0700,123.643,123.60700000000001,0.015,0.015
01.04.2021 06:30:32.399 GMT-0700,123.65200000000002,123.618,0.015,0.015
01.04.2021 06:30:32.554 GMT-0700,123.633,123.60700000000001,0.015,0.015
01.04.2021 06:30:32.604 GMT-0700,123.65299999999999,123.617,0.015,0.015
01.04.2021 06:30:32.655 GMT-0700,123.64200000000001,123.618,0.015,0.015
01.04.2021 06:30:32.806 GMT-0700,123.65299999999999,123.617,0.015,0.015
01.04.2021 06:30:33.140 GMT-0700,123.65299999999999,123.62700000000001,0.015,0.0001
01.04.2021 06:30:33.422 GMT-0700,123.632,123.618,0.015,0.015
01.04.2021 06:30:33.939 GMT-0700,123.643,123.617,0.015,0.015
01.04.2021 06:30:34.535 GMT-0700,123.643,123.62700000000001,0.0075,0.0001
01.04.2021 06:30:34.687 GMT-0700,123.643,123.63700000000001,0.0075,0.0001
01.04.2021 06:30:34.738 GMT-0700,123.663,123.63700000000001,0.015,0.015
01.04.2021 06:30:34.788 GMT-0700,123.65200000000002,123.63799999999999,0.015,0.015
01.04.2021 06:30:34.897 GMT-0700,123.65299999999999,123.62700000000001,0.015,0.015
01.04.2021 06:30:34.947 GMT-0700,123.643,123.62700000000001,0.015,0.015
01.04.2021 06:30:35.055 GMT-0700,123.65299999999999,123.63700000000001,0.015,0.015
01.04.2021 06:30:35.106 GMT-0700,123.65200000000002,123.628,0.015,0.015
01.04.2021 06:30:35.547 GMT-0700,123.65200000000002,123.618,0.015,0.015
01.04.2021 06:30:35.597 GMT-0700,123.65200000000002,123.628,0.015,0.015
01.04.2021 06:30:35.979 GMT-0700,123.65200000000002,123.63799999999999,0.015,0.015
01.04.2021 06:30:36.129 GMT-0700,123.643,123.617,0.015,0.015
01.04.2021 06:30:36.374 GMT-0700,123.64200000000001,123.628,0.015,0.0001
01.04.2021 06:30:36.527 GMT-0700,123.632,123.618,0.015,0.015
01.04.2021 06:30:36.577 GMT-0700,123.643,123.617,0.015,0.015
01.04.2021 06:30:36.628 GMT-0700,123.633,123.60700000000001,0.015,0.015
01.04.2021 06:30:36.678 GMT-0700,123.603,123.55700000000002,0.015,0.015
01.04.2021 06:30:36.728 GMT-0700,123.59299999999999,123.55700000000002,0.015,0.015
01.04.2021 06:30:36.831 GMT-0700,123.59299999999999,123.54700000000001,0.015,0.015
01.04.2021 06:30:36.881 GMT-0700,123.573,123.54700000000001,0.0075,0.015
01.04.2021 06:30:37.032 GMT-0700,123.58200000000001,123.568,0.015,0.015
01.04.2021 06:30:37.132 GMT-0700,123.59200000000001,123.568,0.015,0.015
01.04.2021 06:30:37.564 GMT-0700,123.58200000000001,123.568,0.015,0.015
01.04.2021 06:30:37.732 GMT-0700,123.563,123.54700000000001,0.015,0.015
01.04.2021 06:30:38.025 GMT-0700,123.553,123.54700000000001,0.0075,0.0012
01.04.2021 06:30:38.075 GMT-0700,123.552,123.538,0.015,0.015
01.04.2021 06:30:38.196 GMT-0700,123.54200000000002,123.52799999999999,0.015,0.015
01.04.2021 06:30:38.297 GMT-0700,123.553,123.52700000000002,0.015,0.015
01.04.2021 06:30:38.347 GMT-0700,123.56200000000001,123.548,0.015,0.015
01.04.2021 06:30:38.398 GMT-0700,123.563,123.537,0.015,0.015
01.04.2021 06:30:38.757 GMT-0700,123.552,123.538,0.015,0.015
01.04.2021 06:30:38.808 GMT-0700,123.552,123.518,0.015,0.015
01.04.2021 06:30:38.967 GMT-0700,123.552,123.52799999999999,0.015,0.0001
01.04.2021 06:30:39.017 GMT-0700,123.552,123.518,0.015,0.015
01.04.2021 06:30:39.130 GMT-0700,123.552,123.52799999999999,0.015,0.0001
01.04.2021 06:30:39.231 GMT-0700,123.54200000000002,123.518,0.015,0.015
01.04.2021 06:30:39.281 GMT-0700,123.552,123.518,0.015,0.015
01.04.2021 06:30:39.332 GMT-0700,123.54200000000002,123.518,0.015,0.015
01.04.2021 06:30:39.432 GMT-0700,123.56200000000001,123.548,0.015,0.015
01.04.2021 06:30:39.563 GMT-0700,123.56200000000001,123.538,0.015,0.015
01.04.2021 06:30:40.063 GMT-0700,123.56200000000001,123.548,0.015,0.015
01.04.2021 06:30:40.294 GMT-0700,123.573,123.55700000000002,0.015,0.015
01.04.2021 06:30:40.569 GMT-0700,123.59299999999999,123.56700000000001,0.015,0.015
01.04.2021 06:30:40.619 GMT-0700,123.602,123.588,0.015,0.015
01.04.2021 06:30:41.063 GMT-0700,123.603,123.57700000000001,0.015,0.015
01.04.2021 06:30:41.243 GMT-0700,123.602,123.588,0.015,0.0012
01.04.2021 06:30:41.406 GMT-0700,123.61200000000001,123.598,0.015,0.015
01.04.2021 06:30:41.514 GMT-0700,123.602,123.588,0.015,0.015
01.04.2021 06:30:41.564 GMT-0700,123.613,123.587,0.015,0.015
01.04.2021 06:30:41.841 GMT-0700,123.603,123.587,0.015,0.015
01.04.2021 06:30:42.007 GMT-0700,123.59299999999999,123.57700000000001,0.0075,0.015
01.04.2021 06:30:42.058 GMT-0700,123.613,123.587,0.015,0.015
01.04.2021 06:30:42.108 GMT-0700,123.59200000000001,123.568,0.015,0.015
01.04.2021 06:30:42.536 GMT-0700,123.573,123.56700000000001,0.0075,0.0012
01.04.2021 06:30:42.586 GMT-0700,123.56200000000001,123.548,0.015,0.015
01.04.2021 06:30:42.636 GMT-0700,123.553,123.537,0.015,0.015
01.04.2021 06:30:42.737 GMT-0700,123.552,123.52799999999999,0.015,0.015
01.04.2021 06:30:42.841 GMT-0700,123.553,123.537,0.015,0.015
01.04.2021 06:30:43.710 GMT-0700,123.552,123.52799999999999,0.015,0.015
01.04.2021 06:30:44.077 GMT-0700,123.56200000000001,123.52799999999999,0.015,0.015
01.04.2021 06:30:44.128 GMT-0700,123.563,123.537,0.015,0.015
01.04.2021 06:30:44.264 GMT-0700,123.553,123.52700000000002,0.015,0.015
01.04.2021 06:30:44.314 GMT-0700,123.563,123.52700000000002,0.015,0.015
01.04.2021 06:30:44.769 GMT-0700,123.56200000000001,123.548,0.015,0.015
01.04.2021 06:30:44.820 GMT-0700,123.573,123.54700000000001,0.015,0.015
01.04.2021 06:30:44.870 GMT-0700,123.573,123.55700000000002,0.015,0.015
01.04.2021 06:30:45.026 GMT-0700,123.57200000000002,123.548,0.015,0.015
01.04.2021 06:30:45.493 GMT-0700,123.553,123.54700000000001,0.0075,0.0012
01.04.2021 06:30:45.544 GMT-0700,123.553,123.52700000000002,0.015,0.015
01.04.2021 06:30:45.893 GMT-0700,123.552,123.538,0.015,0.0001
01.04.2021 06:30:45.943 GMT-0700,123.573,123.54700000000001,0.015,0.015
01.04.2021 06:30:46.504 GMT-0700,123.58200000000001,123.548,0.015,0.015
01.04.2021 06:30:46.555 GMT-0700,123.583,123.55700000000002,0.015,0.015
01.04.2021 06:30:46.687 GMT-0700,123.57200000000002,123.55799999999999,0.015,0.015
01.04.2021 06:30:46.788 GMT-0700,123.56200000000001,123.548,0.015,0.015
01.04.2021 06:30:46.894 GMT-0700,123.57200000000002,123.55799999999999,0.015,0.015
01.04.2021 06:30:47.032 GMT-0700,123.57200000000002,123.548,0.015,0.015
01.04.2021 06:30:47.083 GMT-0700,123.553,123.537,0.015,0.015
01.04.2021 06:30:47.284 GMT-0700,123.54200000000002,123.52799999999999,0.015,0.015
01.04.2021 06:30:47.677 GMT-0700,123.54299999999999,123.51700000000001,0.015,0.015
01.04.2021 06:30:47.961 GMT-0700,123.563,123.537,0.015,0.015
01.04.2021 06:30:48.376 GMT-0700,123.58200000000001,123.548,0.015,0.015
01.04.2021 06:30:48.426 GMT-0700,123.58200000000001,123.568,0.015,0.015
01.04.2021 06:30:48.477 GMT-0700,123.613,123.587,0.015,0.015
01.04.2021 06:30:48.610 GMT-0700,123.603,123.587,0.0075,0.0001
01.04.2021 06:30:48.760 GMT-0700,123.61200000000001,123.598,0.015,0.015
01.04.2021 06:30:48.811 GMT-0700,123.613,123.587,0.015,0.015
01.04.2021 06:30:48.965 GMT-0700,123.643,123.617,0.015,0.015
01.04.2021 06:30:49.176 GMT-0700,123.65200000000002,123.63799999999999,0.0075,0.015
01.04.2021 06:30:49.226 GMT-0700,123.662,123.63799999999999,0.015,0.015
01.04.2021 06:30:49.277 GMT-0700,123.67200000000001,123.658,0.015,0.015
01.04.2021 06:30:49.658 GMT-0700,123.663,123.647,0.015,0.015
01.04.2021 06:30:49.759 GMT-0700,123.673,123.647,0.015,0.015
01.04.2021 06:30:49.985 GMT-0700,123.662,123.63799999999999,0.015,0.015
01.04.2021 06:30:50.035 GMT-0700,123.673,123.63700000000001,0.015,0.015
01.04.2021 06:30:50.086 GMT-0700,123.662,123.63799999999999,0.015,0.015
01.04.2021 06:30:50.265 GMT-0700,123.662,123.648,0.015,0.0012
01.04.2021 06:30:50.315 GMT-0700,123.663,123.63700000000001,0.015,0.015
01.04.2021 06:30:50.704 GMT-0700,123.65299999999999,123.617,0.015,0.015
01.04.2021 06:30:50.774 GMT-0700,123.64200000000001,123.618,0.0075,0.015
01.04.2021 06:30:50.824 GMT-0700,123.613,123.59700000000001,0.015,0.015
01.04.2021 06:30:50.875 GMT-0700,123.62299999999999,123.59700000000001,0.015,0.015
01.04.2021 06:30:51.635 GMT-0700,123.62200000000001,123.588,0.015,0.015
01.04.2021 06:30:51.686 GMT-0700,123.61200000000001,123.57799999999999,0.015,0.015
01.04.2021 06:30:51.837 GMT-0700,123.62200000000001,123.60799999999999,0.015,0.015
01.04.2021 06:30:51.968 GMT-0700,123.62299999999999,123.59700000000001,0.015,0.015
01.04.2021 06:30:52.119 GMT-0700,123.632,123.60799999999999,0.015,0.015
01.04.2021 06:30:52.220 GMT-0700,123.64200000000001,123.618,0.015,0.015
01.04.2021 06:30:52.270 GMT-0700,123.65299999999999,123.617,0.015,0.015
01.04.2021 06:30:52.320 GMT-0700,123.643,123.617,0.015,0.015
01.04.2021 06:30:52.437 GMT-0700,123.62200000000001,123.60799999999999,0.015,0.015
01.04.2021 06:30:52.586 GMT-0700,123.61200000000001,123.598,0.015,0.015
01.04.2021 06:30:52.637 GMT-0700,123.62299999999999,123.59700000000001,0.015,0.015
01.04.2021 06:30:52.959 GMT-0700,123.633,123.60700000000001,0.015,0.015
01.04.2021 06:30:53.059 GMT-0700,123.663,123.647,0.015,0.015
01.04.2021 06:30:53.110 GMT-0700,123.70299999999999,123.66700000000002,0.015,0.015
01.04.2021 06:30:53.210 GMT-0700,123.69200000000001,123.658,0.015,0.015
01.04.2021 06:30:53.261 GMT-0700,123.713,123.66700000000002,0.015,0.015
01.04.2021 06:30:53.487 GMT-0700,123.70200000000001,123.658,0.015,0.015
01.04.2021 06:30:53.537 GMT-0700,123.712,123.658,0.015,0.015
01.04.2021 06:30:53.638 GMT-0700,123.713,123.66700000000002,0.015,0.015
01.04.2021 06:30:53.750 GMT-0700,123.693,123.65700000000001,0.015,0.015
01.04.2021 06:30:53.871 GMT-0700,123.69200000000001,123.66799999999999,0.015,0.0012
01.04.2021 06:30:53.921 GMT-0700,123.693,123.65700000000001,0.015,0.015
01.04.2021 06:30:54.166 GMT-0700,123.69200000000001,123.66799999999999,0.015,0.015
01.04.2021 06:30:54.417 GMT-0700,123.69200000000001,123.658,0.015,0.015
01.04.2021 06:30:54.484 GMT-0700,123.693,123.66700000000002,0.015,0.0001
01.04.2021 06:30:54.534 GMT-0700,123.693,123.65700000000001,0.015,0.015
01.04.2021 06:30:54.635 GMT-0700,123.68299999999999,123.65700000000001,0.015,0.015
01.04.2021 06:30:54.736 GMT-0700,123.693,123.647,0.015,0.015
01.04.2021 06:30:54.786 GMT-0700,123.662,123.63799999999999,0.015,0.015
01.04.2021 06:30:54.836 GMT-0700,123.67200000000001,123.63799999999999,0.015,0.015
01.04.2021 06:30:55.017 GMT-0700,123.673,123.647,0.015,0.0001
01.04.2021 06:30:55.067 GMT-0700,123.70299999999999,123.647,0.015,0.015
01.04.2021 06:30:55.117 GMT-0700,123.663,123.63700000000001,0.015,0.015
01.04.2021 06:30:55.222 GMT-0700,123.69200000000001,123.648,0.015,0.015
01.04.2021 06:30:55.281 GMT-0700,123.69200000000001,123.658,0.015,0.0001
01.04.2021 06:30:55.331 GMT-0700,123.70200000000001,123.658,0.015,0.015
01.04.2021 06:30:55.432 GMT-0700,123.70299999999999,123.647,0.015,0.015
01.04.2021 06:30:55.532 GMT-0700,123.70299999999999,123.63700000000001,0.015,0.015
01.04.2021 06:30:55.633 GMT-0700,123.70299999999999,123.65700000000001,0.015,0.015
01.04.2021 06:30:55.991 GMT-0700,123.73200000000001,123.678,0.015,0.015
01.04.2021 06:30:56.042 GMT-0700,123.73299999999999,123.68700000000001,0.015,0.015
01.04.2021 06:30:56.192 GMT-0700,123.72200000000001,123.688,0.015,0.015
01.04.2021 06:30:56.343 GMT-0700,123.72200000000001,123.698,0.015,0.015
01.04.2021 06:30:56.449 GMT-0700,123.713,123.68700000000001,0.015,0.0001
01.04.2021 06:30:56.600 GMT-0700,123.73299999999999,123.70700000000001,0.015,0.015
01.04.2021 06:30:56.856 GMT-0700,123.742,123.728,0.015,0.015
01.04.2021 06:30:56.906 GMT-0700,123.742,123.708,0.015,0.015
01.04.2021 06:30:56.956 GMT-0700,123.73200000000001,123.708,0.015,0.015
01.04.2021 06:30:57.007 GMT-0700,123.743,123.70700000000001,0.015,0.015
01.04.2021 06:30:57.060 GMT-0700,123.742,123.728,0.0075,0.0001
01.04.2021 06:30:57.110 GMT-0700,123.773,123.74700000000001,0.015,0.015
01.04.2021 06:30:57.160 GMT-0700,123.753,123.73700000000001,0.015,0.015
01.04.2021 06:30:57.279 GMT-0700,123.772,123.74799999999999,0.015,0.015
01.04.2021 06:30:57.798 GMT-0700,123.783,123.76700000000001,0.015,0.015
01.04.2021 06:30:57.968 GMT-0700,123.79299999999999,123.76700000000001,0.015,0.015
01.04.2021 06:30:58.069 GMT-0700,123.783,123.76700000000001,0.015,0.015
01.04.2021 06:30:58.230 GMT-0700,123.79200000000002,123.768,0.015,0.015
01.04.2021 06:30:58.387 GMT-0700,123.803,123.757,0.015,0.015
01.04.2021 06:30:58.675 GMT-0700,123.803,123.76700000000001,0.015,0.015
01.04.2021 06:30:58.776 GMT-0700,123.802,123.758,0.015,0.015
01.04.2021 06:30:58.938 GMT-0700,123.803,123.76700000000001,0.015,0.0012
01.04.2021 06:30:58.988 GMT-0700,123.803,123.757,0.015,0.015
01.04.2021 06:30:59.089 GMT-0700,123.803,123.76700000000001,0.015,0.015
01.04.2021 06:30:59.139 GMT-0700,123.802,123.758,0.015,0.015
01.04.2021 06:30:59.298 GMT-0700,123.76299999999999,123.73700000000001,0.015,0.015
01.04.2021 06:30:59.561 GMT-0700,123.773,123.757,0.015,0.015
01.04.2021 06:30:59.662 GMT-0700,123.79200000000002,123.768,0.015,0.015
01.04.2021 06:30:59.712 GMT-0700,123.783,123.757,0.015,0.015
01.04.2021 06:30:59.963 GMT-0700,123.783,123.76700000000001,0.0075,0.0001
01.04.2021 06:31:00.014 GMT-0700,123.802,123.768,0.015,0.015
01.04.2021 06:31:00.164 GMT-0700,123.79200000000002,123.768,0.015,0.015
01.04.2021 06:31:00.410 GMT-0700,123.772,123.758,0.015,0.015
01.04.2021 06:31:00.460 GMT-0700,123.76299999999999,123.73700000000001,0.015,0.015
01.04.2021 06:31:00.511 GMT-0700,123.773,123.74700000000001,0.015,0.015
01.04.2021 06:31:00.585 GMT-0700,123.773,123.73700000000001,0.015,0.015
01.04.2021 06:31:00.635 GMT-0700,123.783,123.757,0.015,0.015
01.04.2021 06:31:00.685 GMT-0700,123.78200000000001,123.74799999999999,0.015,0.015
01.04.2021 06:31:00.736 GMT-0700,123.79200000000002,123.74799999999999,0.015,0.015
01.04.2021 06:31:00.786 GMT-0700,123.79200000000002,123.758,0.015,0.015
01.04.2021 06:31:01.557 GMT-0700,123.79299999999999,123.77700000000002,0.015,0.015
01.04.2021 06:31:01.767 GMT-0700,123.783,123.757,0.015,0.015
01.04.2021 06:31:01.818 GMT-0700,123.79299999999999,123.757,0.015,0.015
01.04.2021 06:31:01.869 GMT-0700,123.79299999999999,123.74700000000001,0.015,0.015
01.04.2021 06:31:01.919 GMT-0700,123.79200000000002,123.758,0.015,0.015
01.04.2021 06:31:02.070 GMT-0700,123.753,123.727,0.015,0.015
01.04.2021 06:31:02.120 GMT-0700,123.76200000000001,123.728,0.015,0.015
01.04.2021 06:31:02.220 GMT-0700,123.723,123.69700000000002,0.015,0.015
01.04.2021 06:31:02.321 GMT-0700,123.73299999999999,123.69700000000002,0.015,0.015
01.04.2021 06:31:02.548 GMT-0700,123.70299999999999,123.677,0.015,0.015
01.04.2021 06:31:02.599 GMT-0700,123.72200000000001,123.688,0.015,0.015
01.04.2021 06:31:02.649 GMT-0700,123.72200000000001,123.708,0.015,0.015
01.04.2021 06:31:02.699 GMT-0700,123.73200000000001,123.708,0.015,0.015
01.04.2021 06:31:02.750 GMT-0700,123.72200000000001,123.688,0.015,0.015
01.04.2021 06:31:02.800 GMT-0700,123.73200000000001,123.698,0.015,0.015
01.04.2021 06:31:02.901 GMT-0700,123.76299999999999,123.71700000000001,0.015,0.015
01.04.2021 06:31:02.975 GMT-0700,123.753,123.71700000000001,0.0075,0.015
01.04.2021 06:31:03.125 GMT-0700,123.783,123.757,0.015,0.015
01.04.2021 06:31:03.985 GMT-0700,123.79299999999999,123.76700000000001,0.015,0.015
01.04.2021 06:31:04.036 GMT-0700,123.802,123.768,0.015,0.015
01.04.2021 06:31:04.199 GMT-0700,123.783,123.757,0.015,0.015
01.04.2021 06:31:04.380 GMT-0700,123.79299999999999,123.76700000000001,0.015,0.015
01.04.2021 06:31:04.431 GMT-0700,123.803,123.76700000000001,0.015,0.015
01.04.2021 06:31:04.531 GMT-0700,123.79200000000002,123.768,0.015,0.015
01.04.2021 06:31:04.679 GMT-0700,123.802,123.768,0.015,0.015
01.04.2021 06:31:04.945 GMT-0700,123.803,123.77700000000002,0.015,0.0001
01.04.2021 06:31:04.995 GMT-0700,123.802,123.768,0.015,0.015
01.04.2021 06:31:05.056 GMT-0700,123.802,123.788,0.0075,0.0012
01.04.2021 06:31:05.106 GMT-0700,123.83200000000001,123.77799999999999,0.015,0.015
01.04.2021 06:31:05.415 GMT-0700,123.813,123.77700000000002,0.0075,0.015
01.04.2021 06:31:05.466 GMT-0700,123.833,123.77700000000002,0.015,0.015
01.04.2021 06:31:05.516 GMT-0700,123.813,123.77700000000002,0.015,0.015
01.04.2021 06:31:05.757 GMT-0700,123.833,123.77700000000002,0.015,0.015
01.04.2021 06:31:05.887 GMT-0700,123.83200000000001,123.788,0.015,0.015
01.04.2021 06:31:06.171 GMT-0700,123.823,123.80700000000002,0.015,0.015
01.04.2021 06:31:06.221 GMT-0700,123.82200000000002,123.788,0.015,0.015
01.04.2021 06:31:06.361 GMT-0700,123.82200000000002,123.77799999999999,0.015,0.015
01.04.2021 06:31:06.411 GMT-0700,123.823,123.787,0.015,0.015
01.04.2021 06:31:06.655 GMT-0700,123.83200000000001,123.798,0.015,0.015
01.04.2021 06:31:06.790 GMT-0700,123.823,123.787,0.015,0.015
01.04.2021 06:31:06.941 GMT-0700,123.813,123.77700000000002,0.015,0.015
01.04.2021 06:31:07.091 GMT-0700,123.81200000000001,123.788,0.015,0.015
01.04.2021 06:31:07.142 GMT-0700,123.813,123.77700000000002,0.015,0.015
01.04.2021 06:31:07.245 GMT-0700,123.81200000000001,123.788,0.015,0.0001
01.04.2021 06:31:07.584 GMT-0700,123.823,123.787,0.015,0.015
01.04.2021 06:31:07.670 GMT-0700,123.813,123.787,0.015,0.015
01.04.2021 06:31:08.237 GMT-0700,123.802,123.788,0.0075,0.015
01.04.2021 06:31:08.765 GMT-0700,123.81200000000001,123.788,0.015,0.015
01.04.2021 06:31:08.942 GMT-0700,123.802,123.788,0.015,0.015
01.04.2021 06:31:09.100 GMT-0700,123.81200000000001,123.798,0.015,0.015
01.04.2021 06:31:09.810 GMT-0700,123.82200000000002,123.798,0.015,0.015
01.04.2021 06:31:09.860 GMT-0700,123.823,123.80700000000002,0.015,0.015
01.04.2021 06:31:10.140 GMT-0700,123.823,123.79700000000001,0.015,0.015
01.04.2021 06:31:10.901 GMT-0700,123.84299999999999,123.79700000000001,0.015,0.015
01.04.2021 06:31:11.012 GMT-0700,123.82200000000002,123.798,0.0075,0.015
01.04.2021 06:31:11.062 GMT-0700,123.84299999999999,123.79700000000001,0.015,0.015
01.04.2021 06:31:11.626 GMT-0700,123.84299999999999,123.80700000000002,0.015,0.0001
01.04.2021 06:31:12.013 GMT-0700,123.86200000000001,123.80799999999999,0.015,0.015
01.04.2021 06:31:12.064 GMT-0700,123.852,123.80799999999999,0.0075,0.015
01.04.2021 06:31:12.400 GMT-0700,123.83200000000001,123.80799999999999,0.015,0.015
01.04.2021 06:31:12.619 GMT-0700,123.833,123.81700000000001,0.015,0.0001
01.04.2021 06:31:12.669 GMT-0700,123.84200000000001,123.818,0.015,0.015
01.04.2021 06:31:12.720 GMT-0700,123.83200000000001,123.818,0.015,0.015
01.04.2021 06:31:13.669 GMT-0700,123.86200000000001,123.818,0.015,0.015
01.04.2021 06:31:13.719 GMT-0700,123.84299999999999,123.81700000000001,0.015,0.015
01.04.2021 06:31:13.870 GMT-0700,123.833,123.81700000000001,0.015,0.015
01.04.2021 06:31:13.920 GMT-0700,123.84299999999999,123.80700000000002,0.015,0.015
01.04.2021 06:31:13.971 GMT-0700,123.84200000000001,123.818,0.015,0.015
01.04.2021 06:31:14.279 GMT-0700,123.84299999999999,123.82700000000001,0.015,0.015
01.04.2021 06:31:14.329 GMT-0700,123.83200000000001,123.80799999999999,0.015,0.015
01.04.2021 06:31:14.430 GMT-0700,123.83200000000001,123.798,0.015,0.015
01.04.2021 06:31:14.648 GMT-0700,123.82200000000002,123.798,0.0075,0.015
01.04.2021 06:31:14.698 GMT-0700,123.83200000000001,123.798,0.015,0.015
01.04.2021 06:31:15.117 GMT-0700,123.82200000000002,123.798,0.015,0.015
01.04.2021 06:31:15.232 GMT-0700,123.83200000000001,123.818,0.015,0.015
01.04.2021 06:31:15.333 GMT-0700,123.87299999999999,123.82700000000001,0.015,0.015
01.04.2021 06:31:15.383 GMT-0700,123.853,123.82700000000001,0.015,0.015
01.04.2021 06:31:15.668 GMT-0700,123.83200000000001,123.80799999999999,0.015,0.015
01.04.2021 06:31:15.769 GMT-0700,123.82200000000002,123.798,0.015,0.015
01.04.2021 06:31:15.870 GMT-0700,123.813,123.787,0.015,0.015
01.04.2021 06:31:16.021 GMT-0700,123.802,123.788,0.015,0.015
01.04.2021 06:31:16.071 GMT-0700,123.81200000000001,123.788,0.015,0.015
01.04.2021 06:31:16.251 GMT-0700,123.823,123.787,0.015,0.015
01.04.2021 06:31:16.302 GMT-0700,123.833,123.79700000000001,0.015,0.015
01.04.2021 06:31:16.819 GMT-0700,123.82200000000002,123.788,0.015,0.015
01.04.2021 06:31:16.932 GMT-0700,123.813,123.79700000000001,0.0075,0.0001
01.04.2021 06:31:16.983 GMT-0700,123.83200000000001,123.798,0.015,0.015
01.04.2021 06:31:17.083 GMT-0700,123.823,123.79700000000001,0.015,0.015
01.04.2021 06:31:17.215 GMT-0700,123.82200000000002,123.80799999999999,0.015,0.0001
01.04.2021 06:31:17.315 GMT-0700,123.833,123.80700000000002,0.015,0.015
01.04.2021 06:31:17.691 GMT-0700,123.823,123.787,0.015,0.015
01.04.2021 06:31:18.333 GMT-0700,123.823,123.79700000000001,0.015,0.0001
01.04.2021 06:31:18.558 GMT-0700,123.823,123.80700000000002,0.015,0.015
01.04.2021 06:31:18.609 GMT-0700,123.833,123.80700000000002,0.015,0.015
01.04.2021 06:31:18.659 GMT-0700,123.813,123.787,0.015,0.015
01.04.2021 06:31:18.867 GMT-0700,123.783,123.757,0.0075,0.015
01.04.2021 06:31:18.917 GMT-0700,123.79200000000002,123.758,0.015,0.015
01.04.2021 06:31:18.968 GMT-0700,123.783,123.74700000000001,0.015,0.015
01.04.2021 06:31:19.018 GMT-0700,123.79299999999999,123.74700000000001,0.015,0.015
01.04.2021 06:31:19.117 GMT-0700,123.79200000000002,123.758,0.015,0.0001
01.04.2021 06:31:19.228 GMT-0700,123.79200000000002,123.768,0.015,0.015
01.04.2021 06:31:19.329 GMT-0700,123.802,123.77799999999999,0.015,0.015
01.04.2021 06:31:19.434 GMT-0700,123.79200000000002,123.768,0.015,0.015
01.04.2021 06:31:19.585 GMT-0700,123.79200000000002,123.77799999999999,0.015,0.015
01.04.2021 06:31:19.764 GMT-0700,123.81200000000001,123.788,0.015,0.015
01.04.2021 06:31:19.956 GMT-0700,123.823,123.787,0.015,0.015
01.04.2021 06:31:20.007 GMT-0700,123.802,123.77799999999999,0.015,0.015
01.04.2021 06:31:20.057 GMT-0700,123.81200000000001,123.77799999999999,0.015,0.015
01.04.2021 06:31:20.199 GMT-0700,123.802,123.77799999999999,0.0075,0.015
01.04.2021 06:31:20.250 GMT-0700,123.813,123.77700000000002,0.015,0.015
01.04.2021 06:31:20.590 GMT-0700,123.823,123.80700000000002,0.015,0.015
01.04.2021 06:31:21.034 GMT-0700,123.813,123.77700000000002,0.015,0.015
01.04.2021 06:31:21.084 GMT-0700,123.81200000000001,123.788,0.015,0.015
01.04.2021 06:31:21.134 GMT-0700,123.813,123.77700000000002,0.015,0.015
01.04.2021 06:31:21.196 GMT-0700,123.81200000000001,123.788,0.015,0.0001
01.04.2021 06:31:21.247 GMT-0700,123.813,123.77700000000002,0.015,0.015
01.04.2021 06:31:21.364 GMT-0700,123.81200000000001,123.788,0.015,0.015
01.04.2021 06:31:21.473 GMT-0700,123.803,123.77700000000002,0.015,0.015
01.04.2021 06:31:21.726 GMT-0700,123.802,123.788,0.015,0.0001
01.04.2021 06:31:22.024 GMT-0700,123.82200000000002,123.798,0.015,0.015
01.04.2021 06:31:22.145 GMT-0700,123.83200000000001,123.798,0.015,0.015
01.04.2021 06:31:22.217 GMT-0700,123.82200000000002,123.798,0.0075,0.015
01.04.2021 06:31:22.816 GMT-0700,123.803,123.798,0.0075,0.0001
01.04.2021 06:31:22.866 GMT-0700,123.802,123.788,0.015,0.015
01.04.2021 06:31:22.932 GMT-0700,123.79200000000002,123.77799999999999,0.015,0.015
01.04.2021 06:31:22.983 GMT-0700,123.79200000000002,123.758,0.015,0.015
01.04.2021 06:31:23.033 GMT-0700,123.79200000000002,123.768,0.015,0.015
01.04.2021 06:31:23.083 GMT-0700,123.79299999999999,123.757,0.015,0.015
01.04.2021 06:31:23.255 GMT-0700,123.783,123.74700000000001,0.015,0.015
01.04.2021 06:31:23.822 GMT-0700,123.76299999999999,123.727,0.015,0.015
01.04.2021 06:31:23.872 GMT-0700,123.76200000000001,123.71799999999999,0.015,0.015
01.04.2021 06:31:24.159 GMT-0700,123.76299999999999,123.73700000000001,0.015,0.0001
01.04.2021 06:31:24.210 GMT-0700,123.753,123.71700000000001,0.015,0.015
01.04.2021 06:31:24.363 GMT-0700,123.743,123.71700000000001,0.015,0.015
01.04.2021 06:31:24.995 GMT-0700,123.742,123.708,0.015,0.015
01.04.2021 06:31:25.045 GMT-0700,123.73299999999999,123.69700000000002,0.015,0.015
01.04.2021 06:31:25.169 GMT-0700,123.73200000000001,123.71799999999999,0.015,0.015
01.04.2021 06:31:25.325 GMT-0700,123.753,123.727,0.015,0.015
01.04.2021 06:31:25.375 GMT-0700,123.742,123.71799999999999,0.015,0.015
01.04.2021 06:31:25.425 GMT-0700,123.743,123.70700000000001,0.015,0.015
01.04.2021 06:31:25.476 GMT-0700,123.742,123.71799999999999,0.015,0.015
01.04.2021 06:31:25.576 GMT-0700,123.742,123.708,0.015,0.015
01.04.2021 06:31:25.677 GMT-0700,123.743,123.71700000000001,0.015,0.015
01.04.2021 06:31:25.927 GMT-0700,123.742,123.708,0.015,0.015
01.04.2021 06:31:26.103 GMT-0700,123.73200000000001,123.698,0.015,0.015
01.04.2021 06:31:26.259 GMT-0700,123.72200000000001,123.688,0.015,0.015
01.04.2021 06:31:26.359 GMT-0700,123.673,123.65700000000001,0.015,0.015
01.04.2021 06:31:26.409 GMT-0700,123.69200000000001,123.66799999999999,0.015,0.015
01.04.2021 06:31:26.641 GMT-0700,123.68200000000002,123.648,0.015,0.015
01.04.2021 06:31:27.636 GMT-0700,123.693,123.66700000000002,0.015,0.015
01.04.2021 06:31:27.746 GMT-0700,123.69200000000001,123.658,0.015,0.015
01.04.2021 06:31:27.994 GMT-0700,123.68299999999999,123.65700000000001,0.0075,0.0012
01.04.2021 06:31:28.044 GMT-0700,123.673,123.63700000000001,0.015,0.015
01.04.2021 06:31:28.095 GMT-0700,123.69200000000001,123.63799999999999,0.015,0.015
01.04.2021 06:31:28.179 GMT-0700,123.67200000000001,123.63799999999999,0.015,0.015
01.04.2021 06:31:28.230 GMT-0700,123.69200000000001,123.63799999999999,0.015,0.015
01.04.2021 06:31:28.417 GMT-0700,123.69200000000001,123.648,0.015,0.0012
01.04.2021 06:31:28.576 GMT-0700,123.68200000000002,123.648,0.015,0.015
01.04.2021 06:31:28.717 GMT-0700,123.68299999999999,123.65700000000001,0.015,0.0001
01.04.2021 06:31:28.767 GMT-0700,123.693,123.65700000000001,0.015,0.015
01.04.2021 06:31:28.818 GMT-0700,123.693,123.66700000000002,0.015,0.015
01.04.2021 06:31:29.128 GMT-0700,123.712,123.678,0.015,0.015
01.04.2021 06:31:29.282 GMT-0700,123.723,123.677,0.015,0.015
01.04.2021 06:31:29.333 GMT-0700,123.70299999999999,123.65700000000001,0.015,0.015
01.04.2021 06:31:29.433 GMT-0700,123.723,123.65700000000001,0.015,0.015
01.04.2021 06:31:29.484 GMT-0700,123.70200000000001,123.658,0.015,0.015
01.04.2021 06:31:29.769 GMT-0700,123.723,123.65700000000001,0.015,0.015
01.04.2021 06:31:29.819 GMT-0700,123.70299999999999,123.65700000000001,0.015,0.015
01.04.2021 06:31:29.919 GMT-0700,123.72200000000001,123.66799999999999,0.015,0.015
01.04.2021 06:31:30.032 GMT-0700,123.72200000000001,123.658,0.015,0.015
01.04.2021 06:31:30.082 GMT-0700,123.693,123.65700000000001,0.015,0.015
01.04.2021 06:31:30.133 GMT-0700,123.72200000000001,123.658,0.015,0.015
01.04.2021 06:31:30.183 GMT-0700,123.723,123.66700000000002,0.015,0.015
01.04.2021 06:31:30.333 GMT-0700,123.713,123.68700000000001,0.015,0.015
01.04.2021 06:31:30.528 GMT-0700,123.713,123.677,0.015,0.015
01.04.2021 06:31:30.578 GMT-0700,123.70299999999999,123.66700000000002,0.015,0.015
01.04.2021 06:31:30.641 GMT-0700,123.712,123.66799999999999,0.015,0.015
01.04.2021 06:31:30.691 GMT-0700,123.68200000000002,123.658,0.015,0.015
01.04.2021 06:31:30.808 GMT-0700,123.68299999999999,123.63700000000001,0.015,0.015
01.04.2021 06:31:32.085 GMT-0700,123.68299999999999,123.65700000000001,0.015,0.015
01.04.2021 06:31:32.943 GMT-0700,123.67200000000001,123.628,0.015,0.015
01.04.2021 06:31:32.993 GMT-0700,123.673,123.63700000000001,0.015,0.015
01.04.2021 06:31:33.097 GMT-0700,123.68299999999999,123.65700000000001,0.015,0.015
01.04.2021 06:31:33.367 GMT-0700,123.713,123.66700000000002,0.015,0.015
01.04.2021 06:31:33.417 GMT-0700,123.712,123.678,0.015,0.015
01.04.2021 06:31:33.518 GMT-0700,123.70299999999999,123.66700000000002,0.015,0.015
01.04.2021 06:31:34.239 GMT-0700,123.693,123.66700000000002,0.015,0.015
01.04.2021 06:31:34.644 GMT-0700,123.68200000000002,123.63799999999999,0.015,0.015
01.04.2021 06:31:34.694 GMT-0700,123.67200000000001,123.63799999999999,0.015,0.015
01.04.2021 06:31:34.744 GMT-0700,123.673,123.62700000000001,0.015,0.015
01.04.2021 06:31:34.795 GMT-0700,123.693,123.62700000000001,0.015,0.015
01.04.2021 06:31:34.845 GMT-0700,123.673,123.62700000000001,0.015,0.015
01.04.2021 06:31:34.946 GMT-0700,123.662,123.618,0.015,0.015
01.04.2021 06:31:34.996 GMT-0700,123.67200000000001,123.618,0.015,0.015
01.04.2021 06:31:35.047 GMT-0700,123.673,123.63700000000001,0.015,0.015
01.04.2021 06:31:35.155 GMT-0700,123.662,123.63799999999999,0.015,0.015
01.04.2021 06:31:35.361 GMT-0700,123.70299999999999,123.647,0.015,0.015
01.04.2021 06:31:35.472 GMT-0700,123.673,123.647,0.0075,0.015
01.04.2021 06:31:35.847 GMT-0700,123.70299999999999,123.647,0.015,0.015
01.04.2021 06:31:35.897 GMT-0700,123.673,123.647,0.015,0.015
01.04.2021 06:31:35.948 GMT-0700,123.70299999999999,123.647,0.015,0.015
01.04.2021 06:31:36.297 GMT-0700,123.70299999999999,123.65700000000001,0.015,0.0001
01.04.2021 06:31:36.347 GMT-0700,123.712,123.658,0.015,0.015
01.04.2021 06:31:36.416 GMT-0700,123.70200000000001,123.658,0.0075,0.015
01.04.2021 06:31:36.466 GMT-0700,123.70200000000001,123.648,0.015,0.015
01.04.2021 06:31:36.612 GMT-0700,123.68299999999999,123.647,0.0075,0.015
01.04.2021 06:31:36.662 GMT-0700,123.70200000000001,123.648,0.015,0.015
01.04.2021 06:31:36.952 GMT-0700,123.67200000000001,123.648,0.015,0.015
01.04.2021 06:31:37.053 GMT-0700,123.673,123.63700000000001,0.015,0.015
01.04.2021 06:31:37.212 GMT-0700,123.663,123.63700000000001,0.0075,0.015
01.04.2021 06:31:37.388 GMT-0700,123.65200000000002,123.63799999999999,0.0075,0.015
01.04.2021 06:31:37.438 GMT-0700,123.64200000000001,123.60799999999999,0.015,0.015
01.04.2021 06:31:37.539 GMT-0700,123.65299999999999,123.60700000000001,0.015,0.015
01.04.2021 06:31:37.632 GMT-0700,123.643,123.60700000000001,0.0075,0.015
01.04.2021 06:31:38.216 GMT-0700,123.632,123.60799999999999,0.0075,0.015
01.04.2021 06:31:38.317 GMT-0700,123.61200000000001,123.588,0.015,0.015
01.04.2021 06:31:38.530 GMT-0700,123.613,123.59700000000001,0.015,0.015
01.04.2021 06:31:38.632 GMT-0700,123.62200000000001,123.598,0.015,0.015
01.04.2021 06:31:38.740 GMT-0700,123.603,123.57700000000001,0.015,0.015
01.04.2021 06:31:38.790 GMT-0700,123.61200000000001,123.57799999999999,0.015,0.015
01.04.2021 06:31:38.841 GMT-0700,123.603,123.57700000000001,0.015,0.015
01.04.2021 06:31:38.891 GMT-0700,123.61200000000001,123.568,0.015,0.015
01.04.2021 06:31:38.952 GMT-0700,123.61200000000001,123.57799999999999,0.015,0.0012
01.04.2021 06:31:39.053 GMT-0700,123.602,123.568,0.015,0.015
01.04.2021 06:31:39.203 GMT-0700,123.59200000000001,123.55799999999999,0.015,0.015
01.04.2021 06:31:39.671 GMT-0700,123.58200000000001,123.55799999999999,0.015,0.015
01.04.2021 06:31:39.821 GMT-0700,123.613,123.56700000000001,0.015,0.015
01.04.2021 06:31:39.872 GMT-0700,123.59299999999999,123.55700000000002,0.0075,0.015
01.04.2021 06:31:39.922 GMT-0700,123.61200000000001,123.55799999999999,0.015,0.015
01.04.2021 06:31:40.268 GMT-0700,123.613,123.54700000000001,0.015,0.015
01.04.2021 06:31:40.318 GMT-0700,123.61200000000001,123.55799999999999,0.015,0.015
01.04.2021 06:31:40.373 GMT-0700,123.613,123.54700000000001,0.015,0.015
01.04.2021 06:31:40.423 GMT-0700,123.613,123.55700000000002,0.015,0.015
01.04.2021 06:31:40.536 GMT-0700,123.602,123.55799999999999,0.0075,0.015
01.04.2021 06:31:40.637 GMT-0700,123.59200000000001,123.55799999999999,0.015,0.015
01.04.2021 06:31:40.687 GMT-0700,123.602,123.55799999999999,0.015,0.015
01.04.2021 06:31:40.737 GMT-0700,123.613,123.587,0.015,0.015
01.04.2021 06:31:40.948 GMT-0700,123.62299999999999,123.587,0.015,0.015
01.04.2021 06:31:41.360 GMT-0700,123.62200000000001,123.598,0.015,0.015
01.04.2021 06:31:41.410 GMT-0700,123.643,123.60700000000001,0.015,0.015
01.04.2021 06:31:41.511 GMT-0700,123.613,123.587,0.015,0.015
01.04.2021 06:31:41.561 GMT-0700,123.64200000000001,123.588,0.015,0.015
01.04.2021 06:31:41.628 GMT-0700,123.62299999999999,123.587,0.0075,0.015
01.04.2021 06:31:41.678 GMT-0700,123.62200000000001,123.568,0.015,0.015
01.04.2021 06:31:41.779 GMT-0700,123.603,123.56700000000001,0.015,0.015
01.04.2021 06:31:41.829 GMT-0700,123.602,123.55799999999999,0.015,0.015
01.04.2021 06:31:41.980 GMT-0700,123.59200000000001,123.55799999999999,0.015,0.015
01.04.2021 06:31:42.040 GMT-0700,123.602,123.55799999999999,0.015,0.015
01.04.2021 06:31:42.090 GMT-0700,123.59299999999999,123.55700000000002,0.015,0.015
01.04.2021 06:31:42.140 GMT-0700,123.602,123.55799999999999,0.015,0.015
01.04.2021 06:31:42.271 GMT-0700,123.59200000000001,123.55799999999999,0.015,0.015
01.04.2021 06:31:42.420 GMT-0700,123.59200000000001,123.548,0.015,0.015
01.04.2021 06:31:42.571 GMT-0700,123.563,123.52700000000002,0.015,0.015
01.04.2021 06:31:42.672 GMT-0700,123.58200000000001,123.538,0.015,0.015
01.04.2021 06:31:42.962 GMT-0700,123.58200000000001,123.548,0.015,0.0001
01.04.2021 06:31:43.063 GMT-0700,123.58200000000001,123.538,0.015,0.015
01.04.2021 06:31:43.113 GMT-0700,123.583,123.54700000000001,0.015,0.015
01.04.2021 06:31:43.264 GMT-0700,123.57200000000002,123.548,0.015,0.015
01.04.2021 06:31:43.381 GMT-0700,123.573,123.537,0.015,0.015
01.04.2021 06:31:43.673 GMT-0700,123.57200000000002,123.548,0.015,0.015
01.04.2021 06:31:43.824 GMT-0700,123.57200000000002,123.538,0.015,0.015
01.04.2021 06:31:44.141 GMT-0700,123.56200000000001,123.52799999999999,0.015,0.015
01.04.2021 06:31:44.292 GMT-0700,123.54200000000002,123.518,0.015,0.015
01.04.2021 06:31:44.840 GMT-0700,123.523,123.507,0.015,0.015
01.04.2021 06:31:44.890 GMT-0700,123.492,123.46799999999999,0.015,0.015
01.04.2021 06:31:44.941 GMT-0700,123.50200000000001,123.46799999999999,0.015,0.015
01.04.2021 06:31:44.991 GMT-0700,123.492,123.46799999999999,0.015,0.015
01.04.2021 06:31:45.109 GMT-0700,123.493,123.477,0.015,0.015
01.04.2021 06:31:45.210 GMT-0700,123.50200000000001,123.478,0.015,0.015
01.04.2021 06:31:45.260 GMT-0700,123.492,123.46799999999999,0.015,0.015
01.04.2021 06:31:45.311 GMT-0700,123.503,123.46700000000001,0.015,0.015
01.04.2021 06:31:45.413 GMT-0700,123.51200000000001,123.478,0.015,0.015
01.04.2021 06:31:45.518 GMT-0700,123.51200000000001,123.46799999999999,0.015,0.015
01.04.2021 06:31:45.569 GMT-0700,123.503,123.46700000000001,0.015,0.015
01.04.2021 06:31:45.770 GMT-0700,123.492,123.46799999999999,0.015,0.015
01.04.2021 06:31:45.820 GMT-0700,123.503,123.46700000000001,0.015,0.015
01.04.2021 06:31:45.979 GMT-0700,123.492,123.46799999999999,0.0075,0.015
01.04.2021 06:31:46.260 GMT-0700,123.51299999999999,123.477,0.015,0.015
01.04.2021 06:31:46.310 GMT-0700,123.522,123.488,0.015,0.015
01.04.2021 06:31:46.411 GMT-0700,123.523,123.49700000000001,0.015,0.015
01.04.2021 06:31:46.461 GMT-0700,123.533,123.49700000000001,0.015,0.015
01.04.2021 06:31:46.511 GMT-0700,123.53200000000001,123.508,0.015,0.015
01.04.2021 06:31:46.612 GMT-0700,123.533,123.49700000000001,0.015,0.015
01.04.2021 06:31:46.663 GMT-0700,123.53200000000001,123.508,0.015,0.015
01.04.2021 06:31:46.713 GMT-0700,123.533,123.49700000000001,0.015,0.015
01.04.2021 06:31:46.914 GMT-0700,123.533,123.507,0.015,0.015
01.04.2021 06:31:47.112 GMT-0700,123.553,123.51700000000001,0.015,0.015
01.04.2021 06:31:47.163 GMT-0700,123.563,123.537,0.015,0.015
01.04.2021 06:31:47.772 GMT-0700,123.553,123.507,0.015,0.015
01.04.2021 06:31:47.823 GMT-0700,123.56200000000001,123.508,0.015,0.015
01.04.2021 06:31:48.069 GMT-0700,123.54200000000002,123.508,0.015,0.015
01.04.2021 06:31:48.120 GMT-0700,123.563,123.507,0.015,0.015
01.04.2021 06:31:48.196 GMT-0700,123.523,123.507,0.0075,0.0012
01.04.2021 06:31:48.247 GMT-0700,123.533,123.49700000000001,0.015,0.015
01.04.2021 06:31:48.297 GMT-0700,123.522,123.49799999999999,0.015,0.015
01.04.2021 06:31:48.673 GMT-0700,123.523,123.477,0.015,0.015
01.04.2021 06:31:48.724 GMT-0700,123.51200000000001,123.488,0.015,0.015
01.04.2021 06:31:48.851 GMT-0700,123.51200000000001,123.49799999999999,0.015,0.0012
01.04.2021 06:31:49.458 GMT-0700,123.56200000000001,123.508,0.015,0.015
01.04.2021 06:31:49.508 GMT-0700,123.54299999999999,123.51700000000001,0.015,0.015
01.04.2021 06:31:49.655 GMT-0700,123.552,123.52799999999999,0.015,0.015
01.04.2021 06:31:50.129 GMT-0700,123.54200000000002,123.508,0.015,0.015
01.04.2021 06:31:50.326 GMT-0700,123.54299999999999,123.51700000000001,0.015,0.0012
01.04.2021 06:31:50.377 GMT-0700,123.54299999999999,123.507,0.015,0.015
01.04.2021 06:31:50.427 GMT-0700,123.54200000000002,123.52799999999999,0.015,0.015
01.04.2021 06:31:50.527 GMT-0700,123.54299999999999,123.507,0.015,0.015
01.04.2021 06:31:50.660 GMT-0700,123.533,123.507,0.015,0.015
01.04.2021 06:31:51.079 GMT-0700,123.54299999999999,123.51700000000001,0.015,0.015
01.04.2021 06:31:51.239 GMT-0700,123.56200000000001,123.52799999999999,0.015,0.015
01.04.2021 06:31:51.413 GMT-0700,123.552,123.52799999999999,0.0075,0.015
01.04.2021 06:31:52.268 GMT-0700,123.54299999999999,123.52700000000002,0.015,0.015
01.04.2021 06:31:52.419 GMT-0700,123.563,123.52700000000002,0.015,0.015
01.04.2021 06:31:52.561 GMT-0700,123.56200000000001,123.538,0.015,0.0001
01.04.2021 06:31:52.662 GMT-0700,123.58200000000001,123.548,0.015,0.015
01.04.2021 06:31:52.763 GMT-0700,123.56200000000001,123.548,0.015,0.015
01.04.2021 06:31:52.953 GMT-0700,123.552,123.538,0.015,0.0012
01.04.2021 06:31:53.004 GMT-0700,123.53200000000001,123.518,0.015,0.015
01.04.2021 06:31:53.077 GMT-0700,123.533,123.507,0.015,0.015
01.04.2021 06:31:53.483 GMT-0700,123.523,123.507,0.0075,0.0012
01.04.2021 06:31:53.534 GMT-0700,123.523,123.49700000000001,0.015,0.015
01.04.2021 06:31:54.011 GMT-0700,123.51299999999999,123.477,0.015,0.015
01.04.2021 06:31:54.111 GMT-0700,123.492,123.46799999999999,0.015,0.015
01.04.2021 06:31:54.161 GMT-0700,123.50200000000001,123.46799999999999,0.015,0.015
01.04.2021 06:31:54.373 GMT-0700,123.50200000000001,123.478,0.015,0.015
01.04.2021 06:31:54.495 GMT-0700,123.493,123.46700000000001,0.015,0.015
01.04.2021 06:31:54.595 GMT-0700,123.50200000000001,123.46799999999999,0.015,0.015
01.04.2021 06:31:55.033 GMT-0700,123.492,123.46799999999999,0.015,0.015
01.04.2021 06:31:55.349 GMT-0700,123.48299999999999,123.46700000000001,0.015,0.015
01.04.2021 06:31:55.606 GMT-0700,123.48299999999999,123.45700000000001,0.015,0.015
01.04.2021 06:31:55.707 GMT-0700,123.462,123.448,0.015,0.015
01.04.2021 06:31:55.757 GMT-0700,123.44200000000001,123.41799999999999,0.015,0.015
01.04.2021 06:31:55.808 GMT-0700,123.45200000000001,123.41799999999999,0.015,0.015
01.04.2021 06:31:56.139 GMT-0700,123.45299999999999,123.40700000000001,0.015,0.015
01.04.2021 06:31:56.224 GMT-0700,123.44200000000001,123.408,0.0075,0.015
01.04.2021 06:31:56.459 GMT-0700,123.44200000000001,123.41799999999999,0.015,0.015
01.04.2021 06:31:56.629 GMT-0700,123.44200000000001,123.408,0.015,0.015
01.04.2021 06:31:56.730 GMT-0700,123.443,123.41700000000002,0.015,0.015
01.04.2021 06:31:56.880 GMT-0700,123.44200000000001,123.408,0.015,0.015
01.04.2021 06:31:56.931 GMT-0700,123.43200000000002,123.408,0.015,0.015
01.04.2021 06:31:56.981 GMT-0700,123.443,123.40700000000001,0.015,0.015
01.04.2021 06:31:57.031 GMT-0700,123.423,123.397,0.015,0.015
01.04.2021 06:31:57.082 GMT-0700,123.44200000000001,123.398,0.015,0.015
01.04.2021 06:31:57.153 GMT-0700,123.423,123.397,0.0075,0.015
01.04.2021 06:31:58.433 GMT-0700,123.393,123.37700000000001,0.015,0.015
01.04.2021 06:31:58.483 GMT-0700,123.40299999999999,123.37700000000001,0.015,0.015
01.04.2021 06:31:59.045 GMT-0700,123.393,123.37700000000001,0.0075,0.0012
01.04.2021 06:31:59.096 GMT-0700,123.382,123.35799999999999,0.015,0.015
01.04.2021 06:31:59.146 GMT-0700,123.39200000000001,123.368,0.015,0.015
01.04.2021 06:32:00.123 GMT-0700,123.39200000000001,123.35799999999999,0.015,0.015
01.04.2021 06:32:00.382 GMT-0700,123.39200000000001,123.368,0.015,0.015
01.04.2021 06:32:00.432 GMT-0700,123.39200000000001,123.35799999999999,0.015,0.015
01.04.2021 06:32:00.510 GMT-0700,123.383,123.35700000000001,0.015,0.015
01.04.2021 06:32:00.661 GMT-0700,123.37200000000001,123.35799999999999,0.015,0.015
01.04.2021 06:32:00.763 GMT-0700,123.36200000000001,123.32799999999999,0.015,0.015
01.04.2021 06:32:00.813 GMT-0700,123.37299999999999,123.34700000000001,0.015,0.015
01.04.2021 06:32:00.863 GMT-0700,123.37299999999999,123.32700000000001,0.015,0.015
01.04.2021 06:32:00.964 GMT-0700,123.37200000000001,123.338,0.015,0.015
01.04.2021 06:32:01.065 GMT-0700,123.37299999999999,123.34700000000001,0.015,0.015
01.04.2021 06:32:01.215 GMT-0700,123.37299999999999,123.337,0.015,0.015
01.04.2021 06:32:01.322 GMT-0700,123.37200000000001,123.32799999999999,0.015,0.015
01.04.2021 06:32:01.373 GMT-0700,123.37299999999999,123.337,0.015,0.015
01.04.2021 06:32:01.523 GMT-0700,123.352,123.318,0.015,0.015
01.04.2021 06:32:01.624 GMT-0700,123.363,123.337,0.015,0.015
01.04.2021 06:32:01.750 GMT-0700,123.36200000000001,123.348,0.015,0.015
01.04.2021 06:32:01.982 GMT-0700,123.382,123.348,0.015,0.015
01.04.2021 06:32:02.033 GMT-0700,123.37200000000001,123.348,0.015,0.015
01.04.2021 06:32:02.083 GMT-0700,123.37299999999999,123.337,0.015,0.015
01.04.2021 06:32:02.244 GMT-0700,123.363,123.337,0.0075,0.015
01.04.2021 06:32:02.294 GMT-0700,123.352,123.318,0.015,0.015
01.04.2021 06:32:02.344 GMT-0700,123.34200000000001,123.318,0.015,0.015
01.04.2021 06:32:02.506 GMT-0700,123.33200000000001,123.318,0.0075,0.0012
01.04.2021 06:32:02.556 GMT-0700,123.31200000000001,123.298,0.015,0.015
01.04.2021 06:32:02.707 GMT-0700,123.32200000000002,123.298,0.015,0.015
01.04.2021 06:32:03.325 GMT-0700,123.313,123.287,0.015,0.015
01.04.2021 06:32:03.442 GMT-0700,123.302,123.268,0.015,0.015
01.04.2021 06:32:03.493 GMT-0700,123.302,123.27799999999999,0.015,0.015
01.04.2021 06:32:03.818 GMT-0700,123.28200000000001,123.268,0.015,0.015
01.04.2021 06:32:04.115 GMT-0700,123.283,123.257,0.015,0.015
01.04.2021 06:32:04.238 GMT-0700,123.28200000000001,123.27700000000002,0.0075,0.0001
01.04.2021 06:32:04.288 GMT-0700,123.29200000000002,123.27799999999999,0.015,0.015
01.04.2021 06:32:04.395 GMT-0700,123.32200000000002,123.298,0.015,0.015
01.04.2021 06:32:04.446 GMT-0700,123.33200000000001,123.30799999999999,0.015,0.015
01.04.2021 06:32:04.596 GMT-0700,123.33200000000001,123.318,0.015,0.015
01.04.2021 06:32:04.739 GMT-0700,123.33200000000001,123.30799999999999,0.015,0.015
01.04.2021 06:32:04.789 GMT-0700,123.34200000000001,123.318,0.015,0.015
01.04.2021 06:32:05.034 GMT-0700,123.33200000000001,123.318,0.015,0.015
01.04.2021 06:32:05.085 GMT-0700,123.31200000000001,123.298,0.015,0.015
01.04.2021 06:32:05.135 GMT-0700,123.313,123.27700000000002,0.015,0.015
01.04.2021 06:32:05.484 GMT-0700,123.302,123.27799999999999,0.0075,0.015
01.04.2021 06:32:05.535 GMT-0700,123.31200000000001,123.268,0.015,0.015
01.04.2021 06:32:05.585 GMT-0700,123.302,123.268,0.015,0.015
01.04.2021 06:32:05.686 GMT-0700,123.28200000000001,123.268,0.015,0.015
01.04.2021 06:32:05.736 GMT-0700,123.283,123.257,0.015,0.015
01.04.2021 06:32:05.786 GMT-0700,123.283,123.26700000000001,0.015,0.015
01.04.2021 06:32:05.837 GMT-0700,123.28200000000001,123.258,0.015,0.015
01.04.2021 06:32:05.965 GMT-0700,123.303,123.27700000000002,0.015,0.015
01.04.2021 06:32:06.079 GMT-0700,123.302,123.268,0.015,0.015
01.04.2021 06:32:06.179 GMT-0700,123.283,123.257,0.015,0.015
01.04.2021 06:32:07.106 GMT-0700,123.302,123.268,0.015,0.015
01.04.2021 06:32:07.157 GMT-0700,123.313,123.29700000000001,0.015,0.015
01.04.2021 06:32:07.207 GMT-0700,123.33200000000001,123.298,0.015,0.015
01.04.2021 06:32:07.313 GMT-0700,123.32200000000002,123.298,0.0075,0.015
01.04.2021 06:32:07.666 GMT-0700,123.32200000000002,123.30799999999999,0.0075,0.0001
01.04.2021 06:32:07.716 GMT-0700,123.333,123.30700000000002,0.015,0.015
01.04.2021 06:32:07.821 GMT-0700,123.34299999999999,123.31700000000001,0.015,0.015
01.04.2021 06:32:07.975 GMT-0700,123.33200000000001,123.318,0.0075,0.015
01.04.2021 06:32:08.499 GMT-0700,123.33200000000001,123.298,0.015,0.015
01.04.2021 06:32:08.599 GMT-0700,123.32200000000002,123.298,0.0075,0.015
01.04.2021 06:32:08.650 GMT-0700,123.333,123.29700000000001,0.015,0.015
01.04.2021 06:32:08.706 GMT-0700,123.32200000000002,123.298,0.0075,0.015
01.04.2021 06:32:08.756 GMT-0700,123.333,123.29700000000001,0.015,0.015
01.04.2021 06:32:08.914 GMT-0700,123.323,123.29700000000001,0.015,0.015
01.04.2021 06:32:08.965 GMT-0700,123.333,123.29700000000001,0.015,0.015
01.04.2021 06:32:09.015 GMT-0700,123.32200000000002,123.298,0.015,0.015
01.04.2021 06:32:09.066 GMT-0700,123.333,123.29700000000001,0.015,0.015
01.04.2021 06:32:09.389 GMT-0700,123.323,123.29700000000001,0.0075,0.015
01.04.2021 06:32:09.440 GMT-0700,123.33200000000001,123.298,0.015,0.015
01.04.2021 06:32:09.491 GMT-0700,123.33200000000001,123.30799999999999,0.015,0.015
01.04.2021 06:32:09.541 GMT-0700,123.34299999999999,123.30700000000002,0.015,0.015
01.04.2021 06:32:09.696 GMT-0700,123.34200000000001,123.318,0.015,0.0001
01.04.2021 06:32:09.746 GMT-0700,123.36200000000001,123.32799999999999,0.015,0.015
01.04.2021 06:32:09.860 GMT-0700,123.352,123.32799999999999,0.015,0.015
01.04.2021 06:32:10.053 GMT-0700,123.36200000000001,123.338,0.015,0.015
01.04.2021 06:32:10.103 GMT-0700,123.36200000000001,123.32799999999999,0.015,0.015
01.04.2021 06:32:10.274 GMT-0700,123.352,123.32799999999999,0.0075,0.015
01.04.2021 06:32:10.325 GMT-0700,123.363,123.32700000000001,0.015,0.015
01.04.2021 06:32:10.449 GMT-0700,123.352,123.32799999999999,0.015,0.015
01.04.2021 06:32:10.499 GMT-0700,123.353,123.31700000000001,0.015,0.015
01.04.2021 06:32:10.650 GMT-0700,123.36200000000001,123.318,0.015,0.015
01.04.2021 06:32:10.700 GMT-0700,123.353,123.31700000000001,0.015,0.015
01.04.2021 06:32:10.838 GMT-0700,123.352,123.32799999999999,0.0075,0.0001
01.04.2021 06:32:10.889 GMT-0700,123.37299999999999,123.32700000000001,0.015,0.015
01.04.2021 06:32:10.939 GMT-0700,123.37299999999999,123.34700000000001,0.015,0.015
01.04.2021 06:32:10.989 GMT-0700,123.37299999999999,123.337,0.015,0.015
01.04.2021 06:32:11.090 GMT-0700,123.382,123.35799999999999,0.015,0.015
01.04.2021 06:32:11.140 GMT-0700,123.382,123.348,0.015,0.015
01.04.2021 06:32:11.191 GMT-0700,123.382,123.35799999999999,0.015,0.015
01.04.2021 06:32:11.417 GMT-0700,123.36200000000001,123.318,0.015,0.015
01.04.2021 06:32:11.467 GMT-0700,123.353,123.30700000000002,0.015,0.015
01.04.2021 06:32:11.568 GMT-0700,123.32200000000002,123.288,0.015,0.015
01.04.2021 06:32:11.718 GMT-0700,123.31200000000001,123.288,0.015,0.015
01.04.2021 06:32:11.885 GMT-0700,123.313,123.27700000000002,0.015,0.015
01.04.2021 06:32:11.957 GMT-0700,123.313,123.29700000000001,0.0075,0.0012
01.04.2021 06:32:12.007 GMT-0700,123.32200000000002,123.298,0.015,0.015
01.04.2021 06:32:12.158 GMT-0700,123.333,123.29700000000001,0.015,0.015
01.04.2021 06:32:12.474 GMT-0700,123.353,123.31700000000001,0.015,0.015
01.04.2021 06:32:12.524 GMT-0700,123.352,123.30799999999999,0.015,0.015
01.04.2021 06:32:12.574 GMT-0700,123.353,123.31700000000001,0.015,0.015
01.04.2021 06:32:12.675 GMT-0700,123.36200000000001,123.318,0.015,0.015
01.04.2021 06:32:12.725 GMT-0700,123.363,123.32700000000001,0.015,0.015
01.04.2021 06:32:12.826 GMT-0700,123.37200000000001,123.32799999999999,0.015,0.015
01.04.2021 06:32:12.981 GMT-0700,123.363,123.32700000000001,0.015,0.015
01.04.2021 06:32:13.032 GMT-0700,123.37299999999999,123.32700000000001,0.015,0.015
01.04.2021 06:32:13.095 GMT-0700,123.37299999999999,123.337,0.015,0.0012
01.04.2021 06:32:13.196 GMT-0700,123.353,123.31700000000001,0.015,0.015
01.04.2021 06:32:13.246 GMT-0700,123.36200000000001,123.318,0.015,0.015
01.04.2021 06:32:13.297 GMT-0700,123.34299999999999,123.31700000000001,0.015,0.015
01.04.2021 06:32:13.347 GMT-0700,123.33200000000001,123.298,0.015,0.015
01.04.2021 06:32:13.736 GMT-0700,123.303,123.27700000000002,0.015,0.015
01.04.2021 06:32:13.786 GMT-0700,123.313,123.27700000000002,0.015,0.015
01.04.2021 06:32:14.195 GMT-0700,123.313,123.287,0.015,0.015
01.04.2021 06:32:14.317 GMT-0700,123.31200000000001,123.298,0.015,0.015
01.04.2021 06:32:14.368 GMT-0700,123.33200000000001,123.298,0.015,0.015
01.04.2021 06:32:14.670 GMT-0700,123.34299999999999,123.30700000000002,0.015,0.015
01.04.2021 06:32:14.720 GMT-0700,123.34200000000001,123.298,0.015,0.015
01.04.2021 06:32:14.821 GMT-0700,123.34200000000001,123.30799999999999,0.015,0.015
01.04.2021 06:32:14.871 GMT-0700,123.34299999999999,123.29700000000001,0.015,0.015
01.04.2021 06:32:15.089 GMT-0700,123.33200000000001,123.298,0.0075,0.015
01.04.2021 06:32:15.305 GMT-0700,123.323,123.29700000000001,0.0075,0.015
01.04.2021 06:32:15.465 GMT-0700,123.31200000000001,123.288,0.015,0.015
01.04.2021 06:32:15.925 GMT-0700,123.313,123.27700000000002,0.015,0.015
01.04.2021 06:32:16.128 GMT-0700,123.302,123.27799999999999,0.015,0.015
01.04.2021 06:32:16.321 GMT-0700,123.302,123.288,0.0075,0.0001
01.04.2021 06:32:16.372 GMT-0700,123.31200000000001,123.288,0.015,0.015
01.04.2021 06:32:16.443 GMT-0700,123.33200000000001,123.288,0.015,0.015
01.04.2021 06:32:16.494 GMT-0700,123.33200000000001,123.298,0.015,0.015
01.04.2021 06:32:16.598 GMT-0700,123.34200000000001,123.298,0.015,0.015
01.04.2021 06:32:16.649 GMT-0700,123.34299999999999,123.30700000000002,0.015,0.015
01.04.2021 06:32:16.800 GMT-0700,123.333,123.29700000000001,0.015,0.015
01.04.2021 06:32:17.124 GMT-0700,123.333,123.30700000000002,0.015,0.015
01.04.2021 06:32:17.236 GMT-0700,123.333,123.29700000000001,0.015,0.015
01.04.2021 06:32:17.431 GMT-0700,123.323,123.29700000000001,0.0075,0.015
01.04.2021 06:32:17.532 GMT-0700,123.333,123.30700000000002,0.015,0.015
01.04.2021 06:32:17.683 GMT-0700,123.32200000000002,123.30799999999999,0.0075,0.0001
01.04.2021 06:32:17.733 GMT-0700,123.333,123.29700000000001,0.015,0.015
01.04.2021 06:32:17.784 GMT-0700,123.34200000000001,123.318,0.015,0.015
01.04.2021 06:32:17.935 GMT-0700,123.33200000000001,123.30799999999999,0.015,0.015
01.04.2021 06:32:17.985 GMT-0700,123.33200000000001,123.298,0.015,0.015
01.04.2021 06:32:18.366 GMT-0700,123.333,123.30700000000002,0.015,0.0001
01.04.2021 06:32:18.417 GMT-0700,123.333,123.29700000000001,0.015,0.015
01.04.2021 06:32:18.568 GMT-0700,123.333,123.30700000000002,0.015,0.015
01.04.2021 06:32:18.677 GMT-0700,123.34299999999999,123.31700000000001,0.015,0.015
01.04.2021 06:32:18.778 GMT-0700,123.34200000000001,123.32799999999999,0.015,0.015
01.04.2021 06:32:18.828 GMT-0700,123.37200000000001,123.348,0.015,0.015
01.04.2021 06:32:18.928 GMT-0700,123.383,123.35700000000001,0.015,0.015
01.04.2021 06:32:19.029 GMT-0700,123.39200000000001,123.35799999999999,0.015,0.015
01.04.2021 06:32:19.079 GMT-0700,123.37299999999999,123.35700000000001,0.015,0.015
01.04.2021 06:32:19.180 GMT-0700,123.39200000000001,123.35799999999999,0.015,0.015
01.04.2021 06:32:19.481 GMT-0700,123.39200000000001,123.368,0.015,0.015
01.04.2021 06:32:19.532 GMT-0700,123.40200000000002,123.368,0.015,0.015
01.04.2021 06:32:19.682 GMT-0700,123.39200000000001,123.368,0.015,0.015
01.04.2021 06:32:19.936 GMT-0700,123.382,123.35799999999999,0.015,0.015
01.04.2021 06:32:19.986 GMT-0700,123.393,123.35700000000001,0.015,0.015
01.04.2021 06:32:20.137 GMT-0700,123.40200000000002,123.35799999999999,0.015,0.015
01.04.2021 06:32:20.194 GMT-0700,123.39200000000001,123.35799999999999,0.0075,0.015
01.04.2021 06:32:20.345 GMT-0700,123.37299999999999,123.35700000000001,0.015,0.015
01.04.2021 06:32:20.395 GMT-0700,123.382,123.35799999999999,0.015,0.015
01.04.2021 06:32:20.546 GMT-0700,123.37299999999999,123.337,0.015,0.015
01.04.2021 06:32:20.795 GMT-0700,123.382,123.348,0.015,0.015
01.04.2021 06:32:21.096 GMT-0700,123.40299999999999,123.37700000000001,0.015,0.015
01.04.2021 06:32:21.400 GMT-0700,123.40299999999999,123.38700000000001,0.015,0.015
01.04.2021 06:32:21.450 GMT-0700,123.412,123.38799999999999,0.015,0.015
01.04.2021 06:32:21.742 GMT-0700,123.40299999999999,123.38700000000001,0.015,0.015
01.04.2021 06:32:21.793 GMT-0700,123.40299999999999,123.367,0.015,0.015
01.04.2021 06:32:21.843 GMT-0700,123.40200000000002,123.378,0.015,0.015
01.04.2021 06:32:21.978 GMT-0700,123.42200000000001,123.38799999999999,0.015,0.015
01.04.2021 06:32:22.079 GMT-0700,123.413,123.38700000000001,0.015,0.015
01.04.2021 06:32:22.251 GMT-0700,123.40200000000002,123.38799999999999,0.0075,0.0012
01.04.2021 06:32:22.302 GMT-0700,123.40299999999999,123.367,0.015,0.015
01.04.2021 06:32:22.355 GMT-0700,123.40200000000002,123.378,0.0075,0.0012
01.04.2021 06:32:22.533 GMT-0700,123.412,123.398,0.0075,0.0001
01.04.2021 06:32:22.584 GMT-0700,123.42200000000001,123.398,0.015,0.015
01.04.2021 06:32:22.776 GMT-0700,123.44200000000001,123.408,0.015,0.015
01.04.2021 06:32:22.826 GMT-0700,123.42200000000001,123.398,0.015,0.015
01.04.2021 06:32:22.876 GMT-0700,123.443,123.40700000000001,0.015,0.015
01.04.2021 06:32:22.927 GMT-0700,123.42200000000001,123.398,0.015,0.015
01.04.2021 06:32:22.977 GMT-0700,123.43200000000002,123.398,0.015,0.015
01.04.2021 06:32:23.106 GMT-0700,123.44200000000001,123.398,0.015,0.015
01.04.2021 06:32:23.156 GMT-0700,123.42200000000001,123.398,0.015,0.015
01.04.2021 06:32:23.206 GMT-0700,123.43299999999999,123.397,0.015,0.015
01.04.2021 06:32:23.370 GMT-0700,123.44200000000001,123.398,0.015,0.015
01.04.2021 06:32:23.420 GMT-0700,123.44200000000001,123.408,0.015,0.015
01.04.2021 06:32:23.563 GMT-0700,123.423,123.397,0.015,0.015
01.04.2021 06:32:23.804 GMT-0700,123.43200000000002,123.398,0.015,0.015
01.04.2021 06:32:24.005 GMT-0700,123.423,123.397,0.015,0.015
01.04.2021 06:32:24.106 GMT-0700,123.423,123.38700000000001,0.015,0.015
01.04.2021 06:32:24.213 GMT-0700,123.443,123.40700000000001,0.015,0.015
01.04.2021 06:32:24.263 GMT-0700,123.44200000000001,123.398,0.015,0.015
01.04.2021 06:32:24.330 GMT-0700,123.44200000000001,123.408,0.015,0.0001
01.04.2021 06:32:24.448 GMT-0700,123.43200000000002,123.41799999999999,0.0075,0.0012
01.04.2021 06:32:24.499 GMT-0700,123.443,123.41700000000002,0.015,0.015
01.04.2021 06:32:24.599 GMT-0700,123.443,123.40700000000001,0.015,0.015
01.04.2021 06:32:24.800 GMT-0700,123.44200000000001,123.398,0.015,0.015
01.04.2021 06:32:24.873 GMT-0700,123.413,123.397,0.0075,0.0012
01.04.2021 06:32:24.923 GMT-0700,123.423,123.38700000000001,0.015,0.015
01.04.2021 06:32:25.024 GMT-0700,123.44200000000001,123.38799999999999,0.015,0.015
01.04.2021 06:32:25.074 GMT-0700,123.42200000000001,123.38799999999999,0.015,0.015
01.04.2021 06:32:25.232 GMT-0700,123.413,123.367,0.015,0.015
01.04.2021 06:32:25.562 GMT-0700,123.40200000000002,123.368,0.0075,0.015
01.04.2021 06:32:25.613 GMT-0700,123.412,123.368,0.015,0.015
01.04.2021 06:32:25.663 GMT-0700,123.40200000000002,123.368,0.015,0.015
01.04.2021 06:32:25.714 GMT-0700,123.412,123.368,0.015,0.015
01.04.2021 06:32:25.886 GMT-0700,123.412,123.378,0.015,0.0001
01.04.2021 06:32:25.987 GMT-0700,123.413,123.367,0.015,0.015
01.04.2021 06:32:26.173 GMT-0700,123.413,123.37700000000001,0.015,0.0001
01.04.2021 06:32:26.274 GMT-0700,123.40299999999999,123.37700000000001,0.015,0.015
01.04.2021 06:32:26.483 GMT-0700,123.39200000000001,123.378,0.0075,0.015
01.04.2021 06:32:26.533 GMT-0700,123.40200000000002,123.378,0.015,0.015
01.04.2021 06:32:26.673 GMT-0700,123.413,123.37700000000001,0.015,0.015
01.04.2021 06:32:26.723 GMT-0700,123.40299999999999,123.37700000000001,0.015,0.015
01.04.2021 06:32:27.099 GMT-0700,123.40200000000002,123.38799999999999,0.015,0.015
01.04.2021 06:32:27.151 GMT-0700,123.40200000000002,123.378,0.015,0.015
01.04.2021 06:32:28.000 GMT-0700,123.413,123.38700000000001,0.015,0.015
01.04.2021 06:32:28.051 GMT-0700,123.43200000000002,123.41799999999999,0.015,0.015
01.04.2021 06:32:28.152 GMT-0700,123.44200000000001,123.41799999999999,0.015,0.015
01.04.2021 06:32:28.202 GMT-0700,123.443,123.427,0.015,0.015
01.04.2021 06:32:28.252 GMT-0700,123.443,123.41700000000002,0.015,0.015
01.04.2021 06:32:29.047 GMT-0700,123.45200000000001,123.41799999999999,0.015,0.015
01.04.2021 06:32:29.377 GMT-0700,123.44200000000001,123.428,0.015,0.015
01.04.2021 06:32:29.478 GMT-0700,123.45200000000001,123.41799999999999,0.015,0.015
01.04.2021 06:32:29.528 GMT-0700,123.463,123.43700000000001,0.015,0.015
01.04.2021 06:32:29.629 GMT-0700,123.462,123.428,0.015,0.015
01.04.2021 06:32:29.679 GMT-0700,123.463,123.43700000000001,0.015,0.015
01.04.2021 06:32:29.780 GMT-0700,123.45299999999999,123.43700000000001,0.015,0.015
01.04.2021 06:32:29.830 GMT-0700,123.462,123.438,0.015,0.015
01.04.2021 06:32:30.037 GMT-0700,123.443,123.41700000000002,0.015,0.015
01.04.2021 06:32:30.235 GMT-0700,123.423,123.397,0.015,0.015
01.04.2021 06:32:30.385 GMT-0700,123.423,123.40700000000001,0.015,0.015
01.04.2021 06:32:30.547 GMT-0700,123.42200000000001,123.398,0.015,0.015
01.04.2021 06:32:30.837 GMT-0700,123.42200000000001,123.38799999999999,0.015,0.015
01.04.2021 06:32:31.082 GMT-0700,123.423,123.40700000000001,0.015,0.015
01.04.2021 06:32:31.357 GMT-0700,123.423,123.397,0.015,0.015
01.04.2021 06:32:31.515 GMT-0700,123.413,123.397,0.0075,0.0001
01.04.2021 06:32:31.565 GMT-0700,123.413,123.38700000000001,0.015,0.015
01.04.2021 06:32:31.674 GMT-0700,123.40299999999999,123.37700000000001,0.015,0.015
01.04.2021 06:32:31.863 GMT-0700,123.393,123.367,0.015,0.015
01.04.2021 06:32:32.398 GMT-0700,123.393,123.37700000000001,0.015,0.015
01.04.2021 06:32:32.449 GMT-0700,123.40200000000002,123.378,0.015,0.015
01.04.2021 06:32:32.549 GMT-0700,123.37200000000001,123.348,0.015,0.015
01.04.2021 06:32:32.717 GMT-0700,123.37299999999999,123.337,0.015,0.015
01.04.2021 06:32:32.818 GMT-0700,123.363,123.337,0.015,0.015
01.04.2021 06:32:33.375 GMT-0700,123.363,123.34700000000001,0.015,0.0001
01.04.2021 06:32:33.497 GMT-0700,123.37200000000001,123.348,0.015,0.015
01.04.2021 06:32:33.547 GMT-0700,123.36200000000001,123.338,0.015,0.015
01.04.2021 06:32:33.698 GMT-0700,123.36200000000001,123.348,0.015,0.015
01.04.2021 06:32:33.884 GMT-0700,123.36200000000001,123.338,0.015,0.015
01.04.2021 06:32:34.066 GMT-0700,123.352,123.338,0.015,0.015
01.04.2021 06:32:34.217 GMT-0700,123.353,123.34700000000001,0.0075,0.0012
01.04.2021 06:32:34.267 GMT-0700,123.37200000000001,123.348,0.015,0.015
01.04.2021 06:32:34.367 GMT-0700,123.37200000000001,123.338,0.015,0.015
01.04.2021 06:32:34.418 GMT-0700,123.37200000000001,123.348,0.015,0.015
01.04.2021 06:32:34.568 GMT-0700,123.393,123.367,0.015,0.015
01.04.2021 06:32:34.697 GMT-0700,123.383,123.35700000000001,0.015,0.015
01.04.2021 06:32:34.854 GMT-0700,123.39200000000001,123.35799999999999,0.015,0.015
01.04.2021 06:32:34.907 GMT-0700,123.383,123.35700000000001,0.015,0.015
01.04.2021 06:32:35.007 GMT-0700,123.393,123.35700000000001,0.015,0.015
01.04.2021 06:32:35.072 GMT-0700,123.40200000000002,123.378,0.015,0.015
01.04.2021 06:32:35.880 GMT-0700,123.423,123.40700000000001,0.015,0.015
01.04.2021 06:32:35.930 GMT-0700,123.423,123.397,0.015,0.015
01.04.2021 06:32:36.109 GMT-0700,123.423,123.40700000000001,0.0075,0.0001
01.04.2021 06:32:36.250 GMT-0700,123.43200000000002,123.41799999999999,0.015,0.015
01.04.2021 06:32:36.350 GMT-0700,123.43299999999999,123.40700000000001,0.015,0.015
01.04.2021 06:32:36.638 GMT-0700,123.423,123.397,0.015,0.015
01.04.2021 06:32:37.120 GMT-0700,123.43200000000002,123.398,0.015,0.015
01.04.2021 06:32:37.299 GMT-0700,123.43299999999999,123.41700000000002,0.015,0.015
01.04.2021 06:32:37.525 GMT-0700,123.423,123.41700000000002,0.0075,0.0001
01.04.2021 06:32:37.575 GMT-0700,123.42200000000001,123.398,0.015,0.015
01.04.2021 06:32:37.836 GMT-0700,123.42200000000001,123.408,0.015,0.0012
01.04.2021 06:32:38.114 GMT-0700,123.44200000000001,123.408,0.015,0.015
01.04.2021 06:32:38.216 GMT-0700,123.43200000000002,123.408,0.015,0.015
01.04.2021 06:32:39.179 GMT-0700,123.43299999999999,123.41700000000002,0.015,0.0001
01.04.2021 06:32:39.374 GMT-0700,123.44200000000001,123.428,0.015,0.015
01.04.2021 06:32:39.425 GMT-0700,123.443,123.41700000000002,0.015,0.015
01.04.2021 06:32:39.475 GMT-0700,123.423,123.40700000000001,0.015,0.015
01.04.2021 06:32:39.525 GMT-0700,123.42200000000001,123.398,0.015,0.015
01.04.2021 06:32:40.217 GMT-0700,123.43200000000002,123.408,0.015,0.015
01.04.2021 06:32:40.267 GMT-0700,123.443,123.40700000000001,0.015,0.015
01.04.2021 06:32:40.318 GMT-0700,123.443,123.41700000000002,0.015,0.015
01.04.2021 06:32:40.368 GMT-0700,123.443,123.40700000000001,0.015,0.015
01.04.2021 06:32:40.418 GMT-0700,123.44200000000001,123.41799999999999,0.015,0.015
01.04.2021 06:32:40.469 GMT-0700,123.443,123.40700000000001,0.015,0.015
01.04.2021 06:32:40.779 GMT-0700,123.43299999999999,123.40700000000001,0.015,0.015
01.04.2021 06:32:40.880 GMT-0700,123.45299999999999,123.427,0.015,0.015
01.04.2021 06:32:41.420 GMT-0700,123.45299999999999,123.41700000000002,0.015,0.015
01.04.2021 06:32:41.524 GMT-0700,123.443,123.40700000000001,0.015,0.015
01.04.2021 06:32:41.625 GMT-0700,123.43299999999999,123.41700000000002,0.015,0.015
01.04.2021 06:32:41.729 GMT-0700,123.43299999999999,123.40700000000001,0.015,0.015
01.04.2021 06:32:41.829 GMT-0700,123.43200000000002,123.398,0.015,0.015
01.04.2021 06:32:42.000 GMT-0700,123.43299999999999,123.41700000000002,0.0075,0.0001
01.04.2021 06:32:42.050 GMT-0700,123.45200000000001,123.41799999999999,0.015,0.015
01.04.2021 06:32:42.151 GMT-0700,123.44200000000001,123.41799999999999,0.015,0.015
01.04.2021 06:32:42.894 GMT-0700,123.45299999999999,123.43700000000001,0.015,0.015
01.04.2021 06:32:42.944 GMT-0700,123.463,123.43700000000001,0.015,0.015
01.04.2021 06:32:43.009 GMT-0700,123.463,123.44700000000002,0.0075,0.0001
01.04.2021 06:32:43.060 GMT-0700,123.47200000000001,123.448,0.015,0.015
01.04.2021 06:32:43.899 GMT-0700,123.493,123.46700000000001,0.015,0.015
01.04.2021 06:32:44.000 GMT-0700,123.503,123.477,0.015,0.015
01.04.2021 06:32:44.486 GMT-0700,123.50200000000001,123.488,0.0075,0.0001
01.04.2021 06:32:44.536 GMT-0700,123.523,123.49700000000001,0.015,0.015
01.04.2021 06:32:44.587 GMT-0700,123.533,123.49700000000001,0.015,0.015
01.04.2021 06:32:44.687 GMT-0700,123.523,123.49700000000001,0.015,0.015
01.04.2021 06:32:44.814 GMT-0700,123.503,123.49700000000001,0.0075,0.0001
01.04.2021 06:32:44.865 GMT-0700,123.51299999999999,123.48700000000001,0.015,0.015
01.04.2021 06:32:44.965 GMT-0700,123.503,123.48700000000001,0.015,0.015
01.04.2021 06:32:45.071 GMT-0700,123.493,123.48700000000001,0.0075,0.0012
01.04.2021 06:32:45.121 GMT-0700,123.503,123.477,0.015,0.015
01.04.2021 06:32:45.222 GMT-0700,123.51299999999999,123.477,0.015,0.015
01.04.2021 06:32:45.549 GMT-0700,123.51200000000001,123.46799999999999,0.015,0.015
01.04.2021 06:32:45.599 GMT-0700,123.503,123.46700000000001,0.015,0.015
01.04.2021 06:32:45.649 GMT-0700,123.51299999999999,123.46700000000001,0.015,0.015
01.04.2021 06:32:45.723 GMT-0700,123.50200000000001,123.46799999999999,0.015,0.015
01.04.2021 06:32:46.487 GMT-0700,123.503,123.477,0.015,0.015
01.04.2021 06:32:46.801 GMT-0700,123.503,123.49700000000001,0.0075,0.0001
01.04.2021 06:32:46.851 GMT-0700,123.533,123.507,0.015,0.015
01.04.2021 06:32:47.214 GMT-0700,123.533,123.49700000000001,0.015,0.015
01.04.2021 06:32:47.411 GMT-0700,123.533,123.48700000000001,0.015,0.015
01.04.2021 06:32:47.600 GMT-0700,123.533,123.507,0.015,0.0012
01.04.2021 06:32:47.701 GMT-0700,123.552,123.518,0.015,0.015
01.04.2021 06:32:48.199 GMT-0700,123.54200000000002,123.518,0.0075,0.015
01.04.2021 06:32:48.249 GMT-0700,123.553,123.51700000000001,0.015,0.015
01.04.2021 06:32:48.519 GMT-0700,123.552,123.52799999999999,0.015,0.015
01.04.2021 06:32:48.569 GMT-0700,123.552,123.518,0.015,0.015
01.04.2021 06:32:48.808 GMT-0700,123.54299999999999,123.51700000000001,0.015,0.015
01.04.2021 06:32:48.909 GMT-0700,123.552,123.518,0.015,0.015
01.04.2021 06:32:49.727 GMT-0700,123.54299999999999,123.51700000000001,0.015,0.015
01.04.2021 06:32:49.971 GMT-0700,123.573,123.537,0.015,0.015
01.04.2021 06:32:50.022 GMT-0700,123.563,123.537,0.015,0.015
01.04.2021 06:32:50.072 GMT-0700,123.563,123.52700000000002,0.015,0.015
01.04.2021 06:32:50.237 GMT-0700,123.58200000000001,123.538,0.015,0.015
01.04.2021 06:32:50.288 GMT-0700,123.563,123.537,0.015,0.015
01.04.2021 06:32:50.558 GMT-0700,123.563,123.52700000000002,0.015,0.015
01.04.2021 06:32:50.694 GMT-0700,123.56200000000001,123.548,0.015,0.0001
01.04.2021 06:32:50.745 GMT-0700,123.583,123.54700000000001,0.015,0.015
01.04.2021 06:32:50.895 GMT-0700,123.58200000000001,123.52799999999999,0.015,0.015
01.04.2021 06:32:51.007 GMT-0700,123.552,123.52799999999999,0.015,0.015
01.04.2021 06:32:51.158 GMT-0700,123.54299999999999,123.51700000000001,0.015,0.015
01.04.2021 06:32:51.258 GMT-0700,123.54299999999999,123.507,0.015,0.015
01.04.2021 06:32:51.309 GMT-0700,123.552,123.508,0.015,0.015
01.04.2021 06:32:51.361 GMT-0700,123.533,123.507,0.0075,0.015
01.04.2021 06:32:51.534 GMT-0700,123.533,123.51700000000001,0.0075,0.0001
01.04.2021 06:32:51.584 GMT-0700,123.57200000000002,123.52799999999999,0.015,0.015
01.04.2021 06:32:51.909 GMT-0700,123.563,123.52700000000002,0.015,0.015
01.04.2021 06:32:52.010 GMT-0700,123.56200000000001,123.538,0.015,0.015
01.04.2021 06:32:52.251 GMT-0700,123.56200000000001,123.548,0.0075,0.0001
01.04.2021 06:32:52.302 GMT-0700,123.573,123.54700000000001,0.015,0.015
01.04.2021 06:32:52.352 GMT-0700,123.603,123.57700000000001,0.015,0.015
01.04.2021 06:32:52.453 GMT-0700,123.602,123.568,0.015,0.015
01.04.2021 06:32:52.598 GMT-0700,123.59200000000001,123.568,0.0075,0.015
01.04.2021 06:32:53.291 GMT-0700,123.58200000000001,123.55799999999999,0.015,0.015
01.04.2021 06:32:53.342 GMT-0700,123.59299999999999,123.55700000000002,0.015,0.015
01.04.2021 06:32:53.493 GMT-0700,123.59299999999999,123.54700000000001,0.015,0.015
01.04.2021 06:32:53.543 GMT-0700,123.58200000000001,123.568,0.015,0.015
01.04.2021 06:32:53.593 GMT-0700,123.59200000000001,123.568,0.015,0.015
01.04.2021 06:32:53.728 GMT-0700,123.58200000000001,123.568,0.0075,0.015
01.04.2021 06:32:54.091 GMT-0700,123.57200000000002,123.548,0.015,0.015
01.04.2021 06:32:54.194 GMT-0700,123.58200000000001,123.548,0.015,0.015
01.04.2021 06:32:54.460 GMT-0700,123.583,123.55700000000002,0.015,0.015
01.04.2021 06:32:54.854 GMT-0700,123.583,123.54700000000001,0.015,0.015
01.04.2021 06:32:54.961 GMT-0700,123.57200000000002,123.548,0.0075,0.015
01.04.2021 06:32:55.206 GMT-0700,123.573,123.55700000000002,0.015,0.015
01.04.2021 06:32:55.256 GMT-0700,123.57200000000002,123.548,0.015,0.015
01.04.2021 06:32:55.516 GMT-0700,123.56200000000001,123.548,0.0075,0.0012
01.04.2021 06:32:55.566 GMT-0700,123.563,123.537,0.015,0.015
01.04.2021 06:32:55.667 GMT-0700,123.563,123.51700000000001,0.015,0.015
01.04.2021 06:32:55.717 GMT-0700,123.552,123.518,0.015,0.015
01.04.2021 06:32:55.818 GMT-0700,123.54299999999999,123.507,0.015,0.015
01.04.2021 06:32:55.922 GMT-0700,123.54299999999999,123.51700000000001,0.015,0.015
01.04.2021 06:32:56.155 GMT-0700,123.53200000000001,123.49799999999999,0.015,0.015
01.04.2021 06:32:56.238 GMT-0700,123.53200000000001,123.508,0.015,0.0001
01.04.2021 06:32:56.288 GMT-0700,123.533,123.49700000000001,0.015,0.015
01.04.2021 06:32:56.339 GMT-0700,123.523,123.49700000000001,0.015,0.015
01.04.2021 06:32:56.612 GMT-0700,123.53200000000001,123.49799999999999,0.015,0.015
01.04.2021 06:32:56.772 GMT-0700,123.53200000000001,123.508,0.015,0.015
01.04.2021 06:32:57.411 GMT-0700,123.523,123.48700000000001,0.015,0.015
01.04.2021 06:32:57.461 GMT-0700,123.522,123.49799999999999,0.015,0.015
01.04.2021 06:32:57.511 GMT-0700,123.523,123.48700000000001,0.015,0.015
01.04.2021 06:32:58.123 GMT-0700,123.51299999999999,123.48700000000001,0.015,0.015
01.04.2021 06:32:58.224 GMT-0700,123.51299999999999,123.49700000000001,0.015,0.015
01.04.2021 06:32:58.376 GMT-0700,123.533,123.49700000000001,0.015,0.015
01.04.2021 06:32:58.476 GMT-0700,123.54200000000002,123.49799999999999,0.015,0.015
01.04.2021 06:32:58.528 GMT-0700,123.54299999999999,123.507,0.015,0.0001
01.04.2021 06:32:58.679 GMT-0700,123.54200000000002,123.49799999999999,0.015,0.015
01.04.2021 06:32:58.869 GMT-0700,123.54299999999999,123.507,0.015,0.015
01.04.2021 06:32:59.022 GMT-0700,123.53200000000001,123.49799999999999,0.015,0.015
01.04.2021 06:32:59.155 GMT-0700,123.54200000000002,123.488,0.015,0.015
01.04.2021 06:32:59.255 GMT-0700,123.54299999999999,123.49700000000001,0.015,0.015
01.04.2021 06:32:59.306 GMT-0700,123.54299999999999,123.48700000000001,0.015,0.015
01.04.2021 06:32:59.356 GMT-0700,123.51200000000001,123.488,0.015,0.015
01.04.2021 06:32:59.592 GMT-0700,123.51299999999999,123.477,0.015,0.015
01.04.2021 06:32:59.655 GMT-0700,123.50200000000001,123.478,0.0075,0.015
01.04.2021 06:32:59.706 GMT-0700,123.50200000000001,123.46799999999999,0.015,0.015
01.04.2021 06:32:59.857 GMT-0700,123.503,123.477,0.015,0.015
01.04.2021 06:32:59.907 GMT-0700,123.50200000000001,123.46799999999999,0.015,0.015
01.04.2021 06:33:00.068 GMT-0700,123.503,123.477,0.015,0.015
01.04.2021 06:33:00.118 GMT-0700,123.533,123.48700000000001,0.015,0.015
01.04.2021 06:33:00.269 GMT-0700,123.522,123.488,0.015,0.015
01.04.2021 06:33:00.319 GMT-0700,123.53200000000001,123.488,0.015,0.015
01.04.2021 06:33:00.420 GMT-0700,123.523,123.48700000000001,0.015,0.015
01.04.2021 06:33:00.470 GMT-0700,123.53200000000001,123.488,0.015,0.015
01.04.2021 06:33:00.682 GMT-0700,123.533,123.49700000000001,0.015,0.015
01.04.2021 06:33:00.941 GMT-0700,123.523,123.49700000000001,0.0075,0.0012
01.04.2021 06:33:00.992 GMT-0700,123.522,123.478,0.015,0.015
01.04.2021 06:33:01.042 GMT-0700,123.51299999999999,123.477,0.015,0.015
01.04.2021 06:33:01.143 GMT-0700,123.48200000000001,123.458,0.015,0.015
01.04.2021 06:33:01.880 GMT-0700,123.48200000000001,123.46799999999999,0.0075,0.0001
01.04.2021 06:33:01.930 GMT-0700,123.51299999999999,123.46700000000001,0.015,0.015
01.04.2021 06:33:01.981 GMT-0700,123.523,123.46700000000001,0.015,0.015
01.04.2021 06:33:02.031 GMT-0700,123.51200000000001,123.46799999999999,0.015,0.015
01.04.2021 06:33:02.132 GMT-0700,123.503,123.46700000000001,0.015,0.015
01.04.2021 06:33:02.182 GMT-0700,123.51299999999999,123.46700000000001,0.015,0.015
01.04.2021 06:33:02.455 GMT-0700,123.492,123.46799999999999,0.0075,0.015
01.04.2021 06:33:02.505 GMT-0700,123.50200000000001,123.46799999999999,0.015,0.015
01.04.2021 06:33:02.577 GMT-0700,123.492,123.46799999999999,0.0075,0.015
01.04.2021 06:33:02.728 GMT-0700,123.48200000000001,123.46799999999999,0.015,0.015
01.04.2021 06:33:02.967 GMT-0700,123.473,123.45700000000001,0.015,0.015
01.04.2021 06:33:03.017 GMT-0700,123.45200000000001,123.428,0.015,0.015
01.04.2021 06:33:03.138 GMT-0700,123.43299999999999,123.397,0.015,0.015
01.04.2021 06:33:03.239 GMT-0700,123.45200000000001,123.41799999999999,0.015,0.015
01.04.2021 06:33:03.495 GMT-0700,123.443,123.40700000000001,0.015,0.015
01.04.2021 06:33:03.642 GMT-0700,123.443,123.41700000000002,0.015,0.0001
01.04.2021 06:33:03.875 GMT-0700,123.43200000000002,123.41799999999999,0.0075,0.015
01.04.2021 06:33:03.925 GMT-0700,123.45200000000001,123.428,0.015,0.015
01.04.2021 06:33:04.084 GMT-0700,123.44200000000001,123.408,0.015,0.015
01.04.2021 06:33:04.135 GMT-0700,123.45200000000001,123.408,0.015,0.015
01.04.2021 06:33:04.252 GMT-0700,123.45299999999999,123.41700000000002,0.015,0.015
01.04.2021 06:33:04.822 GMT-0700,123.45299999999999,123.427,0.015,0.015
01.04.2021 06:33:04.946 GMT-0700,123.463,123.427,0.015,0.015
01.04.2021 06:33:05.046 GMT-0700,123.42200000000001,123.38799999999999,0.015,0.015
01.04.2021 06:33:05.304 GMT-0700,123.44200000000001,123.408,0.015,0.015
01.04.2021 06:33:05.469 GMT-0700,123.43200000000002,123.408,0.0075,0.015
01.04.2021 06:33:05.519 GMT-0700,123.43200000000002,123.398,0.015,0.015
01.04.2021 06:33:05.842 GMT-0700,123.463,123.427,0.015,0.015
01.04.2021 06:33:06.086 GMT-0700,123.43299999999999,123.40700000000001,0.015,0.015
01.04.2021 06:33:06.243 GMT-0700,123.44200000000001,123.408,0.015,0.015
01.04.2021 06:33:06.294 GMT-0700,123.44200000000001,123.41799999999999,0.015,0.015
01.04.2021 06:33:06.394 GMT-0700,123.45299999999999,123.41700000000002,0.015,0.015
01.04.2021 06:33:06.545 GMT-0700,123.44200000000001,123.41799999999999,0.015,0.015
01.04.2021 06:33:06.595 GMT-0700,123.45200000000001,123.41799999999999,0.015,0.015
01.04.2021 06:33:07.005 GMT-0700,123.443,123.40700000000001,0.015,0.015
01.04.2021 06:33:07.116 GMT-0700,123.44200000000001,123.41799999999999,0.015,0.015
01.04.2021 06:33:07.649 GMT-0700,123.45200000000001,123.41799999999999,0.015,0.015
01.04.2021 06:33:08.005 GMT-0700,123.45299999999999,123.40700000000001,0.015,0.015
01.04.2021 06:33:08.056 GMT-0700,123.443,123.40700000000001,0.015,0.015
01.04.2021 06:33:08.106 GMT-0700,123.45200000000001,123.408,0.015,0.015
01.04.2021 06:33:08.173 GMT-0700,123.43299999999999,123.40700000000001,0.0075,0.015
01.04.2021 06:33:08.273 GMT-0700,123.43200000000002,123.398,0.015,0.015
01.04.2021 06:33:08.594 GMT-0700,123.423,123.397,0.015,0.015
01.04.2021 06:33:08.935 GMT-0700,123.413,123.38700000000001,0.015,0.015
01.04.2021 06:33:09.648 GMT-0700,123.40200000000002,123.38799999999999,0.015,0.015
01.04.2021 06:33:09.808 GMT-0700,123.412,123.38799999999999,0.015,0.015
01.04.2021 06:33:10.738 GMT-0700,123.40200000000002,123.38799999999999,0.015,0.015
01.04.2021 06:33:11.083 GMT-0700,123.393,123.367,0.015,0.015
01.04.2021 06:33:11.152 GMT-0700,123.382,123.368,0.0075,0.015
01.04.2021 06:33:11.202 GMT-0700,123.39200000000001,123.368,0.015,0.015
01.04.2021 06:33:11.542 GMT-0700,123.40200000000002,123.378,0.015,0.015
01.04.2021 06:33:11.649 GMT-0700,123.40299999999999,123.38700000000001,0.0075,0.0012
01.04.2021 06:33:11.699 GMT-0700,123.412,123.38799999999999,0.015,0.015
01.04.2021 06:33:12.032 GMT-0700,123.413,123.37700000000001,0.015,0.015
01.04.2021 06:33:12.132 GMT-0700,123.40200000000002,123.38799999999999,0.015,0.015
01.04.2021 06:33:12.333 GMT-0700,123.413,123.397,0.015,0.015
01.04.2021 06:33:12.384 GMT-0700,123.45200000000001,123.438,0.015,0.015
01.04.2021 06:33:12.536 GMT-0700,123.45200000000001,123.428,0.015,0.015
01.04.2021 06:33:12.586 GMT-0700,123.463,123.43700000000001,0.015,0.015
01.04.2021 06:33:12.750 GMT-0700,123.45200000000001,123.438,0.0075,0.015
01.04.2021 06:33:13.092 GMT-0700,123.45299999999999,123.44700000000002,0.0075,0.0001
01.04.2021 06:33:13.142 GMT-0700,123.473,123.45700000000001,0.015,0.015
01.04.2021 06:33:13.193 GMT-0700,123.48299999999999,123.45700000000001,0.015,0.015
01.04.2021 06:33:13.537 GMT-0700,123.48299999999999,123.44700000000002,0.015,0.015
01.04.2021 06:33:14.000 GMT-0700,123.48200000000001,123.458,0.015,0.015
01.04.2021 06:33:14.148 GMT-0700,123.522,123.488,0.015,0.015
01.04.2021 06:33:14.198 GMT-0700,123.51200000000001,123.488,0.015,0.015
01.04.2021 06:33:14.349 GMT-0700,123.523,123.49700000000001,0.015,0.015
01.04.2021 06:33:14.450 GMT-0700,123.523,123.48700000000001,0.015,0.015
01.04.2021 06:33:14.619 GMT-0700,123.51200000000001,123.488,0.0075,0.015
01.04.2021 06:33:14.669 GMT-0700,123.51299999999999,123.477,0.015,0.015
01.04.2021 06:33:14.769 GMT-0700,123.503,123.46700000000001,0.015,0.015
01.04.2021 06:33:15.056 GMT-0700,123.503,123.477,0.015,0.015
01.04.2021 06:33:15.106 GMT-0700,123.523,123.48700000000001,0.015,0.015
01.04.2021 06:33:15.157 GMT-0700,123.523,123.477,0.015,0.015
01.04.2021 06:33:15.257 GMT-0700,123.51200000000001,123.478,0.015,0.015
01.04.2021 06:33:15.534 GMT-0700,123.50200000000001,123.46799999999999,0.015,0.015
01.04.2021 06:33:15.585 GMT-0700,123.522,123.46799999999999,0.015,0.015
01.04.2021 06:33:15.635 GMT-0700,123.51299999999999,123.46700000000001,0.015,0.015
01.04.2021 06:33:15.861 GMT-0700,123.51299999999999,123.477,0.0075,0.0001
01.04.2021 06:33:16.012 GMT-0700,123.503,123.46700000000001,0.015,0.015
01.04.2021 06:33:16.262 GMT-0700,123.492,123.46799999999999,0.015,0.015
01.04.2021 06:33:17.271 GMT-0700,123.48200000000001,123.46799999999999,0.015,0.015
01.04.2021 06:33:17.453 GMT-0700,123.473,123.43700000000001,0.015,0.015
01.04.2021 06:33:17.571 GMT-0700,123.463,123.43700000000001,0.015,0.015
01.04.2021 06:33:17.731 GMT-0700,123.463,123.427,0.015,0.015
01.04.2021 06:33:18.237 GMT-0700,123.463,123.44700000000002,0.0075,0.0001
01.04.2021 06:33:18.287 GMT-0700,123.47200000000001,123.448,0.015,0.015
01.04.2021 06:33:18.442 GMT-0700,123.47200000000001,123.458,0.0075,0.0001
01.04.2021 06:33:18.492 GMT-0700,123.48200000000001,123.458,0.015,0.015
01.04.2021 06:33:18.593 GMT-0700,123.473,123.44700000000002,0.015,0.015
01.04.2021 06:33:18.697 GMT-0700,123.473,123.43700000000001,0.015,0.015
01.04.2021 06:33:18.887 GMT-0700,123.473,123.44700000000002,0.015,0.015
01.04.2021 06:33:18.938 GMT-0700,123.48200000000001,123.448,0.015,0.015
01.04.2021 06:33:18.988 GMT-0700,123.48200000000001,123.46799999999999,0.015,0.015
01.04.2021 06:33:19.111 GMT-0700,123.48299999999999,123.45700000000001,0.015,0.015
01.04.2021 06:33:19.212 GMT-0700,123.48299999999999,123.44700000000002,0.015,0.015
01.04.2021 06:33:19.289 GMT-0700,123.473,123.43700000000001,0.015,0.015
01.04.2021 06:33:19.439 GMT-0700,123.463,123.427,0.015,0.015
01.04.2021 06:33:20.106 GMT-0700,123.462,123.438,0.015,0.015
01.04.2021 06:33:20.206 GMT-0700,123.462,123.428,0.015,0.015
01.04.2021 06:33:20.307 GMT-0700,123.45200000000001,123.41799999999999,0.015,0.015
01.04.2021 06:33:20.457 GMT-0700,123.462,123.438,0.015,0.015
01.04.2021 06:33:20.508 GMT-0700,123.523,123.48700000000001,0.015,0.0012
01.04.2021 06:33:20.558 GMT-0700,123.552,123.518,0.015,0.0001
01.04.2021 06:33:20.608 GMT-0700,123.553,123.507,0.015,0.015
01.04.2021 06:33:21.211 GMT-0700,123.54200000000002,123.49799999999999,0.015,0.015
01.04.2021 06:33:21.364 GMT-0700,123.53200000000001,123.49799999999999,0.015,0.015
01.04.2021 06:33:21.465 GMT-0700,123.522,123.488,0.015,0.015
01.04.2021 06:33:21.666 GMT-0700,123.56200000000001,123.518,0.015,0.015
01.04.2021 06:33:21.716 GMT-0700,123.54200000000002,123.508,0.015,0.015
01.04.2021 06:33:21.817 GMT-0700,123.53200000000001,123.49799999999999,0.015,0.015
01.04.2021 06:33:22.136 GMT-0700,123.533,123.48700000000001,0.015,0.015
01.04.2021 06:33:22.219 GMT-0700,123.51299999999999,123.477,0.015,0.015
01.04.2021 06:33:22.320 GMT-0700,123.503,123.45700000000001,0.015,0.015
01.04.2021 06:33:22.370 GMT-0700,123.493,123.45700000000001,0.015,0.015
01.04.2021 06:33:22.569 GMT-0700,123.493,123.46700000000001,0.015,0.015
01.04.2021 06:33:23.374 GMT-0700,123.48299999999999,123.46700000000001,0.0075,0.0001
01.04.2021 06:33:23.424 GMT-0700,123.48200000000001,123.458,0.015,0.015
01.04.2021 06:33:23.594 GMT-0700,123.462,123.438,0.015,0.015
01.04.2021 06:33:23.789 GMT-0700,123.473,123.44700000000002,0.015,0.015
01.04.2021 06:33:23.890 GMT-0700,123.45200000000001,123.428,0.015,0.015
01.04.2021 06:33:24.102 GMT-0700,123.45200000000001,123.438,0.015,0.015
01.04.2021 06:33:24.367 GMT-0700,123.455,123.44700000000002,0.0075,0.0001
01.04.2021 06:33:24.417 GMT-0700,123.473,123.44700000000002,0.015,0.015
01.04.2021 06:33:24.518 GMT-0700,123.45200000000001,123.438,0.015,0.015
01.04.2021 06:33:24.681 GMT-0700,123.443,123.43700000000001,0.0075,0.0012
01.04.2021 06:33:24.731 GMT-0700,123.45200000000001,123.41799999999999,0.015,0.015
01.04.2021 06:33:24.782 GMT-0700,123.44200000000001,123.41799999999999,0.015,0.015
01.04.2021 06:33:24.926 GMT-0700,123.463,123.427,0.015,0.015
01.04.2021 06:33:25.026 GMT-0700,123.45200000000001,123.428,0.015,0.015
01.04.2021 06:33:25.157 GMT-0700,123.45299999999999,123.43700000000001,0.015,0.015
01.04.2021 06:33:25.207 GMT-0700,123.45200000000001,123.428,0.015,0.015
01.04.2021 06:33:25.297 GMT-0700,123.45200000000001,123.438,0.015,0.015
01.04.2021 06:33:25.824 GMT-0700,123.45299999999999,123.427,0.015,0.015
01.04.2021 06:33:26.229 GMT-0700,123.48299999999999,123.44700000000002,0.015,0.015
01.04.2021 06:33:26.280 GMT-0700,123.473,123.43700000000001,0.015,0.015
01.04.2021 06:33:26.466 GMT-0700,123.48299999999999,123.43700000000001,0.015,0.015
01.04.2021 06:33:26.930 GMT-0700,123.493,123.43700000000001,0.015,0.015
01.04.2021 06:33:27.004 GMT-0700,123.473,123.43700000000001,0.0075,0.015
01.04.2021 06:33:27.155 GMT-0700,123.503,123.45700000000001,0.015,0.015
01.04.2021 06:33:27.255 GMT-0700,123.493,123.45700000000001,0.015,0.015
01.04.2021 06:33:27.851 GMT-0700,123.492,123.46799999999999,0.015,0.015
01.04.2021 06:33:28.287 GMT-0700,123.493,123.48700000000001,0.0075,0.0001
01.04.2021 06:33:28.337 GMT-0700,123.54299999999999,123.49700000000001,0.015,0.015
01.04.2021 06:33:28.518 GMT-0700,123.533,123.49700000000001,0.0075,0.015
01.04.2021 06:33:28.854 GMT-0700,123.522,123.49799999999999,0.0075,0.015
01.04.2021 06:33:29.057 GMT-0700,123.53200000000001,123.49799999999999,0.015,0.015
01.04.2021 06:33:29.305 GMT-0700,123.522,123.49799999999999,0.0075,0.015
01.04.2021 06:33:29.406 GMT-0700,123.53200000000001,123.508,0.015,0.015
01.04.2021 06:33:29.506 GMT-0700,123.563,123.52700000000002,0.015,0.015
01.04.2021 06:33:29.557 GMT-0700,123.56200000000001,123.538,0.015,0.015
01.04.2021 06:33:29.684 GMT-0700,123.56200000000001,123.52799999999999,0.015,0.015
01.04.2021 06:33:29.885 GMT-0700,123.56200000000001,123.538,0.015,0.015
01.04.2021 06:33:30.111 GMT-0700,123.573,123.55700000000002,0.015,0.015
01.04.2021 06:33:30.162 GMT-0700,123.57200000000002,123.548,0.015,0.015
01.04.2021 06:33:30.303 GMT-0700,123.56200000000001,123.548,0.0075,0.015
01.04.2021 06:33:30.353 GMT-0700,123.573,123.54700000000001,0.015,0.015
01.04.2021 06:33:30.460 GMT-0700,123.58200000000001,123.548,0.015,0.015
01.04.2021 06:33:30.981 GMT-0700,123.573,123.54700000000001,0.0075,0.015
01.04.2021 06:33:31.082 GMT-0700,123.58200000000001,123.55799999999999,0.015,0.015
01.04.2021 06:33:31.483 GMT-0700,123.583,123.56700000000001,0.0075,0.0001
01.04.2021 06:33:31.533 GMT-0700,123.602,123.568,0.015,0.015
01.04.2021 06:33:31.634 GMT-0700,123.62200000000001,123.588,0.015,0.015
01.04.2021 06:33:31.872 GMT-0700,123.61200000000001,123.57799999999999,0.015,0.015
01.04.2021 06:33:31.973 GMT-0700,123.61200000000001,123.568,0.015,0.015
01.04.2021 06:33:32.560 GMT-0700,123.61200000000001,123.57799999999999,0.015,0.015
01.04.2021 06:33:32.611 GMT-0700,123.61200000000001,123.568,0.015,0.015
01.04.2021 06:33:32.711 GMT-0700,123.61200000000001,123.57799999999999,0.015,0.015
01.04.2021 06:33:32.879 GMT-0700,123.603,123.55700000000002,0.015,0.015
01.04.2021 06:33:32.930 GMT-0700,123.613,123.55700000000002,0.015,0.015
01.04.2021 06:33:32.980 GMT-0700,123.602,123.568,0.015,0.015
01.04.2021 06:33:33.030 GMT-0700,123.613,123.56700000000001,0.015,0.015
01.04.2021 06:33:33.081 GMT-0700,123.602,123.568,0.015,0.015
01.04.2021 06:33:33.131 GMT-0700,123.613,123.56700000000001,0.015,0.015
01.04.2021 06:33:33.212 GMT-0700,123.613,123.57700000000001,0.015,0.0001
01.04.2021 06:33:33.312 GMT-0700,123.61200000000001,123.568,0.015,0.015
01.04.2021 06:33:33.362 GMT-0700,123.61200000000001,123.57799999999999,0.015,0.015
01.04.2021 06:33:33.550 GMT-0700,123.61200000000001,123.588,0.015,0.0001
01.04.2021 06:33:33.701 GMT-0700,123.64200000000001,123.60799999999999,0.015,0.015
01.04.2021 06:33:33.790 GMT-0700,123.632,123.60799999999999,0.0075,0.015
01.04.2021 06:33:33.944 GMT-0700,123.613,123.59700000000001,0.015,0.015
