Local time,Ask,Bid,AskVolume,BidVolume
30.03.2021 06:30:00.013 GMT-0700,120.173,120.15700000000001,0.0075,0.0012
30.03.2021 06:30:00.063 GMT-0700,120.163,120.09700000000001,0.015,0.015
30.03.2021 06:30:00.215 GMT-0700,120.163,120.10700000000001,0.015,0.015
30.03.2021 06:30:00.315 GMT-0700,120.11200000000001,119.99799999999999,0.015,0.015
30.03.2021 06:30:00.366 GMT-0700,120.132,119.99799999999999,0.015,0.015
30.03.2021 06:30:00.416 GMT-0700,120.113,119.99700000000001,0.015,0.015
30.03.2021 06:30:00.567 GMT-0700,120.072,119.99799999999999,0.015,0.015
30.03.2021 06:30:00.685 GMT-0700,120.073,120.02700000000002,0.015,0.015
30.03.2021 06:30:00.735 GMT-0700,120.072,119.99799999999999,0.015,0.015
30.03.2021 06:30:00.785 GMT-0700,120.04200000000002,119.99799999999999,0.015,0.015
30.03.2021 06:30:00.936 GMT-0700,120.03200000000001,119.99799999999999,0.015,0.015
30.03.2021 06:30:01.076 GMT-0700,120.04200000000002,120.008,0.015,0.015
30.03.2021 06:30:01.126 GMT-0700,120.073,120.01700000000001,0.015,0.015
30.03.2021 06:30:01.176 GMT-0700,120.053,120.02700000000002,0.015,0.015
30.03.2021 06:30:01.226 GMT-0700,120.113,120.02700000000002,0.015,0.015
30.03.2021 06:30:01.277 GMT-0700,120.11200000000001,120.018,0.015,0.015
30.03.2021 06:30:01.327 GMT-0700,120.11200000000001,120.038,0.015,0.015
30.03.2021 06:30:01.478 GMT-0700,120.113,120.05700000000002,0.015,0.015
30.03.2021 06:30:01.629 GMT-0700,120.193,120.117,0.015,0.015
30.03.2021 06:30:01.751 GMT-0700,120.14200000000001,120.118,0.0075,0.0012
30.03.2021 06:30:01.801 GMT-0700,120.12200000000001,120.068,0.015,0.015
30.03.2021 06:30:01.852 GMT-0700,120.12200000000001,120.05799999999999,0.015,0.015
30.03.2021 06:30:01.902 GMT-0700,120.09299999999999,120.05700000000002,0.015,0.015
30.03.2021 06:30:01.952 GMT-0700,120.09299999999999,120.04700000000001,0.015,0.015
30.03.2021 06:30:02.003 GMT-0700,120.08200000000001,120.048,0.015,0.015
30.03.2021 06:30:02.053 GMT-0700,120.083,120.037,0.015,0.015
30.03.2021 06:30:02.169 GMT-0700,120.103,120.037,0.015,0.015
30.03.2021 06:30:02.492 GMT-0700,120.073,120.037,0.015,0.015
30.03.2021 06:30:02.632 GMT-0700,120.073,120.04700000000001,0.0075,0.0012
30.03.2021 06:30:02.683 GMT-0700,120.08200000000001,120.038,0.015,0.015
30.03.2021 06:30:02.835 GMT-0700,120.09299999999999,120.06700000000001,0.0075,0.0001
30.03.2021 06:30:02.885 GMT-0700,120.133,120.037,0.015,0.015
30.03.2021 06:30:02.999 GMT-0700,120.19200000000001,120.038,0.015,0.015
30.03.2021 06:30:03.050 GMT-0700,120.19200000000001,120.068,0.015,0.015
30.03.2021 06:30:03.200 GMT-0700,120.15200000000002,120.118,0.015,0.015
30.03.2021 06:30:03.251 GMT-0700,120.15200000000002,120.098,0.015,0.015
30.03.2021 06:30:03.351 GMT-0700,120.162,120.098,0.015,0.015
30.03.2021 06:30:03.402 GMT-0700,120.19200000000001,120.088,0.015,0.015
30.03.2021 06:30:03.588 GMT-0700,120.193,120.147,0.015,0.0001
30.03.2021 06:30:03.638 GMT-0700,120.19200000000001,120.118,0.015,0.015
30.03.2021 06:30:03.689 GMT-0700,120.17200000000001,120.088,0.015,0.015
30.03.2021 06:30:03.739 GMT-0700,120.173,120.12700000000001,0.015,0.015
30.03.2021 06:30:03.790 GMT-0700,120.173,120.087,0.015,0.015
30.03.2021 06:30:03.840 GMT-0700,120.15299999999999,120.087,0.015,0.015
30.03.2021 06:30:03.991 GMT-0700,120.19200000000001,120.088,0.015,0.015
30.03.2021 06:30:04.041 GMT-0700,120.193,120.09700000000001,0.015,0.015
30.03.2021 06:30:04.167 GMT-0700,120.193,120.10700000000001,0.015,0.015
30.03.2021 06:30:04.553 GMT-0700,120.18200000000002,120.10799999999999,0.0075,0.015
30.03.2021 06:30:04.761 GMT-0700,120.173,120.10700000000001,0.015,0.015
30.03.2021 06:30:04.811 GMT-0700,120.193,120.10700000000001,0.015,0.015
30.03.2021 06:30:04.917 GMT-0700,120.18299999999999,120.10700000000001,0.015,0.015
30.03.2021 06:30:05.076 GMT-0700,120.18299999999999,120.087,0.015,0.015
30.03.2021 06:30:05.176 GMT-0700,120.19200000000001,120.088,0.015,0.015
30.03.2021 06:30:05.251 GMT-0700,120.193,120.15700000000001,0.015,0.0001
30.03.2021 06:30:05.301 GMT-0700,120.19200000000001,120.088,0.015,0.015
30.03.2021 06:30:05.352 GMT-0700,120.213,120.087,0.015,0.015
30.03.2021 06:30:05.458 GMT-0700,120.212,120.098,0.015,0.0012
30.03.2021 06:30:05.609 GMT-0700,120.212,120.16799999999999,0.015,0.015
30.03.2021 06:30:05.659 GMT-0700,120.22200000000001,120.088,0.015,0.015
30.03.2021 06:30:05.735 GMT-0700,120.213,120.087,0.0075,0.015
30.03.2021 06:30:05.886 GMT-0700,120.22200000000001,120.088,0.015,0.015
30.03.2021 06:30:05.987 GMT-0700,120.25200000000001,120.088,0.015,0.015
30.03.2021 06:30:06.087 GMT-0700,120.25200000000001,120.098,0.015,0.015
30.03.2021 06:30:06.198 GMT-0700,120.25200000000001,120.068,0.015,0.015
30.03.2021 06:30:06.511 GMT-0700,120.25200000000001,120.07799999999999,0.015,0.015
30.03.2021 06:30:06.612 GMT-0700,120.303,120.06700000000001,0.015,0.015
30.03.2021 06:30:06.681 GMT-0700,120.303,120.147,0.015,0.0001
30.03.2021 06:30:06.832 GMT-0700,120.302,120.24799999999999,0.015,0.015
30.03.2021 06:30:07.198 GMT-0700,120.302,120.268,0.015,0.0001
30.03.2021 06:30:07.249 GMT-0700,120.353,120.24700000000001,0.015,0.015
30.03.2021 06:30:07.848 GMT-0700,120.353,120.287,0.015,0.015
30.03.2021 06:30:07.914 GMT-0700,120.352,120.24799999999999,0.015,0.015
30.03.2021 06:30:08.422 GMT-0700,120.34299999999999,120.24700000000001,0.015,0.015
30.03.2021 06:30:08.523 GMT-0700,120.353,120.287,0.015,0.015
30.03.2021 06:30:08.717 GMT-0700,120.34299999999999,120.287,0.0075,0.015
30.03.2021 06:30:08.767 GMT-0700,120.40299999999999,120.287,0.015,0.015
30.03.2021 06:30:09.098 GMT-0700,120.382,120.288,0.0075,0.015
30.03.2021 06:30:09.262 GMT-0700,120.412,120.288,0.015,0.015
30.03.2021 06:30:09.312 GMT-0700,120.413,120.337,0.015,0.015
30.03.2021 06:30:09.413 GMT-0700,120.383,120.34700000000001,0.015,0.015
30.03.2021 06:30:09.463 GMT-0700,120.412,120.338,0.015,0.015
30.03.2021 06:30:09.713 GMT-0700,120.383,120.337,0.015,0.015
30.03.2021 06:30:09.829 GMT-0700,120.413,120.337,0.015,0.015
30.03.2021 06:30:10.159 GMT-0700,120.383,120.337,0.015,0.015
30.03.2021 06:30:10.269 GMT-0700,120.413,120.337,0.015,0.015
30.03.2021 06:30:10.649 GMT-0700,120.37200000000001,120.338,0.0075,0.015
30.03.2021 06:30:10.750 GMT-0700,120.333,120.287,0.015,0.015
30.03.2021 06:30:10.851 GMT-0700,120.33200000000001,120.30799999999999,0.015,0.015
30.03.2021 06:30:11.112 GMT-0700,120.33200000000001,120.288,0.015,0.015
30.03.2021 06:30:11.168 GMT-0700,120.33200000000001,120.30799999999999,0.015,0.0001
30.03.2021 06:30:11.219 GMT-0700,120.33200000000001,120.298,0.015,0.015
30.03.2021 06:30:11.408 GMT-0700,120.33200000000001,120.30799999999999,0.015,0.0001
30.03.2021 06:30:11.458 GMT-0700,120.333,120.29700000000001,0.015,0.015
30.03.2021 06:30:11.528 GMT-0700,120.33200000000001,120.318,0.0075,0.0001
30.03.2021 06:30:11.578 GMT-0700,120.383,120.32700000000001,0.015,0.015
30.03.2021 06:30:11.898 GMT-0700,120.383,120.337,0.015,0.015
30.03.2021 06:30:12.174 GMT-0700,120.383,120.32700000000001,0.015,0.015
30.03.2021 06:30:12.262 GMT-0700,120.412,120.338,0.015,0.015
30.03.2021 06:30:12.313 GMT-0700,120.39200000000001,120.338,0.015,0.015
30.03.2021 06:30:12.413 GMT-0700,120.39200000000001,120.32799999999999,0.015,0.015
30.03.2021 06:30:12.464 GMT-0700,120.393,120.337,0.015,0.015
30.03.2021 06:30:12.514 GMT-0700,120.412,120.338,0.015,0.015
30.03.2021 06:30:12.564 GMT-0700,120.412,120.348,0.015,0.015
30.03.2021 06:30:12.665 GMT-0700,120.393,120.32700000000001,0.015,0.015
30.03.2021 06:30:12.816 GMT-0700,120.382,120.32799999999999,0.015,0.015
30.03.2021 06:30:12.938 GMT-0700,120.382,120.338,0.015,0.0012
30.03.2021 06:30:12.988 GMT-0700,120.412,120.338,0.015,0.015
30.03.2021 06:30:13.039 GMT-0700,120.412,120.32799999999999,0.015,0.015
30.03.2021 06:30:13.089 GMT-0700,120.382,120.32799999999999,0.015,0.015
30.03.2021 06:30:13.278 GMT-0700,120.382,120.338,0.015,0.015
30.03.2021 06:30:13.328 GMT-0700,120.382,120.32799999999999,0.015,0.015
30.03.2021 06:30:13.488 GMT-0700,120.382,120.338,0.015,0.0012
30.03.2021 06:30:13.589 GMT-0700,120.383,120.32700000000001,0.015,0.015
30.03.2021 06:30:13.639 GMT-0700,120.382,120.338,0.015,0.015
30.03.2021 06:30:13.689 GMT-0700,120.383,120.32700000000001,0.015,0.015
30.03.2021 06:30:13.824 GMT-0700,120.393,120.32700000000001,0.015,0.015
30.03.2021 06:30:13.874 GMT-0700,120.383,120.32700000000001,0.015,0.015
30.03.2021 06:30:14.079 GMT-0700,120.37200000000001,120.30799999999999,0.015,0.015
30.03.2021 06:30:14.180 GMT-0700,120.383,120.31700000000001,0.015,0.015
30.03.2021 06:30:14.330 GMT-0700,120.353,120.30700000000002,0.015,0.015
30.03.2021 06:30:14.611 GMT-0700,120.33200000000001,120.27799999999999,0.015,0.015
30.03.2021 06:30:14.711 GMT-0700,120.31200000000001,120.24799999999999,0.015,0.015
30.03.2021 06:30:14.827 GMT-0700,120.333,120.27700000000002,0.015,0.015
30.03.2021 06:30:14.878 GMT-0700,120.31299999999999,120.24700000000001,0.015,0.015
30.03.2021 06:30:14.978 GMT-0700,120.33200000000001,120.27799999999999,0.015,0.015
30.03.2021 06:30:15.080 GMT-0700,120.33200000000001,120.288,0.015,0.015
30.03.2021 06:30:15.131 GMT-0700,120.33200000000001,120.27799999999999,0.015,0.015
30.03.2021 06:30:15.679 GMT-0700,120.33200000000001,120.24799999999999,0.015,0.015
30.03.2021 06:30:15.729 GMT-0700,120.33200000000001,120.27799999999999,0.015,0.015
30.03.2021 06:30:15.864 GMT-0700,120.333,120.287,0.015,0.015
30.03.2021 06:30:16.636 GMT-0700,120.31200000000001,120.288,0.0075,0.0001
30.03.2021 06:30:16.687 GMT-0700,120.302,120.24799999999999,0.015,0.015
30.03.2021 06:30:16.737 GMT-0700,120.26299999999999,120.20700000000001,0.015,0.015
30.03.2021 06:30:16.791 GMT-0700,120.28200000000001,120.198,0.015,0.015
30.03.2021 06:30:16.959 GMT-0700,120.283,120.227,0.015,0.0001
30.03.2021 06:30:17.975 GMT-0700,120.272,120.228,0.0075,0.015
30.03.2021 06:30:18.930 GMT-0700,120.253,120.227,0.015,0.015
30.03.2021 06:30:18.980 GMT-0700,120.273,120.23700000000001,0.015,0.015
30.03.2021 06:30:19.031 GMT-0700,120.283,120.23700000000001,0.015,0.015
30.03.2021 06:30:19.464 GMT-0700,120.283,120.197,0.015,0.015
30.03.2021 06:30:19.519 GMT-0700,120.26299999999999,120.227,0.0075,0.0001
30.03.2021 06:30:19.676 GMT-0700,120.26200000000001,120.198,0.015,0.015
30.03.2021 06:30:19.776 GMT-0700,120.26299999999999,120.227,0.015,0.015
30.03.2021 06:30:19.894 GMT-0700,120.26299999999999,120.197,0.015,0.015
30.03.2021 06:30:20.170 GMT-0700,120.26200000000001,120.21799999999999,0.015,0.015
30.03.2021 06:30:20.519 GMT-0700,120.26200000000001,120.228,0.015,0.0001
30.03.2021 06:30:21.196 GMT-0700,120.26299999999999,120.23700000000001,0.015,0.015
30.03.2021 06:30:21.247 GMT-0700,120.26299999999999,120.227,0.015,0.015
30.03.2021 06:30:21.474 GMT-0700,120.26299999999999,120.24700000000001,0.0075,0.0001
30.03.2021 06:30:21.524 GMT-0700,120.26299999999999,120.23700000000001,0.015,0.015
30.03.2021 06:30:21.575 GMT-0700,120.273,120.23700000000001,0.015,0.015
30.03.2021 06:30:21.747 GMT-0700,120.273,120.24700000000001,0.015,0.015
30.03.2021 06:30:21.797 GMT-0700,120.29200000000002,120.258,0.015,0.015
30.03.2021 06:30:21.848 GMT-0700,120.302,120.268,0.015,0.015
30.03.2021 06:30:21.898 GMT-0700,120.352,120.298,0.015,0.015
30.03.2021 06:30:22.027 GMT-0700,120.36200000000001,120.298,0.015,0.015
30.03.2021 06:30:22.167 GMT-0700,120.37299999999999,120.30700000000002,0.015,0.015
30.03.2021 06:30:22.382 GMT-0700,120.383,120.30700000000002,0.015,0.015
30.03.2021 06:30:22.432 GMT-0700,120.352,120.30799999999999,0.015,0.015
30.03.2021 06:30:22.533 GMT-0700,120.353,120.337,0.015,0.015
30.03.2021 06:30:23.034 GMT-0700,120.353,120.32700000000001,0.015,0.015
30.03.2021 06:30:23.171 GMT-0700,120.352,120.338,0.015,0.0012
30.03.2021 06:30:23.221 GMT-0700,120.353,120.32700000000001,0.015,0.015
30.03.2021 06:30:23.909 GMT-0700,120.353,120.31700000000001,0.015,0.015
30.03.2021 06:30:24.168 GMT-0700,120.33200000000001,120.318,0.0075,0.0012
30.03.2021 06:30:24.218 GMT-0700,120.33200000000001,120.298,0.015,0.015
30.03.2021 06:30:24.650 GMT-0700,120.323,120.29700000000001,0.0075,0.015
30.03.2021 06:30:24.807 GMT-0700,120.325,120.318,0.0075,0.0001
30.03.2021 06:30:24.858 GMT-0700,120.352,120.30799999999999,0.015,0.015
30.03.2021 06:30:24.908 GMT-0700,120.363,120.31700000000001,0.015,0.015
30.03.2021 06:30:25.183 GMT-0700,120.36200000000001,120.30799999999999,0.015,0.015
30.03.2021 06:30:25.383 GMT-0700,120.333,120.30700000000002,0.0075,0.0012
30.03.2021 06:30:25.433 GMT-0700,120.34200000000001,120.298,0.015,0.015
30.03.2021 06:30:25.626 GMT-0700,120.333,120.29700000000001,0.0075,0.015
30.03.2021 06:30:25.812 GMT-0700,120.31299999999999,120.257,0.015,0.015
30.03.2021 06:30:26.038 GMT-0700,120.31299999999999,120.26700000000001,0.015,0.015
30.03.2021 06:30:26.156 GMT-0700,120.31200000000001,120.258,0.015,0.015
30.03.2021 06:30:26.207 GMT-0700,120.31200000000001,120.268,0.015,0.015
30.03.2021 06:30:26.420 GMT-0700,120.31200000000001,120.27799999999999,0.015,0.0012
30.03.2021 06:30:26.571 GMT-0700,120.33200000000001,120.298,0.015,0.015
30.03.2021 06:30:26.641 GMT-0700,120.34200000000001,120.298,0.015,0.015
30.03.2021 06:30:26.800 GMT-0700,120.34200000000001,120.288,0.015,0.015
30.03.2021 06:30:26.851 GMT-0700,120.34200000000001,120.298,0.015,0.015
30.03.2021 06:30:26.983 GMT-0700,120.363,120.32700000000001,0.015,0.015
30.03.2021 06:30:27.034 GMT-0700,120.36200000000001,120.318,0.015,0.015
30.03.2021 06:30:27.085 GMT-0700,120.36200000000001,120.338,0.015,0.0001
30.03.2021 06:30:27.135 GMT-0700,120.37299999999999,120.32700000000001,0.015,0.015
30.03.2021 06:30:27.309 GMT-0700,120.383,120.32700000000001,0.015,0.015
30.03.2021 06:30:27.477 GMT-0700,120.382,120.338,0.015,0.015
30.03.2021 06:30:27.597 GMT-0700,120.382,120.35799999999999,0.015,0.015
30.03.2021 06:30:27.648 GMT-0700,120.40200000000002,120.35799999999999,0.015,0.015
30.03.2021 06:30:27.698 GMT-0700,120.40299999999999,120.367,0.015,0.015
30.03.2021 06:30:28.019 GMT-0700,120.39200000000001,120.368,0.015,0.015
30.03.2021 06:30:28.070 GMT-0700,120.37299999999999,120.32700000000001,0.015,0.015
30.03.2021 06:30:28.120 GMT-0700,120.37200000000001,120.338,0.015,0.015
30.03.2021 06:30:28.298 GMT-0700,120.352,120.32799999999999,0.015,0.015
30.03.2021 06:30:28.425 GMT-0700,120.37200000000001,120.32799999999999,0.015,0.015
30.03.2021 06:30:28.583 GMT-0700,120.37200000000001,120.338,0.015,0.0001
30.03.2021 06:30:28.844 GMT-0700,120.37200000000001,120.348,0.015,0.0001
30.03.2021 06:30:28.945 GMT-0700,120.412,120.38799999999999,0.015,0.015
30.03.2021 06:30:29.108 GMT-0700,120.43200000000002,120.38799999999999,0.015,0.015
30.03.2021 06:30:29.159 GMT-0700,120.423,120.38700000000001,0.015,0.015
30.03.2021 06:30:29.439 GMT-0700,120.40299999999999,120.38700000000001,0.0075,0.0001
30.03.2021 06:30:29.489 GMT-0700,120.40200000000002,120.378,0.015,0.015
30.03.2021 06:30:29.605 GMT-0700,120.39200000000001,120.368,0.0075,0.0012
30.03.2021 06:30:29.655 GMT-0700,120.383,120.34700000000001,0.015,0.015
30.03.2021 06:30:29.706 GMT-0700,120.393,120.34700000000001,0.015,0.015
30.03.2021 06:30:29.768 GMT-0700,120.383,120.34700000000001,0.0075,0.015
30.03.2021 06:30:29.939 GMT-0700,120.353,120.32700000000001,0.015,0.015
30.03.2021 06:30:30.061 GMT-0700,120.34200000000001,120.32799999999999,0.0075,0.015
30.03.2021 06:30:30.112 GMT-0700,120.34200000000001,120.298,0.015,0.015
30.03.2021 06:30:30.162 GMT-0700,120.33200000000001,120.288,0.015,0.015
30.03.2021 06:30:30.313 GMT-0700,120.33200000000001,120.298,0.015,0.015
30.03.2021 06:30:30.363 GMT-0700,120.33200000000001,120.288,0.015,0.015
30.03.2021 06:30:30.720 GMT-0700,120.333,120.27700000000002,0.015,0.015
30.03.2021 06:30:30.833 GMT-0700,120.33200000000001,120.288,0.015,0.0001
30.03.2021 06:30:30.934 GMT-0700,120.29200000000002,120.258,0.015,0.015
30.03.2021 06:30:31.197 GMT-0700,120.28200000000001,120.258,0.015,0.015
30.03.2021 06:30:31.756 GMT-0700,120.26299999999999,120.257,0.0075,0.0012
30.03.2021 06:30:31.806 GMT-0700,120.26200000000001,120.228,0.015,0.015
30.03.2021 06:30:31.980 GMT-0700,120.26299999999999,120.21700000000001,0.015,0.015
30.03.2021 06:30:32.081 GMT-0700,120.243,120.197,0.015,0.015
30.03.2021 06:30:32.200 GMT-0700,120.243,120.21700000000001,0.015,0.015
30.03.2021 06:30:32.250 GMT-0700,120.243,120.20700000000001,0.015,0.015
30.03.2021 06:30:32.978 GMT-0700,120.22200000000001,120.178,0.015,0.015
30.03.2021 06:30:33.028 GMT-0700,120.212,120.178,0.015,0.015
30.03.2021 06:30:33.751 GMT-0700,120.20299999999999,120.177,0.0075,0.0012
30.03.2021 06:30:33.802 GMT-0700,120.20299999999999,120.15700000000001,0.015,0.015
30.03.2021 06:30:33.852 GMT-0700,120.19200000000001,120.158,0.015,0.015
30.03.2021 06:30:33.960 GMT-0700,120.19200000000001,120.16799999999999,0.015,0.015
30.03.2021 06:30:34.010 GMT-0700,120.15200000000002,120.10799999999999,0.015,0.015
30.03.2021 06:30:34.061 GMT-0700,120.162,120.10799999999999,0.015,0.015
30.03.2021 06:30:34.161 GMT-0700,120.162,120.118,0.015,0.015
30.03.2021 06:30:34.262 GMT-0700,120.162,120.128,0.015,0.015
30.03.2021 06:30:34.446 GMT-0700,120.162,120.118,0.015,0.015
30.03.2021 06:30:34.544 GMT-0700,120.162,120.128,0.015,0.0001
30.03.2021 06:30:34.694 GMT-0700,120.15299999999999,120.117,0.015,0.015
30.03.2021 06:30:34.795 GMT-0700,120.163,120.117,0.015,0.015
30.03.2021 06:30:34.845 GMT-0700,120.15299999999999,120.117,0.015,0.015
30.03.2021 06:30:35.311 GMT-0700,120.15299999999999,120.12700000000001,0.015,0.0012
30.03.2021 06:30:35.362 GMT-0700,120.15299999999999,120.117,0.015,0.015
30.03.2021 06:30:35.462 GMT-0700,120.15200000000002,120.10799999999999,0.015,0.015
30.03.2021 06:30:35.682 GMT-0700,120.15299999999999,120.09700000000001,0.015,0.015
30.03.2021 06:30:35.733 GMT-0700,120.143,120.09700000000001,0.015,0.015
30.03.2021 06:30:35.984 GMT-0700,120.14200000000001,120.10799999999999,0.015,0.015
30.03.2021 06:30:36.034 GMT-0700,120.14200000000001,120.098,0.015,0.015
30.03.2021 06:30:36.930 GMT-0700,120.132,120.098,0.015,0.015
30.03.2021 06:30:38.178 GMT-0700,120.12200000000001,120.098,0.0075,0.015
30.03.2021 06:30:38.792 GMT-0700,120.083,120.04700000000001,0.015,0.015
30.03.2021 06:30:38.899 GMT-0700,120.083,120.037,0.015,0.015
30.03.2021 06:30:38.989 GMT-0700,120.113,120.06700000000001,0.015,0.015
30.03.2021 06:30:39.040 GMT-0700,120.11200000000001,120.048,0.015,0.015
30.03.2021 06:30:39.090 GMT-0700,120.11200000000001,120.068,0.015,0.0012
30.03.2021 06:30:39.141 GMT-0700,120.12299999999999,120.06700000000001,0.015,0.015
30.03.2021 06:30:39.241 GMT-0700,120.113,120.06700000000001,0.0075,0.015
30.03.2021 06:30:39.697 GMT-0700,120.102,120.05799999999999,0.015,0.015
30.03.2021 06:30:39.905 GMT-0700,120.103,120.04700000000001,0.015,0.015
30.03.2021 06:30:39.956 GMT-0700,120.102,120.05799999999999,0.015,0.015
30.03.2021 06:30:40.096 GMT-0700,120.103,120.04700000000001,0.015,0.015
30.03.2021 06:30:40.162 GMT-0700,120.09299999999999,120.04700000000001,0.0075,0.0001
30.03.2021 06:30:40.262 GMT-0700,120.09200000000001,120.038,0.015,0.015
30.03.2021 06:30:40.704 GMT-0700,120.073,120.037,0.015,0.015
30.03.2021 06:30:40.808 GMT-0700,120.06200000000001,120.038,0.0075,0.015
30.03.2021 06:30:40.858 GMT-0700,120.06200000000001,120.02799999999999,0.015,0.015
30.03.2021 06:30:41.154 GMT-0700,120.053,120.02700000000002,0.0075,0.0001
30.03.2021 06:30:41.204 GMT-0700,120.053,120.01700000000001,0.015,0.015
30.03.2021 06:30:41.413 GMT-0700,120.073,120.02700000000002,0.015,0.015
30.03.2021 06:30:41.463 GMT-0700,120.06200000000001,120.02799999999999,0.015,0.015
30.03.2021 06:30:41.514 GMT-0700,120.06200000000001,120.018,0.015,0.015
30.03.2021 06:30:41.904 GMT-0700,120.072,120.02799999999999,0.015,0.015
30.03.2021 06:30:42.604 GMT-0700,120.073,120.037,0.015,0.0001
30.03.2021 06:30:42.654 GMT-0700,120.073,120.02700000000002,0.015,0.015
30.03.2021 06:30:42.755 GMT-0700,120.083,120.04700000000001,0.015,0.015
30.03.2021 06:30:42.805 GMT-0700,120.09200000000001,120.048,0.015,0.015
30.03.2021 06:30:43.213 GMT-0700,120.09200000000001,120.05799999999999,0.015,0.0012
30.03.2021 06:30:43.363 GMT-0700,120.132,120.10799999999999,0.015,0.015
30.03.2021 06:30:43.414 GMT-0700,120.15299999999999,120.10700000000001,0.015,0.015
30.03.2021 06:30:43.464 GMT-0700,120.15200000000002,120.118,0.015,0.015
30.03.2021 06:30:43.615 GMT-0700,120.15299999999999,120.12700000000001,0.015,0.015
30.03.2021 06:30:43.881 GMT-0700,120.18200000000002,120.13799999999999,0.015,0.015
30.03.2021 06:30:44.024 GMT-0700,120.162,120.13799999999999,0.0075,0.015
30.03.2021 06:30:44.074 GMT-0700,120.163,120.10700000000001,0.015,0.015
30.03.2021 06:30:44.225 GMT-0700,120.162,120.118,0.015,0.015
30.03.2021 06:30:44.276 GMT-0700,120.162,120.10799999999999,0.015,0.015
30.03.2021 06:30:44.326 GMT-0700,120.163,120.117,0.015,0.015
30.03.2021 06:30:44.376 GMT-0700,120.162,120.10799999999999,0.015,0.015
30.03.2021 06:30:44.427 GMT-0700,120.15299999999999,120.10700000000001,0.015,0.015
30.03.2021 06:30:44.613 GMT-0700,120.15200000000002,120.118,0.015,0.0001
30.03.2021 06:30:44.714 GMT-0700,120.14200000000001,120.10799999999999,0.015,0.015
30.03.2021 06:30:44.864 GMT-0700,120.15200000000002,120.10799999999999,0.015,0.015
30.03.2021 06:30:44.915 GMT-0700,120.143,120.10700000000001,0.015,0.015
30.03.2021 06:30:45.127 GMT-0700,120.133,120.10700000000001,0.015,0.015
30.03.2021 06:30:45.177 GMT-0700,120.11200000000001,120.068,0.015,0.015
30.03.2021 06:30:45.278 GMT-0700,120.11200000000001,120.07799999999999,0.015,0.015
30.03.2021 06:30:45.533 GMT-0700,120.12299999999999,120.09700000000001,0.015,0.015
30.03.2021 06:30:45.858 GMT-0700,120.11200000000001,120.098,0.0075,0.0001
30.03.2021 06:30:45.908 GMT-0700,120.11200000000001,120.088,0.015,0.015
30.03.2021 06:30:45.959 GMT-0700,120.12200000000001,120.088,0.015,0.015
30.03.2021 06:30:46.174 GMT-0700,120.12200000000001,120.07799999999999,0.015,0.015
30.03.2021 06:30:46.275 GMT-0700,120.12299999999999,120.087,0.015,0.0001
30.03.2021 06:30:46.697 GMT-0700,120.072,120.05799999999999,0.015,0.015
30.03.2021 06:30:46.748 GMT-0700,120.08200000000001,120.05799999999999,0.015,0.015
30.03.2021 06:30:46.798 GMT-0700,120.09200000000001,120.068,0.015,0.015
30.03.2021 06:30:46.899 GMT-0700,120.09299999999999,120.05700000000002,0.015,0.015
30.03.2021 06:30:46.949 GMT-0700,120.09200000000001,120.068,0.015,0.015
30.03.2021 06:30:46.999 GMT-0700,120.06200000000001,120.038,0.015,0.015
30.03.2021 06:30:47.050 GMT-0700,120.052,120.018,0.015,0.015
30.03.2021 06:30:47.100 GMT-0700,120.083,120.04700000000001,0.015,0.015
30.03.2021 06:30:47.201 GMT-0700,120.08200000000001,120.038,0.015,0.015
30.03.2021 06:30:47.252 GMT-0700,120.083,120.04700000000001,0.015,0.0012
30.03.2021 06:30:47.415 GMT-0700,120.09299999999999,120.04700000000001,0.015,0.015
30.03.2021 06:30:47.711 GMT-0700,120.072,120.038,0.015,0.015
30.03.2021 06:30:47.811 GMT-0700,120.072,120.02799999999999,0.015,0.015
30.03.2021 06:30:48.065 GMT-0700,120.08200000000001,120.02799999999999,0.015,0.015
30.03.2021 06:30:48.266 GMT-0700,120.083,120.037,0.015,0.015
30.03.2021 06:30:48.478 GMT-0700,120.103,120.06700000000001,0.015,0.015
30.03.2021 06:30:48.529 GMT-0700,120.102,120.05799999999999,0.015,0.015
30.03.2021 06:30:48.858 GMT-0700,120.103,120.06700000000001,0.015,0.0001
30.03.2021 06:30:48.959 GMT-0700,120.103,120.05700000000002,0.015,0.015
30.03.2021 06:30:49.009 GMT-0700,120.102,120.068,0.015,0.015
30.03.2021 06:30:49.059 GMT-0700,120.133,120.07700000000001,0.015,0.015
30.03.2021 06:30:49.110 GMT-0700,120.12299999999999,120.087,0.015,0.015
30.03.2021 06:30:49.160 GMT-0700,120.132,120.088,0.015,0.015
30.03.2021 06:30:49.267 GMT-0700,120.143,120.087,0.015,0.015
30.03.2021 06:30:49.320 GMT-0700,120.132,120.088,0.0075,0.015
30.03.2021 06:30:49.525 GMT-0700,120.12200000000001,120.088,0.015,0.015
30.03.2021 06:30:49.656 GMT-0700,120.102,120.088,0.0075,0.0001
30.03.2021 06:30:49.707 GMT-0700,120.103,120.05700000000002,0.015,0.015
30.03.2021 06:30:49.807 GMT-0700,120.12200000000001,120.07799999999999,0.015,0.015
30.03.2021 06:30:50.008 GMT-0700,120.133,120.07700000000001,0.015,0.015
30.03.2021 06:30:50.058 GMT-0700,120.132,120.088,0.015,0.015
30.03.2021 06:30:50.188 GMT-0700,120.12299999999999,120.07700000000001,0.015,0.015
30.03.2021 06:30:50.677 GMT-0700,120.113,120.06700000000001,0.015,0.015
30.03.2021 06:30:50.778 GMT-0700,120.103,120.06700000000001,0.015,0.015
30.03.2021 06:30:51.028 GMT-0700,120.11200000000001,120.068,0.015,0.015
30.03.2021 06:30:51.230 GMT-0700,120.11200000000001,120.05799999999999,0.015,0.015
30.03.2021 06:30:51.280 GMT-0700,120.102,120.068,0.015,0.015
30.03.2021 06:30:51.520 GMT-0700,120.09299999999999,120.05700000000002,0.015,0.015
30.03.2021 06:30:51.674 GMT-0700,120.09200000000001,120.068,0.0075,0.0001
30.03.2021 06:30:51.724 GMT-0700,120.09200000000001,120.05799999999999,0.015,0.015
30.03.2021 06:30:51.903 GMT-0700,120.103,120.04700000000001,0.015,0.015
30.03.2021 06:30:51.953 GMT-0700,120.102,120.05799999999999,0.015,0.015
30.03.2021 06:30:52.090 GMT-0700,120.103,120.06700000000001,0.015,0.015
30.03.2021 06:30:52.145 GMT-0700,120.102,120.05799999999999,0.015,0.015
30.03.2021 06:30:52.627 GMT-0700,120.09299999999999,120.05700000000002,0.015,0.015
30.03.2021 06:30:52.677 GMT-0700,120.103,120.05700000000002,0.015,0.015
30.03.2021 06:30:52.777 GMT-0700,120.103,120.06700000000001,0.015,0.015
30.03.2021 06:30:53.281 GMT-0700,120.102,120.07799999999999,0.015,0.0012
30.03.2021 06:30:53.332 GMT-0700,120.103,120.06700000000001,0.015,0.015
30.03.2021 06:30:53.448 GMT-0700,120.102,120.088,0.0075,0.0001
30.03.2021 06:30:53.498 GMT-0700,120.143,120.09700000000001,0.015,0.015
30.03.2021 06:30:53.625 GMT-0700,120.15299999999999,120.09700000000001,0.015,0.015
30.03.2021 06:30:53.717 GMT-0700,120.15200000000002,120.10799999999999,0.015,0.015
30.03.2021 06:30:53.870 GMT-0700,120.132,120.10799999999999,0.015,0.015
30.03.2021 06:30:54.057 GMT-0700,120.14200000000001,120.10799999999999,0.015,0.015
30.03.2021 06:30:54.158 GMT-0700,120.133,120.10700000000001,0.015,0.015
30.03.2021 06:30:54.259 GMT-0700,120.14200000000001,120.10799999999999,0.015,0.015
30.03.2021 06:30:54.359 GMT-0700,120.15200000000002,120.118,0.015,0.015
30.03.2021 06:30:54.460 GMT-0700,120.162,120.118,0.015,0.015
30.03.2021 06:30:54.606 GMT-0700,120.14200000000001,120.118,0.0075,0.0001
30.03.2021 06:30:54.657 GMT-0700,120.163,120.10700000000001,0.015,0.015
30.03.2021 06:30:55.025 GMT-0700,120.162,120.13799999999999,0.0075,0.0001
30.03.2021 06:30:55.076 GMT-0700,120.17200000000001,120.13799999999999,0.015,0.015
30.03.2021 06:30:55.176 GMT-0700,120.15200000000002,120.118,0.015,0.015
30.03.2021 06:30:55.227 GMT-0700,120.162,120.118,0.015,0.015
30.03.2021 06:30:55.277 GMT-0700,120.173,120.12700000000001,0.015,0.015
30.03.2021 06:30:55.388 GMT-0700,120.18200000000002,120.13799999999999,0.015,0.015
30.03.2021 06:30:55.539 GMT-0700,120.20299999999999,120.15700000000001,0.015,0.015
30.03.2021 06:30:55.689 GMT-0700,120.23299999999999,120.18700000000001,0.015,0.015
30.03.2021 06:30:55.790 GMT-0700,120.20299999999999,120.18700000000001,0.015,0.015
30.03.2021 06:30:55.840 GMT-0700,120.20200000000001,120.178,0.015,0.015
30.03.2021 06:30:55.891 GMT-0700,120.20299999999999,120.18700000000001,0.015,0.015
30.03.2021 06:30:55.941 GMT-0700,120.223,120.197,0.015,0.015
30.03.2021 06:30:56.041 GMT-0700,120.26200000000001,120.238,0.015,0.015
30.03.2021 06:30:56.092 GMT-0700,120.26200000000001,120.228,0.015,0.015
30.03.2021 06:30:56.142 GMT-0700,120.23299999999999,120.20700000000001,0.015,0.015
30.03.2021 06:30:56.192 GMT-0700,120.26200000000001,120.21799999999999,0.015,0.015
30.03.2021 06:30:56.242 GMT-0700,120.23299999999999,120.20700000000001,0.015,0.015
30.03.2021 06:30:56.293 GMT-0700,120.23299999999999,120.197,0.015,0.015
30.03.2021 06:30:56.343 GMT-0700,120.223,120.197,0.015,0.015
30.03.2021 06:30:56.393 GMT-0700,120.23299999999999,120.197,0.015,0.015
30.03.2021 06:30:56.494 GMT-0700,120.22200000000001,120.18799999999999,0.015,0.015
30.03.2021 06:30:56.656 GMT-0700,120.19500000000001,120.18700000000001,0.0075,0.0012
30.03.2021 06:30:56.706 GMT-0700,120.213,120.16700000000002,0.015,0.015
30.03.2021 06:30:56.757 GMT-0700,120.223,120.197,0.015,0.015
30.03.2021 06:30:56.857 GMT-0700,120.213,120.177,0.015,0.015
30.03.2021 06:30:56.907 GMT-0700,120.20299999999999,120.177,0.015,0.015
30.03.2021 06:30:57.014 GMT-0700,120.212,120.18799999999999,0.015,0.015
30.03.2021 06:30:57.114 GMT-0700,120.18299999999999,120.15700000000001,0.015,0.015
30.03.2021 06:30:57.215 GMT-0700,120.18200000000002,120.148,0.015,0.015
30.03.2021 06:30:57.268 GMT-0700,120.18299999999999,120.177,0.0075,0.0012
30.03.2021 06:30:57.319 GMT-0700,120.213,120.16700000000002,0.015,0.015
30.03.2021 06:30:57.369 GMT-0700,120.20299999999999,120.15700000000001,0.015,0.015
30.03.2021 06:30:57.470 GMT-0700,120.212,120.16799999999999,0.015,0.015
30.03.2021 06:30:57.572 GMT-0700,120.213,120.18700000000001,0.015,0.015
30.03.2021 06:30:57.683 GMT-0700,120.213,120.16700000000002,0.015,0.015
30.03.2021 06:30:57.904 GMT-0700,120.20200000000001,120.158,0.015,0.015
30.03.2021 06:30:58.005 GMT-0700,120.19200000000001,120.148,0.015,0.015
30.03.2021 06:30:58.055 GMT-0700,120.20299999999999,120.147,0.015,0.015
30.03.2021 06:30:58.117 GMT-0700,120.19200000000001,120.148,0.015,0.015
30.03.2021 06:30:58.400 GMT-0700,120.193,120.13700000000001,0.015,0.015
30.03.2021 06:30:58.458 GMT-0700,120.20200000000001,120.158,0.015,0.015
30.03.2021 06:30:58.567 GMT-0700,120.193,120.147,0.015,0.015
30.03.2021 06:30:58.718 GMT-0700,120.20200000000001,120.158,0.015,0.015
30.03.2021 06:30:58.818 GMT-0700,120.19200000000001,120.13799999999999,0.015,0.015
30.03.2021 06:30:58.869 GMT-0700,120.20299999999999,120.16700000000002,0.015,0.015
30.03.2021 06:30:58.919 GMT-0700,120.212,120.16799999999999,0.015,0.015
30.03.2021 06:30:58.969 GMT-0700,120.20299999999999,120.16700000000002,0.015,0.015
30.03.2021 06:30:59.020 GMT-0700,120.20200000000001,120.158,0.015,0.015
30.03.2021 06:30:59.070 GMT-0700,120.162,120.128,0.015,0.015
30.03.2021 06:30:59.120 GMT-0700,120.173,120.12700000000001,0.015,0.015
30.03.2021 06:30:59.171 GMT-0700,120.162,120.128,0.015,0.015
30.03.2021 06:30:59.655 GMT-0700,120.173,120.12700000000001,0.015,0.015
30.03.2021 06:30:59.705 GMT-0700,120.163,120.12700000000001,0.015,0.015
30.03.2021 06:30:59.805 GMT-0700,120.162,120.118,0.015,0.015
30.03.2021 06:30:59.862 GMT-0700,120.14200000000001,120.118,0.015,0.015
30.03.2021 06:30:59.912 GMT-0700,120.132,120.098,0.015,0.015
30.03.2021 06:30:59.963 GMT-0700,120.15299999999999,120.10700000000001,0.015,0.015
30.03.2021 06:31:00.013 GMT-0700,120.162,120.118,0.015,0.015
30.03.2021 06:31:00.116 GMT-0700,120.15200000000002,120.118,0.015,0.015
30.03.2021 06:31:00.266 GMT-0700,120.143,120.09700000000001,0.015,0.015
30.03.2021 06:31:00.392 GMT-0700,120.14200000000001,120.10799999999999,0.015,0.015
30.03.2021 06:31:00.493 GMT-0700,120.15299999999999,120.12700000000001,0.015,0.015
30.03.2021 06:31:00.543 GMT-0700,120.163,120.12700000000001,0.015,0.015
30.03.2021 06:31:00.656 GMT-0700,120.15200000000002,120.128,0.0075,0.0001
30.03.2021 06:31:00.707 GMT-0700,120.15200000000002,120.10799999999999,0.015,0.015
30.03.2021 06:31:00.757 GMT-0700,120.14200000000001,120.10799999999999,0.015,0.015
30.03.2021 06:31:00.960 GMT-0700,120.143,120.09700000000001,0.015,0.015
30.03.2021 06:31:01.060 GMT-0700,120.132,120.098,0.0075,0.015
30.03.2021 06:31:01.373 GMT-0700,120.12299999999999,120.09700000000001,0.015,0.015
30.03.2021 06:31:01.423 GMT-0700,120.132,120.098,0.015,0.015
30.03.2021 06:31:01.558 GMT-0700,120.132,120.10799999999999,0.0075,0.0001
30.03.2021 06:31:01.608 GMT-0700,120.15299999999999,120.117,0.015,0.015
30.03.2021 06:31:01.758 GMT-0700,120.15200000000002,120.128,0.015,0.015
30.03.2021 06:31:01.808 GMT-0700,120.15299999999999,120.117,0.015,0.015
30.03.2021 06:31:01.909 GMT-0700,120.15200000000002,120.128,0.015,0.015
30.03.2021 06:31:01.959 GMT-0700,120.193,120.147,0.015,0.015
30.03.2021 06:31:02.072 GMT-0700,120.17200000000001,120.13799999999999,0.015,0.015
30.03.2021 06:31:02.273 GMT-0700,120.17200000000001,120.148,0.015,0.0001
30.03.2021 06:31:02.471 GMT-0700,120.17200000000001,120.13799999999999,0.015,0.015
30.03.2021 06:31:02.660 GMT-0700,120.20200000000001,120.13799999999999,0.015,0.015
30.03.2021 06:31:02.896 GMT-0700,120.20200000000001,120.148,0.015,0.0012
30.03.2021 06:31:02.997 GMT-0700,120.18200000000002,120.148,0.015,0.015
30.03.2021 06:31:03.048 GMT-0700,120.20200000000001,120.148,0.015,0.015
30.03.2021 06:31:03.157 GMT-0700,120.18200000000002,120.148,0.0075,0.015
30.03.2021 06:31:03.257 GMT-0700,120.18200000000002,120.13799999999999,0.015,0.015
30.03.2021 06:31:03.308 GMT-0700,120.17200000000001,120.13799999999999,0.015,0.015
30.03.2021 06:31:03.800 GMT-0700,120.173,120.12700000000001,0.015,0.015
30.03.2021 06:31:03.855 GMT-0700,120.17200000000001,120.13799999999999,0.015,0.0001
30.03.2021 06:31:04.106 GMT-0700,120.17200000000001,120.128,0.015,0.015
30.03.2021 06:31:04.190 GMT-0700,120.15200000000002,120.128,0.0075,0.0001
30.03.2021 06:31:04.240 GMT-0700,120.163,120.117,0.015,0.015
30.03.2021 06:31:04.579 GMT-0700,120.163,120.12700000000001,0.015,0.015
30.03.2021 06:31:04.801 GMT-0700,120.132,120.098,0.015,0.015
30.03.2021 06:31:04.852 GMT-0700,120.143,120.09700000000001,0.015,0.015
30.03.2021 06:31:04.902 GMT-0700,120.143,120.10700000000001,0.015,0.015
30.03.2021 06:31:05.003 GMT-0700,120.15299999999999,120.12700000000001,0.015,0.015
30.03.2021 06:31:05.053 GMT-0700,120.14200000000001,120.10799999999999,0.015,0.015
30.03.2021 06:31:05.103 GMT-0700,120.15299999999999,120.117,0.015,0.015
30.03.2021 06:31:05.354 GMT-0700,120.15200000000002,120.098,0.015,0.015
30.03.2021 06:31:05.405 GMT-0700,120.15200000000002,120.118,0.015,0.015
30.03.2021 06:31:06.003 GMT-0700,120.15299999999999,120.10700000000001,0.015,0.015
30.03.2021 06:31:06.054 GMT-0700,120.15200000000002,120.118,0.015,0.015
30.03.2021 06:31:06.156 GMT-0700,120.132,120.10799999999999,0.015,0.015
30.03.2021 06:31:06.206 GMT-0700,120.14200000000001,120.10799999999999,0.015,0.015
30.03.2021 06:31:06.799 GMT-0700,120.133,120.10700000000001,0.0075,0.015
30.03.2021 06:31:06.900 GMT-0700,120.12299999999999,120.09700000000001,0.015,0.015
30.03.2021 06:31:07.156 GMT-0700,120.113,120.09700000000001,0.0075,0.0012
30.03.2021 06:31:07.206 GMT-0700,120.11200000000001,120.07799999999999,0.015,0.015
30.03.2021 06:31:07.323 GMT-0700,120.08200000000001,120.05799999999999,0.015,0.015
30.03.2021 06:31:07.373 GMT-0700,120.102,120.05799999999999,0.015,0.015
30.03.2021 06:31:07.474 GMT-0700,120.09299999999999,120.05700000000002,0.015,0.015
30.03.2021 06:31:07.675 GMT-0700,120.083,120.05700000000002,0.015,0.015
30.03.2021 06:31:07.725 GMT-0700,120.09299999999999,120.05700000000002,0.015,0.015
30.03.2021 06:31:07.775 GMT-0700,120.113,120.07700000000001,0.015,0.015
30.03.2021 06:31:07.886 GMT-0700,120.113,120.06700000000001,0.015,0.015
30.03.2021 06:31:07.936 GMT-0700,120.103,120.06700000000001,0.015,0.015
30.03.2021 06:31:08.407 GMT-0700,120.102,120.07799999999999,0.015,0.0012
30.03.2021 06:31:08.457 GMT-0700,120.102,120.068,0.015,0.015
30.03.2021 06:31:08.507 GMT-0700,120.12200000000001,120.098,0.015,0.015
30.03.2021 06:31:08.643 GMT-0700,120.15200000000002,120.118,0.015,0.015
30.03.2021 06:31:08.694 GMT-0700,120.15299999999999,120.12700000000001,0.015,0.015
30.03.2021 06:31:08.871 GMT-0700,120.143,120.12700000000001,0.0075,0.0001
30.03.2021 06:31:08.921 GMT-0700,120.143,120.09700000000001,0.015,0.015
30.03.2021 06:31:09.202 GMT-0700,120.132,120.10799999999999,0.015,0.015
30.03.2021 06:31:09.252 GMT-0700,120.143,120.09700000000001,0.015,0.015
30.03.2021 06:31:09.411 GMT-0700,120.143,120.10700000000001,0.015,0.0012
30.03.2021 06:31:09.580 GMT-0700,120.15200000000002,120.118,0.015,0.0012
30.03.2021 06:31:09.631 GMT-0700,120.15299999999999,120.10700000000001,0.015,0.015
30.03.2021 06:31:09.681 GMT-0700,120.143,120.10700000000001,0.015,0.015
30.03.2021 06:31:09.731 GMT-0700,120.15200000000002,120.10799999999999,0.015,0.015
30.03.2021 06:31:09.852 GMT-0700,120.143,120.10700000000001,0.0075,0.0012
30.03.2021 06:31:09.921 GMT-0700,120.113,120.06700000000001,0.015,0.015
30.03.2021 06:31:09.978 GMT-0700,120.083,120.04700000000001,0.015,0.015
30.03.2021 06:31:10.132 GMT-0700,120.103,120.07700000000001,0.015,0.0012
30.03.2021 06:31:10.183 GMT-0700,120.102,120.068,0.015,0.015
30.03.2021 06:31:10.631 GMT-0700,120.083,120.05700000000002,0.015,0.015
30.03.2021 06:31:10.681 GMT-0700,120.072,120.038,0.015,0.015
30.03.2021 06:31:10.732 GMT-0700,120.08200000000001,120.038,0.015,0.015
30.03.2021 06:31:10.880 GMT-0700,120.06200000000001,120.038,0.015,0.015
30.03.2021 06:31:10.981 GMT-0700,120.06200000000001,120.02799999999999,0.015,0.015
30.03.2021 06:31:11.031 GMT-0700,120.06200000000001,120.038,0.015,0.015
30.03.2021 06:31:11.160 GMT-0700,120.052,120.038,0.0075,0.0012
30.03.2021 06:31:11.211 GMT-0700,120.053,120.01700000000001,0.015,0.015
30.03.2021 06:31:11.667 GMT-0700,120.052,120.038,0.0075,0.0012
30.03.2021 06:31:11.718 GMT-0700,120.072,120.048,0.015,0.015
30.03.2021 06:31:11.818 GMT-0700,120.072,120.05799999999999,0.015,0.015
30.03.2021 06:31:11.969 GMT-0700,120.06299999999999,120.037,0.015,0.015
30.03.2021 06:31:12.019 GMT-0700,120.052,120.02799999999999,0.015,0.015
30.03.2021 06:31:12.070 GMT-0700,120.052,120.018,0.015,0.015
30.03.2021 06:31:12.120 GMT-0700,120.053,120.02700000000002,0.015,0.015
30.03.2021 06:31:12.220 GMT-0700,120.06299999999999,120.01700000000001,0.015,0.015
30.03.2021 06:31:12.271 GMT-0700,120.052,120.02799999999999,0.015,0.015
30.03.2021 06:31:12.481 GMT-0700,120.06200000000001,120.038,0.015,0.015
30.03.2021 06:31:12.531 GMT-0700,120.06299999999999,120.02700000000002,0.015,0.015
30.03.2021 06:31:12.674 GMT-0700,120.052,120.02799999999999,0.0075,0.015
30.03.2021 06:31:12.724 GMT-0700,120.052,120.018,0.015,0.015
30.03.2021 06:31:12.813 GMT-0700,120.04299999999999,120.01700000000001,0.0075,0.015
30.03.2021 06:31:13.140 GMT-0700,120.04299999999999,120.02700000000002,0.0075,0.0001
30.03.2021 06:31:13.190 GMT-0700,120.04200000000002,120.018,0.015,0.015
30.03.2021 06:31:13.291 GMT-0700,120.052,120.02799999999999,0.015,0.015
30.03.2021 06:31:13.341 GMT-0700,120.052,120.018,0.015,0.015
30.03.2021 06:31:13.442 GMT-0700,120.053,120.007,0.015,0.015
30.03.2021 06:31:13.659 GMT-0700,120.04200000000002,120.008,0.0075,0.015
30.03.2021 06:31:13.710 GMT-0700,120.052,120.008,0.015,0.015
30.03.2021 06:31:13.803 GMT-0700,120.052,120.018,0.015,0.0012
30.03.2021 06:31:13.854 GMT-0700,120.053,120.007,0.015,0.015
30.03.2021 06:31:13.904 GMT-0700,120.04299999999999,119.99700000000001,0.015,0.015
30.03.2021 06:31:14.005 GMT-0700,120.053,120.007,0.015,0.015
30.03.2021 06:31:14.167 GMT-0700,120.023,119.99700000000001,0.015,0.015
30.03.2021 06:31:14.218 GMT-0700,120.053,119.99700000000001,0.015,0.015
30.03.2021 06:31:14.268 GMT-0700,120.053,120.007,0.015,0.015
30.03.2021 06:31:14.409 GMT-0700,120.04299999999999,120.007,0.015,0.015
30.03.2021 06:31:14.610 GMT-0700,120.04200000000002,120.018,0.015,0.015
30.03.2021 06:31:14.660 GMT-0700,120.03200000000001,119.99799999999999,0.015,0.015
30.03.2021 06:31:14.711 GMT-0700,120.023,119.99700000000001,0.015,0.015
30.03.2021 06:31:14.812 GMT-0700,120.01299999999999,119.99700000000001,0.0075,0.015
30.03.2021 06:31:14.863 GMT-0700,120.022,119.99799999999999,0.015,0.015
30.03.2021 06:31:14.913 GMT-0700,120.01200000000001,119.988,0.015,0.015
30.03.2021 06:31:15.014 GMT-0700,120.022,119.978,0.015,0.015
30.03.2021 06:31:15.064 GMT-0700,120.023,119.98700000000001,0.015,0.015
30.03.2021 06:31:15.215 GMT-0700,120.003,119.977,0.015,0.015
30.03.2021 06:31:15.315 GMT-0700,120.01299999999999,119.977,0.015,0.015
30.03.2021 06:31:15.416 GMT-0700,120.022,119.978,0.015,0.015
30.03.2021 06:31:15.640 GMT-0700,120.01200000000001,119.978,0.015,0.015
30.03.2021 06:31:15.691 GMT-0700,120.022,119.978,0.015,0.015
30.03.2021 06:31:15.941 GMT-0700,120.01200000000001,119.978,0.015,0.015
30.03.2021 06:31:16.209 GMT-0700,120.023,119.99700000000001,0.015,0.015
30.03.2021 06:31:16.361 GMT-0700,119.992,119.96799999999999,0.015,0.015
30.03.2021 06:31:16.511 GMT-0700,120.00200000000001,119.96799999999999,0.015,0.015
30.03.2021 06:31:16.562 GMT-0700,119.992,119.96799999999999,0.015,0.015
30.03.2021 06:31:16.612 GMT-0700,120.01299999999999,119.95700000000001,0.015,0.015
30.03.2021 06:31:16.662 GMT-0700,119.993,119.95700000000001,0.015,0.015
30.03.2021 06:31:16.713 GMT-0700,119.95200000000001,119.928,0.015,0.015
30.03.2021 06:31:16.864 GMT-0700,119.962,119.93799999999999,0.015,0.015
30.03.2021 06:31:16.971 GMT-0700,119.962,119.928,0.015,0.015
30.03.2021 06:31:17.022 GMT-0700,119.93299999999999,119.90700000000001,0.015,0.015
30.03.2021 06:31:17.228 GMT-0700,119.92200000000001,119.908,0.015,0.015
30.03.2021 06:31:17.279 GMT-0700,119.95200000000001,119.928,0.015,0.015
30.03.2021 06:31:17.438 GMT-0700,119.95200000000001,119.93799999999999,0.015,0.015
30.03.2021 06:31:17.489 GMT-0700,119.98200000000001,119.93799999999999,0.015,0.015
30.03.2021 06:31:17.589 GMT-0700,119.98200000000001,119.928,0.015,0.015
30.03.2021 06:31:17.669 GMT-0700,119.95200000000001,119.928,0.0075,0.015
30.03.2021 06:31:17.893 GMT-0700,119.98299999999999,119.93700000000001,0.015,0.015
30.03.2021 06:31:17.998 GMT-0700,119.962,119.93799999999999,0.0075,0.015
30.03.2021 06:31:18.049 GMT-0700,119.962,119.928,0.015,0.015
30.03.2021 06:31:18.099 GMT-0700,119.98299999999999,119.95700000000001,0.015,0.015
30.03.2021 06:31:18.222 GMT-0700,119.963,119.947,0.015,0.015
30.03.2021 06:31:18.349 GMT-0700,119.98200000000001,119.958,0.015,0.015
30.03.2021 06:31:18.483 GMT-0700,119.97200000000001,119.958,0.0075,0.0012
30.03.2021 06:31:18.583 GMT-0700,119.98200000000001,119.948,0.015,0.015
30.03.2021 06:31:18.659 GMT-0700,119.95200000000001,119.947,0.0075,0.0012
30.03.2021 06:31:18.709 GMT-0700,119.95299999999999,119.90700000000001,0.015,0.015
30.03.2021 06:31:18.760 GMT-0700,119.98299999999999,119.90700000000001,0.015,0.015
30.03.2021 06:31:18.810 GMT-0700,119.98200000000001,119.928,0.015,0.015
30.03.2021 06:31:18.927 GMT-0700,119.98299999999999,119.93700000000001,0.015,0.0012
30.03.2021 06:31:19.028 GMT-0700,119.98299999999999,119.927,0.015,0.015
30.03.2021 06:31:19.086 GMT-0700,119.973,119.927,0.0075,0.015
30.03.2021 06:31:19.187 GMT-0700,119.95200000000001,119.898,0.015,0.015
30.03.2021 06:31:19.259 GMT-0700,119.912,119.88799999999999,0.015,0.015
30.03.2021 06:31:19.359 GMT-0700,119.93299999999999,119.897,0.015,0.015
30.03.2021 06:31:19.510 GMT-0700,119.93299999999999,119.90700000000001,0.015,0.015
30.03.2021 06:31:19.560 GMT-0700,119.93299999999999,119.897,0.015,0.015
30.03.2021 06:31:19.617 GMT-0700,119.93200000000002,119.908,0.015,0.0001
30.03.2021 06:31:19.718 GMT-0700,119.93299999999999,119.897,0.015,0.015
30.03.2021 06:31:20.075 GMT-0700,119.923,119.897,0.0075,0.0012
30.03.2021 06:31:20.125 GMT-0700,119.93299999999999,119.897,0.015,0.015
30.03.2021 06:31:20.226 GMT-0700,119.93200000000002,119.91799999999999,0.015,0.015
30.03.2021 06:31:20.276 GMT-0700,119.973,119.897,0.015,0.015
30.03.2021 06:31:20.327 GMT-0700,119.973,119.90700000000001,0.015,0.015
30.03.2021 06:31:20.377 GMT-0700,119.973,119.897,0.015,0.015
30.03.2021 06:31:20.428 GMT-0700,119.963,119.91700000000002,0.015,0.015
30.03.2021 06:31:20.478 GMT-0700,119.963,119.897,0.015,0.015
30.03.2021 06:31:20.579 GMT-0700,119.963,119.90700000000001,0.015,0.015
30.03.2021 06:31:20.685 GMT-0700,119.93200000000002,119.908,0.0075,0.015
30.03.2021 06:31:20.735 GMT-0700,119.963,119.90700000000001,0.015,0.015
30.03.2021 06:31:20.863 GMT-0700,119.963,119.897,0.015,0.015
30.03.2021 06:31:20.913 GMT-0700,119.962,119.91799999999999,0.015,0.015
30.03.2021 06:31:21.060 GMT-0700,119.943,119.927,0.015,0.015
30.03.2021 06:31:21.168 GMT-0700,119.97200000000001,119.93799999999999,0.015,0.015
30.03.2021 06:31:21.218 GMT-0700,119.97200000000001,119.948,0.015,0.015
30.03.2021 06:31:21.352 GMT-0700,119.973,119.95700000000001,0.0075,0.0001
30.03.2021 06:31:21.403 GMT-0700,119.992,119.958,0.015,0.015
30.03.2021 06:31:21.523 GMT-0700,119.993,119.96700000000001,0.015,0.015
30.03.2021 06:31:21.626 GMT-0700,119.992,119.958,0.015,0.015
30.03.2021 06:31:21.726 GMT-0700,119.98200000000001,119.958,0.015,0.015
30.03.2021 06:31:21.777 GMT-0700,119.993,119.95700000000001,0.015,0.015
30.03.2021 06:31:21.907 GMT-0700,119.993,119.96700000000001,0.015,0.0001
30.03.2021 06:31:22.008 GMT-0700,119.993,119.977,0.015,0.015
30.03.2021 06:31:22.183 GMT-0700,120.01200000000001,119.978,0.015,0.015
30.03.2021 06:31:22.333 GMT-0700,120.01200000000001,119.988,0.015,0.015
30.03.2021 06:31:22.482 GMT-0700,120.01200000000001,119.978,0.015,0.015
30.03.2021 06:31:22.533 GMT-0700,119.992,119.958,0.015,0.015
30.03.2021 06:31:22.666 GMT-0700,119.992,119.96799999999999,0.015,0.0012
30.03.2021 06:31:22.717 GMT-0700,119.98200000000001,119.948,0.015,0.015
30.03.2021 06:31:23.056 GMT-0700,119.973,119.93700000000001,0.015,0.015
30.03.2021 06:31:23.107 GMT-0700,119.98299999999999,119.93700000000001,0.015,0.015
30.03.2021 06:31:23.157 GMT-0700,119.97200000000001,119.93799999999999,0.015,0.015
30.03.2021 06:31:23.207 GMT-0700,120.01200000000001,119.948,0.015,0.015
30.03.2021 06:31:23.258 GMT-0700,120.01299999999999,119.95700000000001,0.015,0.015
30.03.2021 06:31:23.408 GMT-0700,120.01299999999999,119.96700000000001,0.015,0.015
30.03.2021 06:31:23.509 GMT-0700,120.01200000000001,119.978,0.015,0.015
30.03.2021 06:31:23.623 GMT-0700,120.023,119.99700000000001,0.015,0.015
30.03.2021 06:31:23.673 GMT-0700,120.022,119.988,0.015,0.015
30.03.2021 06:31:23.724 GMT-0700,120.01299999999999,119.98700000000001,0.015,0.015
30.03.2021 06:31:23.825 GMT-0700,120.023,119.99700000000001,0.015,0.015
30.03.2021 06:31:23.875 GMT-0700,120.053,120.01700000000001,0.015,0.015
30.03.2021 06:31:23.925 GMT-0700,120.052,120.02799999999999,0.015,0.015
30.03.2021 06:31:24.026 GMT-0700,120.04299999999999,120.01700000000001,0.015,0.015
30.03.2021 06:31:24.151 GMT-0700,120.053,120.037,0.015,0.015
30.03.2021 06:31:24.202 GMT-0700,120.072,120.048,0.015,0.015
30.03.2021 06:31:24.302 GMT-0700,120.06200000000001,120.018,0.015,0.015
30.03.2021 06:31:24.403 GMT-0700,120.052,120.018,0.015,0.015
30.03.2021 06:31:24.568 GMT-0700,120.033,120.007,0.0075,0.0012
30.03.2021 06:31:24.669 GMT-0700,120.04299999999999,120.01700000000001,0.015,0.015
30.03.2021 06:31:24.719 GMT-0700,120.052,120.018,0.015,0.015
30.03.2021 06:31:24.971 GMT-0700,120.06299999999999,120.01700000000001,0.015,0.015
30.03.2021 06:31:25.021 GMT-0700,120.06299999999999,120.02700000000002,0.015,0.015
30.03.2021 06:31:25.072 GMT-0700,120.072,120.02799999999999,0.015,0.015
30.03.2021 06:31:25.122 GMT-0700,120.052,120.018,0.015,0.015
30.03.2021 06:31:25.534 GMT-0700,120.06200000000001,120.018,0.015,0.015
30.03.2021 06:31:25.635 GMT-0700,120.053,120.01700000000001,0.015,0.015
30.03.2021 06:31:25.735 GMT-0700,120.08200000000001,120.038,0.015,0.015
30.03.2021 06:31:25.785 GMT-0700,120.083,120.04700000000001,0.015,0.015
30.03.2021 06:31:25.886 GMT-0700,120.072,120.038,0.015,0.015
30.03.2021 06:31:26.052 GMT-0700,120.072,120.048,0.015,0.0001
30.03.2021 06:31:26.102 GMT-0700,120.072,120.038,0.015,0.015
30.03.2021 06:31:26.341 GMT-0700,120.06299999999999,120.037,0.0075,0.015
30.03.2021 06:31:26.391 GMT-0700,120.073,120.037,0.015,0.015
30.03.2021 06:31:26.492 GMT-0700,120.072,120.048,0.015,0.015
30.03.2021 06:31:26.542 GMT-0700,120.072,120.038,0.015,0.015
30.03.2021 06:31:26.624 GMT-0700,120.06200000000001,120.02799999999999,0.015,0.015
30.03.2021 06:31:26.675 GMT-0700,120.072,120.02799999999999,0.015,0.015
30.03.2021 06:31:26.776 GMT-0700,120.072,120.048,0.015,0.015
30.03.2021 06:31:26.990 GMT-0700,120.073,120.037,0.015,0.015
30.03.2021 06:31:27.135 GMT-0700,120.072,120.048,0.015,0.015
30.03.2021 06:31:27.186 GMT-0700,120.052,120.018,0.015,0.015
30.03.2021 06:31:27.516 GMT-0700,120.033,119.99700000000001,0.015,0.015
30.03.2021 06:31:27.706 GMT-0700,120.023,119.99700000000001,0.015,0.0012
30.03.2021 06:31:27.864 GMT-0700,120.023,119.98700000000001,0.015,0.015
30.03.2021 06:31:28.098 GMT-0700,120.022,120.008,0.015,0.015
30.03.2021 06:31:28.351 GMT-0700,120.03200000000001,120.008,0.015,0.015
30.03.2021 06:31:28.510 GMT-0700,120.04200000000002,120.018,0.015,0.015
30.03.2021 06:31:28.766 GMT-0700,120.01299999999999,119.99700000000001,0.015,0.015
30.03.2021 06:31:28.816 GMT-0700,120.01200000000001,119.988,0.015,0.0012
30.03.2021 06:31:29.164 GMT-0700,120.00200000000001,119.988,0.0075,0.0012
30.03.2021 06:31:29.215 GMT-0700,120.003,119.977,0.015,0.015
30.03.2021 06:31:29.265 GMT-0700,120.01299999999999,119.98700000000001,0.015,0.015
30.03.2021 06:31:29.315 GMT-0700,120.04299999999999,120.01700000000001,0.015,0.015
30.03.2021 06:31:29.494 GMT-0700,120.04200000000002,120.02799999999999,0.015,0.015
30.03.2021 06:31:29.545 GMT-0700,120.04299999999999,120.01700000000001,0.015,0.015
30.03.2021 06:31:29.595 GMT-0700,120.04299999999999,120.02700000000002,0.015,0.015
30.03.2021 06:31:29.645 GMT-0700,120.04299999999999,120.01700000000001,0.015,0.015
30.03.2021 06:31:29.776 GMT-0700,120.04200000000002,120.02799999999999,0.015,0.015
30.03.2021 06:31:29.827 GMT-0700,120.04200000000002,120.018,0.015,0.015
30.03.2021 06:31:29.877 GMT-0700,120.04299999999999,120.02700000000002,0.015,0.015
30.03.2021 06:31:29.984 GMT-0700,120.04200000000002,120.018,0.015,0.015
30.03.2021 06:31:30.035 GMT-0700,120.04200000000002,120.008,0.015,0.015
30.03.2021 06:31:30.135 GMT-0700,120.04299999999999,119.99700000000001,0.015,0.015
30.03.2021 06:31:30.186 GMT-0700,120.03200000000001,119.99799999999999,0.015,0.015
30.03.2021 06:31:30.300 GMT-0700,120.023,119.98700000000001,0.015,0.015
30.03.2021 06:31:30.472 GMT-0700,120.01200000000001,119.988,0.015,0.015
30.03.2021 06:31:30.572 GMT-0700,120.01299999999999,119.977,0.015,0.015
30.03.2021 06:31:30.623 GMT-0700,120.00200000000001,119.96799999999999,0.015,0.015
30.03.2021 06:31:30.725 GMT-0700,119.993,119.96700000000001,0.015,0.015
30.03.2021 06:31:30.776 GMT-0700,120.00200000000001,119.96799999999999,0.015,0.015
30.03.2021 06:31:30.843 GMT-0700,120.003,119.95700000000001,0.015,0.015
30.03.2021 06:31:31.098 GMT-0700,120.003,119.977,0.015,0.015
30.03.2021 06:31:31.205 GMT-0700,120.00200000000001,119.96799999999999,0.015,0.015
30.03.2021 06:31:32.009 GMT-0700,120.00200000000001,119.988,0.015,0.0001
30.03.2021 06:31:32.060 GMT-0700,120.01299999999999,119.98700000000001,0.015,0.015
30.03.2021 06:31:32.110 GMT-0700,120.01200000000001,119.99799999999999,0.015,0.015
30.03.2021 06:31:32.211 GMT-0700,120.01299999999999,119.977,0.015,0.015
30.03.2021 06:31:32.580 GMT-0700,119.98299999999999,119.96700000000001,0.015,0.015
30.03.2021 06:31:32.687 GMT-0700,119.98299999999999,119.95700000000001,0.015,0.015
30.03.2021 06:31:32.788 GMT-0700,119.992,119.958,0.015,0.015
30.03.2021 06:31:32.838 GMT-0700,119.98299999999999,119.95700000000001,0.015,0.015
30.03.2021 06:31:32.905 GMT-0700,119.993,119.95700000000001,0.015,0.015
30.03.2021 06:31:32.988 GMT-0700,119.993,119.96700000000001,0.015,0.0012
30.03.2021 06:31:33.139 GMT-0700,119.98299999999999,119.96700000000001,0.0075,0.0012
30.03.2021 06:31:33.189 GMT-0700,119.98299999999999,119.95700000000001,0.015,0.015
30.03.2021 06:31:33.258 GMT-0700,119.973,119.95700000000001,0.015,0.015
30.03.2021 06:31:33.369 GMT-0700,119.98299999999999,119.95700000000001,0.015,0.015
30.03.2021 06:31:33.589 GMT-0700,119.97200000000001,119.958,0.015,0.015
30.03.2021 06:31:34.118 GMT-0700,119.973,119.96799999999999,0.0075,0.0001
30.03.2021 06:31:34.168 GMT-0700,119.993,119.95700000000001,0.015,0.015
30.03.2021 06:31:34.219 GMT-0700,119.98299999999999,119.95700000000001,0.015,0.015
30.03.2021 06:31:34.676 GMT-0700,119.97200000000001,119.958,0.0075,0.015
30.03.2021 06:31:35.008 GMT-0700,119.962,119.948,0.015,0.015
30.03.2021 06:31:35.141 GMT-0700,119.95200000000001,119.928,0.015,0.015
30.03.2021 06:31:35.756 GMT-0700,119.962,119.928,0.015,0.015
30.03.2021 06:31:35.868 GMT-0700,119.95200000000001,119.928,0.0075,0.015
30.03.2021 06:31:36.151 GMT-0700,119.94200000000001,119.928,0.0075,0.015
30.03.2021 06:31:36.201 GMT-0700,119.94200000000001,119.908,0.015,0.015
30.03.2021 06:31:36.378 GMT-0700,119.943,119.91700000000002,0.015,0.015
30.03.2021 06:31:36.486 GMT-0700,119.95299999999999,119.93700000000001,0.015,0.015
30.03.2021 06:31:36.536 GMT-0700,119.95299999999999,119.927,0.015,0.015
30.03.2021 06:31:36.587 GMT-0700,119.963,119.947,0.015,0.015
30.03.2021 06:31:36.708 GMT-0700,119.993,119.96700000000001,0.015,0.015
30.03.2021 06:31:36.967 GMT-0700,119.98299999999999,119.947,0.015,0.015
30.03.2021 06:31:37.017 GMT-0700,119.98200000000001,119.958,0.015,0.015
30.03.2021 06:31:37.138 GMT-0700,119.98200000000001,119.96799999999999,0.015,0.015
30.03.2021 06:31:37.188 GMT-0700,119.97200000000001,119.948,0.015,0.015
30.03.2021 06:31:37.239 GMT-0700,119.98200000000001,119.958,0.015,0.015
30.03.2021 06:31:37.418 GMT-0700,119.992,119.958,0.015,0.015
30.03.2021 06:31:37.524 GMT-0700,119.98299999999999,119.95700000000001,0.0075,0.015
30.03.2021 06:31:37.624 GMT-0700,119.98299999999999,119.947,0.015,0.015
30.03.2021 06:31:37.675 GMT-0700,119.992,119.96799999999999,0.015,0.015
30.03.2021 06:31:37.835 GMT-0700,119.98299999999999,119.95700000000001,0.015,0.015
30.03.2021 06:31:37.936 GMT-0700,119.98299999999999,119.93700000000001,0.015,0.015
30.03.2021 06:31:38.141 GMT-0700,119.94200000000001,119.928,0.015,0.015
30.03.2021 06:31:38.192 GMT-0700,119.95299999999999,119.91700000000002,0.015,0.015
30.03.2021 06:31:38.561 GMT-0700,119.94200000000001,119.91799999999999,0.015,0.015
30.03.2021 06:31:38.662 GMT-0700,119.95299999999999,119.927,0.015,0.015
30.03.2021 06:31:38.766 GMT-0700,119.95200000000001,119.91799999999999,0.015,0.015
30.03.2021 06:31:39.040 GMT-0700,119.923,119.91700000000002,0.0075,0.0012
30.03.2021 06:31:39.091 GMT-0700,119.92200000000001,119.898,0.015,0.015
30.03.2021 06:31:39.199 GMT-0700,119.92200000000001,119.88799999999999,0.015,0.015
30.03.2021 06:31:39.300 GMT-0700,119.913,119.897,0.015,0.015
30.03.2021 06:31:39.350 GMT-0700,119.923,119.88700000000001,0.015,0.015
30.03.2021 06:31:39.400 GMT-0700,119.913,119.88700000000001,0.015,0.015
30.03.2021 06:31:39.451 GMT-0700,119.923,119.88700000000001,0.015,0.015
30.03.2021 06:31:39.501 GMT-0700,119.912,119.88799999999999,0.015,0.015
30.03.2021 06:31:39.573 GMT-0700,119.923,119.88700000000001,0.015,0.015
30.03.2021 06:31:39.624 GMT-0700,119.913,119.88700000000001,0.015,0.015
30.03.2021 06:31:39.774 GMT-0700,119.912,119.878,0.015,0.015
30.03.2021 06:31:39.825 GMT-0700,119.913,119.88700000000001,0.015,0.015
30.03.2021 06:31:39.958 GMT-0700,119.912,119.898,0.015,0.015
30.03.2021 06:31:40.009 GMT-0700,119.92200000000001,119.898,0.015,0.015
30.03.2021 06:31:40.059 GMT-0700,119.923,119.90700000000001,0.015,0.015
30.03.2021 06:31:40.224 GMT-0700,119.93200000000002,119.908,0.015,0.015
30.03.2021 06:31:40.324 GMT-0700,119.923,119.90700000000001,0.015,0.015
30.03.2021 06:31:40.578 GMT-0700,119.943,119.91700000000002,0.015,0.015
30.03.2021 06:31:40.729 GMT-0700,119.93299999999999,119.90700000000001,0.015,0.015
30.03.2021 06:31:40.831 GMT-0700,119.943,119.91700000000002,0.015,0.015
30.03.2021 06:31:40.999 GMT-0700,119.95299999999999,119.927,0.015,0.015
30.03.2021 06:31:41.222 GMT-0700,119.93299999999999,119.90700000000001,0.015,0.015
30.03.2021 06:31:41.272 GMT-0700,119.943,119.90700000000001,0.015,0.015
30.03.2021 06:31:41.466 GMT-0700,119.943,119.91700000000002,0.0075,0.0001
30.03.2021 06:31:41.541 GMT-0700,119.98200000000001,119.948,0.015,0.015
30.03.2021 06:31:41.591 GMT-0700,119.973,119.947,0.015,0.015
30.03.2021 06:31:41.642 GMT-0700,119.98200000000001,119.948,0.015,0.015
30.03.2021 06:31:41.695 GMT-0700,119.973,119.947,0.0075,0.015
30.03.2021 06:31:41.745 GMT-0700,119.98200000000001,119.948,0.015,0.015
30.03.2021 06:31:41.816 GMT-0700,119.97200000000001,119.948,0.015,0.015
30.03.2021 06:31:41.941 GMT-0700,119.973,119.93700000000001,0.015,0.015
30.03.2021 06:31:41.991 GMT-0700,119.97200000000001,119.948,0.015,0.015
30.03.2021 06:31:42.187 GMT-0700,119.963,119.93700000000001,0.015,0.015
30.03.2021 06:31:42.237 GMT-0700,119.973,119.93700000000001,0.015,0.015
30.03.2021 06:31:42.707 GMT-0700,119.95299999999999,119.927,0.015,0.015
30.03.2021 06:31:42.980 GMT-0700,119.963,119.93700000000001,0.015,0.015
30.03.2021 06:31:43.030 GMT-0700,119.963,119.927,0.015,0.015
30.03.2021 06:31:43.080 GMT-0700,119.95200000000001,119.928,0.015,0.015
30.03.2021 06:31:43.191 GMT-0700,119.943,119.927,0.0075,0.0012
30.03.2021 06:31:43.241 GMT-0700,119.943,119.91700000000002,0.015,0.015
30.03.2021 06:31:43.590 GMT-0700,119.95299999999999,119.91700000000002,0.015,0.015
30.03.2021 06:31:43.740 GMT-0700,119.93299999999999,119.897,0.015,0.015
30.03.2021 06:31:44.096 GMT-0700,119.98299999999999,119.927,0.015,0.015
30.03.2021 06:31:44.196 GMT-0700,119.93299999999999,119.90700000000001,0.015,0.015
30.03.2021 06:31:44.246 GMT-0700,119.94200000000001,119.908,0.015,0.015
30.03.2021 06:31:44.712 GMT-0700,119.93299999999999,119.90700000000001,0.0075,0.0012
30.03.2021 06:31:44.762 GMT-0700,119.94200000000001,119.898,0.015,0.015
30.03.2021 06:31:44.969 GMT-0700,119.943,119.90700000000001,0.015,0.0001
30.03.2021 06:31:45.069 GMT-0700,119.94200000000001,119.898,0.015,0.015
30.03.2021 06:31:45.192 GMT-0700,119.94200000000001,119.91799999999999,0.015,0.015
30.03.2021 06:31:45.243 GMT-0700,119.94200000000001,119.908,0.015,0.015
30.03.2021 06:31:45.293 GMT-0700,119.93299999999999,119.897,0.015,0.015
30.03.2021 06:31:45.950 GMT-0700,119.93200000000002,119.91799999999999,0.015,0.015
30.03.2021 06:31:46.001 GMT-0700,119.93299999999999,119.90700000000001,0.015,0.015
30.03.2021 06:31:46.110 GMT-0700,119.93299999999999,119.897,0.015,0.015
30.03.2021 06:31:46.160 GMT-0700,119.93299999999999,119.90700000000001,0.015,0.015
30.03.2021 06:31:46.684 GMT-0700,119.923,119.90700000000001,0.0075,0.015
30.03.2021 06:31:46.843 GMT-0700,119.93200000000002,119.908,0.015,0.015
30.03.2021 06:31:46.994 GMT-0700,119.93200000000002,119.91799999999999,0.015,0.015
30.03.2021 06:31:47.044 GMT-0700,119.93299999999999,119.90700000000001,0.015,0.015
30.03.2021 06:31:47.274 GMT-0700,119.923,119.90700000000001,0.015,0.015
30.03.2021 06:31:47.324 GMT-0700,119.943,119.91700000000002,0.015,0.015
30.03.2021 06:31:47.411 GMT-0700,119.95299999999999,119.91700000000002,0.015,0.015
30.03.2021 06:31:47.467 GMT-0700,119.962,119.93799999999999,0.015,0.015
30.03.2021 06:31:47.518 GMT-0700,119.98299999999999,119.947,0.015,0.015
30.03.2021 06:31:47.619 GMT-0700,119.963,119.947,0.015,0.015
30.03.2021 06:31:47.737 GMT-0700,119.963,119.93700000000001,0.015,0.015
30.03.2021 06:31:47.849 GMT-0700,119.97200000000001,119.93799999999999,0.015,0.015
30.03.2021 06:31:48.464 GMT-0700,119.963,119.93700000000001,0.015,0.015
30.03.2021 06:31:48.565 GMT-0700,119.95299999999999,119.927,0.015,0.015
30.03.2021 06:31:48.720 GMT-0700,119.94200000000001,119.928,0.0075,0.0012
30.03.2021 06:31:48.770 GMT-0700,119.94200000000001,119.91799999999999,0.015,0.015
30.03.2021 06:31:48.821 GMT-0700,119.95299999999999,119.927,0.015,0.015
30.03.2021 06:31:48.924 GMT-0700,119.992,119.958,0.015,0.015
30.03.2021 06:31:48.974 GMT-0700,119.98299999999999,119.947,0.015,0.015
30.03.2021 06:31:49.160 GMT-0700,119.973,119.947,0.015,0.015
30.03.2021 06:31:49.426 GMT-0700,119.95299999999999,119.93700000000001,0.0075,0.015
30.03.2021 06:31:49.534 GMT-0700,119.963,119.947,0.015,0.015
30.03.2021 06:31:49.747 GMT-0700,119.97200000000001,119.93799999999999,0.015,0.015
30.03.2021 06:31:49.797 GMT-0700,119.963,119.93700000000001,0.015,0.015
30.03.2021 06:31:50.033 GMT-0700,119.962,119.948,0.015,0.0012
30.03.2021 06:31:50.279 GMT-0700,119.973,119.947,0.015,0.015
30.03.2021 06:31:50.379 GMT-0700,119.962,119.948,0.015,0.015
30.03.2021 06:31:50.430 GMT-0700,119.963,119.93700000000001,0.015,0.015
30.03.2021 06:31:50.531 GMT-0700,119.973,119.93700000000001,0.015,0.015
30.03.2021 06:31:50.581 GMT-0700,119.992,119.96799999999999,0.015,0.015
30.03.2021 06:31:50.682 GMT-0700,120.003,119.96700000000001,0.015,0.015
30.03.2021 06:31:50.904 GMT-0700,119.992,119.96799999999999,0.015,0.015
30.03.2021 06:31:50.954 GMT-0700,120.023,119.99700000000001,0.015,0.015
30.03.2021 06:31:51.235 GMT-0700,120.04299999999999,120.007,0.015,0.015
30.03.2021 06:31:51.385 GMT-0700,120.04200000000002,120.018,0.0075,0.0001
30.03.2021 06:31:51.436 GMT-0700,120.053,120.007,0.015,0.015
30.03.2021 06:31:51.750 GMT-0700,120.053,120.02700000000002,0.015,0.015
30.03.2021 06:31:51.800 GMT-0700,120.033,119.99700000000001,0.015,0.015
30.03.2021 06:31:51.850 GMT-0700,120.022,119.99799999999999,0.015,0.015
30.03.2021 06:31:51.901 GMT-0700,120.03200000000001,119.99799999999999,0.015,0.015
30.03.2021 06:31:51.952 GMT-0700,120.01200000000001,119.99799999999999,0.015,0.015
30.03.2021 06:31:52.002 GMT-0700,120.00200000000001,119.978,0.015,0.015
30.03.2021 06:31:52.077 GMT-0700,120.003,119.98700000000001,0.0075,0.0001
30.03.2021 06:31:52.128 GMT-0700,120.01299999999999,119.98700000000001,0.015,0.015
30.03.2021 06:31:52.178 GMT-0700,120.00200000000001,119.988,0.015,0.015
30.03.2021 06:31:52.229 GMT-0700,120.01299999999999,119.98700000000001,0.015,0.015
30.03.2021 06:31:52.421 GMT-0700,120.003,119.98700000000001,0.015,0.015
30.03.2021 06:31:52.656 GMT-0700,120.00200000000001,119.978,0.015,0.015
30.03.2021 06:31:52.768 GMT-0700,119.98200000000001,119.958,0.015,0.015
30.03.2021 06:31:52.884 GMT-0700,119.963,119.93700000000001,0.015,0.015
30.03.2021 06:31:52.986 GMT-0700,119.95299999999999,119.927,0.015,0.015
30.03.2021 06:31:53.087 GMT-0700,119.943,119.91700000000002,0.015,0.015
30.03.2021 06:31:53.205 GMT-0700,119.93200000000002,119.908,0.015,0.015
30.03.2021 06:31:53.331 GMT-0700,119.923,119.90700000000001,0.015,0.015
30.03.2021 06:31:53.383 GMT-0700,119.92200000000001,119.898,0.015,0.015
30.03.2021 06:31:53.645 GMT-0700,119.913,119.897,0.015,0.015
30.03.2021 06:31:53.782 GMT-0700,119.90299999999999,119.88700000000001,0.015,0.015
30.03.2021 06:31:54.267 GMT-0700,119.92200000000001,119.898,0.015,0.015
30.03.2021 06:31:54.398 GMT-0700,119.913,119.897,0.0075,0.0012
30.03.2021 06:31:54.448 GMT-0700,119.912,119.88799999999999,0.015,0.015
30.03.2021 06:31:54.498 GMT-0700,119.912,119.898,0.015,0.015
30.03.2021 06:31:54.549 GMT-0700,119.912,119.88799999999999,0.015,0.015
30.03.2021 06:31:54.927 GMT-0700,119.912,119.898,0.0075,0.0012
30.03.2021 06:31:54.977 GMT-0700,119.913,119.88700000000001,0.015,0.015
30.03.2021 06:31:55.078 GMT-0700,119.923,119.897,0.015,0.015
30.03.2021 06:31:55.195 GMT-0700,119.913,119.88700000000001,0.015,0.015
30.03.2021 06:31:55.296 GMT-0700,119.90200000000002,119.88799999999999,0.015,0.015
30.03.2021 06:31:55.364 GMT-0700,119.923,119.88700000000001,0.015,0.015
30.03.2021 06:31:55.578 GMT-0700,119.92200000000001,119.898,0.015,0.0001
30.03.2021 06:31:55.679 GMT-0700,119.92200000000001,119.88799999999999,0.015,0.015
30.03.2021 06:31:55.730 GMT-0700,119.92200000000001,119.898,0.015,0.015
30.03.2021 06:31:55.855 GMT-0700,119.943,119.91700000000002,0.015,0.015
30.03.2021 06:31:55.905 GMT-0700,119.943,119.90700000000001,0.015,0.015
30.03.2021 06:31:55.975 GMT-0700,119.93299999999999,119.90700000000001,0.0075,0.0012
30.03.2021 06:31:56.025 GMT-0700,119.893,119.867,0.015,0.015
30.03.2021 06:31:56.226 GMT-0700,119.912,119.878,0.015,0.015
30.03.2021 06:31:56.276 GMT-0700,119.90299999999999,119.87700000000001,0.0075,0.0001
30.03.2021 06:31:56.327 GMT-0700,119.90200000000002,119.868,0.015,0.015
30.03.2021 06:31:56.416 GMT-0700,119.893,119.867,0.0075,0.015
30.03.2021 06:31:56.566 GMT-0700,119.882,119.868,0.015,0.015
30.03.2021 06:31:57.177 GMT-0700,119.90200000000002,119.878,0.015,0.015
30.03.2021 06:31:57.277 GMT-0700,119.90200000000002,119.868,0.015,0.015
30.03.2021 06:31:57.394 GMT-0700,119.913,119.88700000000001,0.015,0.015
30.03.2021 06:31:57.445 GMT-0700,119.913,119.867,0.015,0.015
30.03.2021 06:31:57.546 GMT-0700,119.913,119.88700000000001,0.015,0.015
30.03.2021 06:31:57.715 GMT-0700,119.923,119.897,0.015,0.015
30.03.2021 06:31:57.816 GMT-0700,119.912,119.88799999999999,0.015,0.015
30.03.2021 06:31:58.048 GMT-0700,119.90299999999999,119.87700000000001,0.0075,0.015
30.03.2021 06:31:58.098 GMT-0700,119.913,119.87700000000001,0.015,0.015
30.03.2021 06:31:58.386 GMT-0700,119.893,119.87700000000001,0.0075,0.015
30.03.2021 06:31:58.645 GMT-0700,119.90299999999999,119.87700000000001,0.015,0.015
30.03.2021 06:31:58.879 GMT-0700,119.912,119.878,0.015,0.015
30.03.2021 06:31:58.929 GMT-0700,119.90200000000002,119.878,0.015,0.015
30.03.2021 06:31:58.980 GMT-0700,119.912,119.878,0.015,0.015
30.03.2021 06:31:59.206 GMT-0700,119.912,119.88799999999999,0.0075,0.0001
30.03.2021 06:31:59.256 GMT-0700,119.923,119.87700000000001,0.015,0.015
30.03.2021 06:31:59.328 GMT-0700,119.913,119.87700000000001,0.0075,0.015
30.03.2021 06:31:59.429 GMT-0700,119.90299999999999,119.87700000000001,0.015,0.015
30.03.2021 06:31:59.549 GMT-0700,119.893,119.867,0.015,0.015
30.03.2021 06:31:59.693 GMT-0700,119.882,119.868,0.0075,0.015
30.03.2021 06:32:00.718 GMT-0700,119.883,119.85700000000001,0.015,0.015
30.03.2021 06:32:00.927 GMT-0700,119.87299999999999,119.85700000000001,0.0075,0.015
30.03.2021 06:32:01.134 GMT-0700,119.883,119.867,0.015,0.015
30.03.2021 06:32:01.185 GMT-0700,119.90299999999999,119.88700000000001,0.015,0.015
30.03.2021 06:32:01.285 GMT-0700,119.913,119.88700000000001,0.015,0.015
30.03.2021 06:32:01.336 GMT-0700,119.913,119.87700000000001,0.015,0.015
30.03.2021 06:32:01.507 GMT-0700,119.923,119.897,0.015,0.015
30.03.2021 06:32:01.658 GMT-0700,119.912,119.898,0.015,0.015
30.03.2021 06:32:01.708 GMT-0700,119.923,119.897,0.015,0.015
30.03.2021 06:32:01.925 GMT-0700,119.92200000000001,119.88799999999999,0.015,0.015
30.03.2021 06:32:02.034 GMT-0700,119.913,119.88700000000001,0.015,0.015
30.03.2021 06:32:02.134 GMT-0700,119.913,119.87700000000001,0.015,0.015
30.03.2021 06:32:02.235 GMT-0700,119.92200000000001,119.898,0.015,0.015
30.03.2021 06:32:02.399 GMT-0700,119.912,119.88799999999999,0.015,0.015
30.03.2021 06:32:02.701 GMT-0700,119.912,119.878,0.015,0.015
30.03.2021 06:32:02.752 GMT-0700,119.90200000000002,119.878,0.015,0.015
30.03.2021 06:32:02.869 GMT-0700,119.912,119.878,0.015,0.015
30.03.2021 06:32:02.919 GMT-0700,119.92200000000001,119.88799999999999,0.015,0.015
30.03.2021 06:32:03.020 GMT-0700,119.87200000000001,119.848,0.015,0.015
30.03.2021 06:32:03.170 GMT-0700,119.852,119.80799999999999,0.015,0.015
30.03.2021 06:32:03.367 GMT-0700,119.84200000000001,119.80799999999999,0.0075,0.015
30.03.2021 06:32:03.468 GMT-0700,119.84200000000001,119.82799999999999,0.015,0.015
30.03.2021 06:32:03.568 GMT-0700,119.863,119.84700000000001,0.015,0.015
30.03.2021 06:32:03.705 GMT-0700,119.87299999999999,119.85700000000001,0.015,0.015
30.03.2021 06:32:03.755 GMT-0700,119.90299999999999,119.87700000000001,0.015,0.015
30.03.2021 06:32:03.963 GMT-0700,119.89200000000001,119.85799999999999,0.015,0.015
30.03.2021 06:32:04.013 GMT-0700,119.863,119.837,0.015,0.015
30.03.2021 06:32:04.063 GMT-0700,119.882,119.848,0.015,0.015
30.03.2021 06:32:04.164 GMT-0700,119.89200000000001,119.848,0.015,0.015
30.03.2021 06:32:04.214 GMT-0700,119.90200000000002,119.85799999999999,0.015,0.015
30.03.2021 06:32:04.328 GMT-0700,119.913,119.88700000000001,0.0075,0.0001
30.03.2021 06:32:04.378 GMT-0700,119.93299999999999,119.88700000000001,0.015,0.015
30.03.2021 06:32:04.428 GMT-0700,119.93299999999999,119.90700000000001,0.015,0.015
30.03.2021 06:32:04.529 GMT-0700,119.92200000000001,119.898,0.0075,0.015
30.03.2021 06:32:04.579 GMT-0700,119.93299999999999,119.897,0.015,0.015
30.03.2021 06:32:04.629 GMT-0700,119.923,119.897,0.015,0.015
30.03.2021 06:32:04.765 GMT-0700,119.913,119.88700000000001,0.015,0.015
30.03.2021 06:32:05.045 GMT-0700,119.893,119.885,0.0075,0.0001
30.03.2021 06:32:05.095 GMT-0700,119.89200000000001,119.848,0.015,0.015
30.03.2021 06:32:05.293 GMT-0700,119.90299999999999,119.84700000000001,0.015,0.015
30.03.2021 06:32:05.344 GMT-0700,119.913,119.897,0.015,0.015
30.03.2021 06:32:05.394 GMT-0700,119.912,119.88799999999999,0.015,0.015
30.03.2021 06:32:05.494 GMT-0700,119.94200000000001,119.91799999999999,0.015,0.015
30.03.2021 06:32:05.545 GMT-0700,119.94200000000001,119.908,0.015,0.015
30.03.2021 06:32:05.757 GMT-0700,119.962,119.928,0.015,0.015
30.03.2021 06:32:05.886 GMT-0700,119.95200000000001,119.928,0.015,0.015
30.03.2021 06:32:06.037 GMT-0700,119.93299999999999,119.90700000000001,0.015,0.015
30.03.2021 06:32:06.207 GMT-0700,119.943,119.90700000000001,0.015,0.015
30.03.2021 06:32:06.298 GMT-0700,119.93200000000002,119.908,0.0075,0.015
30.03.2021 06:32:06.567 GMT-0700,119.93299999999999,119.91700000000002,0.0075,0.0001
30.03.2021 06:32:06.617 GMT-0700,119.95200000000001,119.908,0.015,0.015
30.03.2021 06:32:06.668 GMT-0700,119.943,119.90700000000001,0.015,0.015
30.03.2021 06:32:06.775 GMT-0700,119.93299999999999,119.927,0.0075,0.0001
30.03.2021 06:32:06.825 GMT-0700,119.94200000000001,119.908,0.015,0.015
30.03.2021 06:32:06.875 GMT-0700,119.93299999999999,119.90700000000001,0.015,0.015
30.03.2021 06:32:06.976 GMT-0700,119.90200000000002,119.878,0.015,0.015
30.03.2021 06:32:07.077 GMT-0700,119.90299999999999,119.867,0.015,0.015
30.03.2021 06:32:07.128 GMT-0700,119.883,119.85700000000001,0.015,0.015
30.03.2021 06:32:07.178 GMT-0700,119.883,119.84700000000001,0.015,0.015
30.03.2021 06:32:07.254 GMT-0700,119.86200000000001,119.838,0.015,0.015
30.03.2021 06:32:07.305 GMT-0700,119.87299999999999,119.837,0.015,0.015
30.03.2021 06:32:07.407 GMT-0700,119.86200000000001,119.838,0.015,0.015
30.03.2021 06:32:07.494 GMT-0700,119.87200000000001,119.838,0.015,0.015
30.03.2021 06:32:07.659 GMT-0700,119.863,119.837,0.015,0.015
30.03.2021 06:32:07.709 GMT-0700,119.87299999999999,119.837,0.015,0.015
30.03.2021 06:32:07.941 GMT-0700,119.87299999999999,119.84700000000001,0.015,0.0012
30.03.2021 06:32:07.992 GMT-0700,119.87299999999999,119.837,0.015,0.015
30.03.2021 06:32:08.042 GMT-0700,119.863,119.837,0.015,0.015
30.03.2021 06:32:08.092 GMT-0700,119.87299999999999,119.837,0.015,0.015
30.03.2021 06:32:08.144 GMT-0700,119.863,119.837,0.015,0.015
30.03.2021 06:32:08.195 GMT-0700,119.87200000000001,119.838,0.015,0.015
30.03.2021 06:32:08.245 GMT-0700,119.863,119.82700000000001,0.015,0.015
30.03.2021 06:32:08.908 GMT-0700,119.87200000000001,119.848,0.015,0.015
30.03.2021 06:32:09.009 GMT-0700,119.883,119.867,0.015,0.015
30.03.2021 06:32:09.243 GMT-0700,119.882,119.878,0.0075,0.0001
30.03.2021 06:32:09.293 GMT-0700,119.90299999999999,119.87700000000001,0.015,0.015
30.03.2021 06:32:09.344 GMT-0700,119.90200000000002,119.88799999999999,0.015,0.015
30.03.2021 06:32:09.394 GMT-0700,119.90299999999999,119.87700000000001,0.015,0.015
30.03.2021 06:32:09.475 GMT-0700,119.893,119.87700000000001,0.0075,0.015
30.03.2021 06:32:09.576 GMT-0700,119.90299999999999,119.88700000000001,0.015,0.015
30.03.2021 06:32:09.717 GMT-0700,119.893,119.87700000000001,0.015,0.015
30.03.2021 06:32:09.767 GMT-0700,119.89200000000001,119.85799999999999,0.015,0.015
30.03.2021 06:32:10.004 GMT-0700,119.883,119.867,0.015,0.015
30.03.2021 06:32:10.055 GMT-0700,119.893,119.867,0.015,0.015
30.03.2021 06:32:10.128 GMT-0700,119.883,119.867,0.0075,0.015
30.03.2021 06:32:10.228 GMT-0700,119.90200000000002,119.868,0.015,0.015
30.03.2021 06:32:10.452 GMT-0700,119.89200000000001,119.868,0.0075,0.015
30.03.2021 06:32:10.603 GMT-0700,119.87299999999999,119.868,0.0075,0.0001
30.03.2021 06:32:10.654 GMT-0700,119.87299999999999,119.85700000000001,0.015,0.015
30.03.2021 06:32:10.828 GMT-0700,119.893,119.867,0.015,0.015
30.03.2021 06:32:10.881 GMT-0700,119.89200000000001,119.878,0.0075,0.0001
30.03.2021 06:32:10.932 GMT-0700,119.90200000000002,119.868,0.015,0.015
30.03.2021 06:32:11.038 GMT-0700,119.882,119.868,0.015,0.015
30.03.2021 06:32:11.088 GMT-0700,119.893,119.867,0.015,0.015
30.03.2021 06:32:11.167 GMT-0700,119.893,119.87700000000001,0.015,0.0001
30.03.2021 06:32:11.267 GMT-0700,119.893,119.867,0.015,0.015
30.03.2021 06:32:11.318 GMT-0700,119.882,119.85799999999999,0.015,0.015
30.03.2021 06:32:11.502 GMT-0700,119.863,119.85700000000001,0.0075,0.0012
30.03.2021 06:32:11.552 GMT-0700,119.863,119.837,0.015,0.015
30.03.2021 06:32:11.699 GMT-0700,119.853,119.837,0.015,0.015
30.03.2021 06:32:11.797 GMT-0700,119.84200000000001,119.818,0.015,0.015
30.03.2021 06:32:11.972 GMT-0700,119.833,119.80700000000002,0.015,0.015
30.03.2021 06:32:12.073 GMT-0700,119.853,119.837,0.015,0.015
30.03.2021 06:32:12.297 GMT-0700,119.852,119.82799999999999,0.015,0.015
30.03.2021 06:32:12.347 GMT-0700,119.863,119.84700000000001,0.015,0.015
30.03.2021 06:32:12.448 GMT-0700,119.882,119.85799999999999,0.015,0.015
30.03.2021 06:32:12.562 GMT-0700,119.893,119.85700000000001,0.015,0.015
30.03.2021 06:32:12.613 GMT-0700,119.90200000000002,119.878,0.015,0.015
30.03.2021 06:32:12.899 GMT-0700,119.90200000000002,119.88799999999999,0.0075,0.0001
30.03.2021 06:32:12.949 GMT-0700,119.913,119.87700000000001,0.015,0.015
30.03.2021 06:32:13.194 GMT-0700,119.882,119.838,0.015,0.015
30.03.2021 06:32:13.363 GMT-0700,119.90299999999999,119.867,0.015,0.015
30.03.2021 06:32:13.413 GMT-0700,119.90200000000002,119.85799999999999,0.015,0.015
30.03.2021 06:32:13.463 GMT-0700,119.913,119.867,0.015,0.015
30.03.2021 06:32:13.564 GMT-0700,119.923,119.897,0.015,0.015
30.03.2021 06:32:13.614 GMT-0700,119.923,119.88700000000001,0.015,0.015
30.03.2021 06:32:13.715 GMT-0700,119.94200000000001,119.91799999999999,0.015,0.015
30.03.2021 06:32:13.816 GMT-0700,119.923,119.897,0.015,0.015
30.03.2021 06:32:13.966 GMT-0700,119.923,119.90700000000001,0.015,0.015
30.03.2021 06:32:14.117 GMT-0700,119.93299999999999,119.90700000000001,0.015,0.015
30.03.2021 06:32:14.227 GMT-0700,119.92200000000001,119.908,0.0075,0.015
30.03.2021 06:32:14.482 GMT-0700,119.93200000000002,119.908,0.015,0.015
30.03.2021 06:32:14.532 GMT-0700,119.92200000000001,119.908,0.015,0.015
30.03.2021 06:32:14.693 GMT-0700,119.913,119.90700000000001,0.0075,0.0012
30.03.2021 06:32:14.744 GMT-0700,119.912,119.88799999999999,0.015,0.015
30.03.2021 06:32:14.953 GMT-0700,119.923,119.88700000000001,0.015,0.015
30.03.2021 06:32:15.003 GMT-0700,119.882,119.848,0.015,0.015
30.03.2021 06:32:15.269 GMT-0700,119.882,119.868,0.0075,0.015
30.03.2021 06:32:15.320 GMT-0700,119.882,119.85799999999999,0.015,0.015
30.03.2021 06:32:15.385 GMT-0700,119.87200000000001,119.85799999999999,0.0075,0.015
30.03.2021 06:32:15.640 GMT-0700,119.863,119.82700000000001,0.015,0.015
30.03.2021 06:32:15.690 GMT-0700,119.852,119.818,0.015,0.015
30.03.2021 06:32:15.741 GMT-0700,119.86200000000001,119.818,0.015,0.015
30.03.2021 06:32:15.882 GMT-0700,119.852,119.818,0.015,0.015
30.03.2021 06:32:16.013 GMT-0700,119.852,119.838,0.0075,0.0001
30.03.2021 06:32:16.088 GMT-0700,119.863,119.837,0.015,0.015
30.03.2021 06:32:16.152 GMT-0700,119.87299999999999,119.837,0.015,0.015
30.03.2021 06:32:16.202 GMT-0700,119.863,119.82700000000001,0.015,0.015
30.03.2021 06:32:16.370 GMT-0700,119.852,119.818,0.015,0.015
30.03.2021 06:32:16.521 GMT-0700,119.863,119.82700000000001,0.015,0.015
30.03.2021 06:32:16.650 GMT-0700,119.863,119.837,0.015,0.015
30.03.2021 06:32:16.884 GMT-0700,119.87299999999999,119.837,0.015,0.015
30.03.2021 06:32:16.935 GMT-0700,119.863,119.837,0.015,0.015
30.03.2021 06:32:16.985 GMT-0700,119.87299999999999,119.837,0.015,0.015
30.03.2021 06:32:17.035 GMT-0700,119.90299999999999,119.88700000000001,0.015,0.015
30.03.2021 06:32:17.163 GMT-0700,119.923,119.88700000000001,0.015,0.015
30.03.2021 06:32:17.225 GMT-0700,119.90200000000002,119.88799999999999,0.0075,0.0012
30.03.2021 06:32:17.499 GMT-0700,119.893,119.87700000000001,0.015,0.0012
30.03.2021 06:32:17.549 GMT-0700,119.893,119.867,0.015,0.015
30.03.2021 06:32:17.650 GMT-0700,119.90299999999999,119.867,0.015,0.015
30.03.2021 06:32:17.700 GMT-0700,119.90200000000002,119.878,0.015,0.015
30.03.2021 06:32:17.750 GMT-0700,119.913,119.87700000000001,0.015,0.015
30.03.2021 06:32:17.801 GMT-0700,119.923,119.87700000000001,0.015,0.015
30.03.2021 06:32:18.111 GMT-0700,119.923,119.88700000000001,0.015,0.0001
30.03.2021 06:32:18.212 GMT-0700,119.943,119.927,0.015,0.015
30.03.2021 06:32:18.262 GMT-0700,119.95299999999999,119.927,0.015,0.015
30.03.2021 06:32:18.313 GMT-0700,119.95200000000001,119.91799999999999,0.015,0.015
30.03.2021 06:32:18.723 GMT-0700,119.94200000000001,119.91799999999999,0.0075,0.015
30.03.2021 06:32:18.824 GMT-0700,119.963,119.93700000000001,0.015,0.015
30.03.2021 06:32:18.874 GMT-0700,119.973,119.93700000000001,0.015,0.015
30.03.2021 06:32:19.041 GMT-0700,119.98299999999999,119.93700000000001,0.015,0.015
30.03.2021 06:32:19.091 GMT-0700,119.963,119.947,0.015,0.015
30.03.2021 06:32:19.141 GMT-0700,119.97200000000001,119.948,0.015,0.015
30.03.2021 06:32:19.276 GMT-0700,119.963,119.93700000000001,0.015,0.015
30.03.2021 06:32:19.327 GMT-0700,119.973,119.93700000000001,0.015,0.015
30.03.2021 06:32:19.466 GMT-0700,119.963,119.93700000000001,0.0075,0.015
30.03.2021 06:32:19.844 GMT-0700,119.97200000000001,119.93799999999999,0.015,0.015
30.03.2021 06:32:19.894 GMT-0700,119.962,119.93799999999999,0.015,0.015
30.03.2021 06:32:19.995 GMT-0700,119.97200000000001,119.948,0.015,0.015
30.03.2021 06:32:20.230 GMT-0700,119.95200000000001,119.93799999999999,0.015,0.015
30.03.2021 06:32:20.280 GMT-0700,119.95200000000001,119.91799999999999,0.015,0.015
30.03.2021 06:32:20.436 GMT-0700,119.962,119.928,0.015,0.015
30.03.2021 06:32:20.559 GMT-0700,119.93200000000002,119.898,0.015,0.015
30.03.2021 06:32:20.745 GMT-0700,119.93299999999999,119.90700000000001,0.015,0.015
30.03.2021 06:32:20.795 GMT-0700,119.94200000000001,119.908,0.015,0.015
30.03.2021 06:32:21.039 GMT-0700,119.95299999999999,119.90700000000001,0.015,0.015
30.03.2021 06:32:21.090 GMT-0700,119.95299999999999,119.927,0.015,0.015
30.03.2021 06:32:21.411 GMT-0700,119.943,119.927,0.015,0.015
30.03.2021 06:32:21.462 GMT-0700,119.94200000000001,119.91799999999999,0.015,0.015
30.03.2021 06:32:21.600 GMT-0700,119.93299999999999,119.91700000000002,0.015,0.015
30.03.2021 06:32:21.700 GMT-0700,119.93299999999999,119.90700000000001,0.015,0.015
30.03.2021 06:32:21.835 GMT-0700,119.93299999999999,119.897,0.015,0.015
30.03.2021 06:32:21.885 GMT-0700,119.923,119.897,0.015,0.015
30.03.2021 06:32:22.088 GMT-0700,119.912,119.88799999999999,0.0075,0.015
30.03.2021 06:32:22.245 GMT-0700,119.89200000000001,119.868,0.015,0.015
30.03.2021 06:32:22.462 GMT-0700,119.90299999999999,119.88700000000001,0.0075,0.0075
30.03.2021 06:32:22.512 GMT-0700,119.923,119.897,0.015,0.015
30.03.2021 06:32:22.562 GMT-0700,119.93200000000002,119.908,0.015,0.015
30.03.2021 06:32:22.714 GMT-0700,119.92200000000001,119.898,0.015,0.015
30.03.2021 06:32:22.864 GMT-0700,119.912,119.88799999999999,0.015,0.015
30.03.2021 06:32:22.965 GMT-0700,119.912,119.898,0.015,0.015
30.03.2021 06:32:23.077 GMT-0700,119.912,119.88799999999999,0.015,0.015
30.03.2021 06:32:23.128 GMT-0700,119.93299999999999,119.90700000000001,0.015,0.015
30.03.2021 06:32:23.178 GMT-0700,119.93200000000002,119.898,0.015,0.015
30.03.2021 06:32:23.279 GMT-0700,119.913,119.88700000000001,0.015,0.015
30.03.2021 06:32:23.329 GMT-0700,119.923,119.88700000000001,0.015,0.015
30.03.2021 06:32:23.471 GMT-0700,119.912,119.88799999999999,0.0075,0.015
30.03.2021 06:32:23.643 GMT-0700,119.90200000000002,119.88799999999999,0.015,0.015
30.03.2021 06:32:23.727 GMT-0700,119.913,119.88700000000001,0.015,0.015
30.03.2021 06:32:23.778 GMT-0700,119.90200000000002,119.88799999999999,0.015,0.015
30.03.2021 06:32:23.828 GMT-0700,119.913,119.88700000000001,0.015,0.015
30.03.2021 06:32:23.964 GMT-0700,119.913,119.897,0.0075,0.0001
30.03.2021 06:32:24.014 GMT-0700,119.92200000000001,119.88799999999999,0.015,0.015
30.03.2021 06:32:24.064 GMT-0700,119.92200000000001,119.898,0.015,0.015
30.03.2021 06:32:24.215 GMT-0700,119.93299999999999,119.897,0.015,0.015
30.03.2021 06:32:24.265 GMT-0700,119.93200000000002,119.908,0.015,0.015
30.03.2021 06:32:24.316 GMT-0700,119.943,119.90700000000001,0.015,0.015
30.03.2021 06:32:24.449 GMT-0700,119.93299999999999,119.90700000000001,0.0075,0.015
30.03.2021 06:32:24.599 GMT-0700,119.92200000000001,119.88799999999999,0.015,0.015
30.03.2021 06:32:24.747 GMT-0700,119.90299999999999,119.88700000000001,0.0075,0.015
30.03.2021 06:32:25.229 GMT-0700,119.912,119.898,0.015,0.015
30.03.2021 06:32:25.280 GMT-0700,119.912,119.88799999999999,0.015,0.015
30.03.2021 06:32:25.380 GMT-0700,119.90200000000002,119.88799999999999,0.015,0.015
30.03.2021 06:32:25.591 GMT-0700,119.93200000000002,119.908,0.015,0.015
30.03.2021 06:32:25.641 GMT-0700,119.93299999999999,119.91700000000002,0.015,0.015
30.03.2021 06:32:25.691 GMT-0700,119.93299999999999,119.90700000000001,0.015,0.015
30.03.2021 06:32:25.742 GMT-0700,119.94200000000001,119.91799999999999,0.015,0.015
30.03.2021 06:32:25.792 GMT-0700,119.94200000000001,119.908,0.015,0.015
30.03.2021 06:32:25.842 GMT-0700,119.962,119.93799999999999,0.015,0.015
30.03.2021 06:32:25.969 GMT-0700,119.962,119.948,0.015,0.0012
30.03.2021 06:32:26.240 GMT-0700,119.97200000000001,119.958,0.015,0.015
30.03.2021 06:32:26.290 GMT-0700,119.993,119.96700000000001,0.015,0.015
30.03.2021 06:32:26.431 GMT-0700,119.98200000000001,119.958,0.015,0.015
30.03.2021 06:32:26.617 GMT-0700,119.98200000000001,119.96799999999999,0.015,0.0012
30.03.2021 06:32:26.667 GMT-0700,119.98299999999999,119.95700000000001,0.015,0.015
30.03.2021 06:32:26.718 GMT-0700,119.973,119.947,0.015,0.015
30.03.2021 06:32:26.819 GMT-0700,119.98200000000001,119.93799999999999,0.015,0.015
30.03.2021 06:32:26.869 GMT-0700,119.98299999999999,119.947,0.015,0.015
30.03.2021 06:32:27.019 GMT-0700,119.973,119.93700000000001,0.015,0.015
30.03.2021 06:32:27.137 GMT-0700,119.963,119.93700000000001,0.0075,0.015
30.03.2021 06:32:27.187 GMT-0700,119.97200000000001,119.93799999999999,0.015,0.015
30.03.2021 06:32:27.237 GMT-0700,119.97200000000001,119.948,0.015,0.015
30.03.2021 06:32:27.288 GMT-0700,119.973,119.93700000000001,0.015,0.015
30.03.2021 06:32:27.457 GMT-0700,119.97200000000001,119.948,0.015,0.015
30.03.2021 06:32:27.608 GMT-0700,119.98299999999999,119.95700000000001,0.015,0.015
30.03.2021 06:32:27.778 GMT-0700,119.973,119.95700000000001,0.015,0.0001
30.03.2021 06:32:27.828 GMT-0700,119.973,119.947,0.015,0.015
30.03.2021 06:32:27.941 GMT-0700,119.98299999999999,119.947,0.015,0.015
30.03.2021 06:32:27.991 GMT-0700,120.00200000000001,119.978,0.015,0.015
30.03.2021 06:32:28.105 GMT-0700,119.98299999999999,119.96700000000001,0.015,0.015
30.03.2021 06:32:28.156 GMT-0700,120.003,119.96700000000001,0.015,0.015
30.03.2021 06:32:28.206 GMT-0700,119.992,119.96799999999999,0.015,0.015
30.03.2021 06:32:28.360 GMT-0700,119.973,119.947,0.015,0.015
30.03.2021 06:32:28.444 GMT-0700,119.98299999999999,119.947,0.015,0.015
30.03.2021 06:32:28.606 GMT-0700,119.97200000000001,119.948,0.0075,0.015
30.03.2021 06:32:28.715 GMT-0700,119.95200000000001,119.928,0.015,0.015
30.03.2021 06:32:28.865 GMT-0700,119.943,119.91700000000002,0.015,0.015
30.03.2021 06:32:28.966 GMT-0700,119.95200000000001,119.928,0.015,0.015
30.03.2021 06:32:29.141 GMT-0700,119.97200000000001,119.948,0.015,0.015
30.03.2021 06:32:29.321 GMT-0700,119.963,119.955,0.0075,0.0012
30.03.2021 06:32:29.371 GMT-0700,119.973,119.927,0.015,0.015
30.03.2021 06:32:29.422 GMT-0700,119.97200000000001,119.958,0.015,0.015
30.03.2021 06:32:29.522 GMT-0700,119.97200000000001,119.948,0.015,0.015
30.03.2021 06:32:29.623 GMT-0700,119.962,119.948,0.015,0.015
30.03.2021 06:32:29.723 GMT-0700,119.962,119.93799999999999,0.015,0.015
30.03.2021 06:32:29.906 GMT-0700,119.963,119.927,0.015,0.015
30.03.2021 06:32:30.002 GMT-0700,119.963,119.93700000000001,0.015,0.0001
30.03.2021 06:32:30.133 GMT-0700,119.973,119.95700000000001,0.015,0.015
30.03.2021 06:32:30.183 GMT-0700,119.98200000000001,119.958,0.015,0.015
30.03.2021 06:32:30.337 GMT-0700,119.973,119.947,0.015,0.015
30.03.2021 06:32:30.387 GMT-0700,119.98299999999999,119.947,0.015,0.015
30.03.2021 06:32:30.487 GMT-0700,119.97200000000001,119.948,0.015,0.015
30.03.2021 06:32:30.538 GMT-0700,119.98200000000001,119.948,0.015,0.015
30.03.2021 06:32:30.588 GMT-0700,119.98299999999999,119.95700000000001,0.015,0.015
30.03.2021 06:32:30.773 GMT-0700,119.973,119.95700000000001,0.0075,0.0001
30.03.2021 06:32:30.852 GMT-0700,119.95299999999999,119.927,0.015,0.015
30.03.2021 06:32:31.003 GMT-0700,119.95200000000001,119.91799999999999,0.015,0.015
30.03.2021 06:32:31.063 GMT-0700,119.95200000000001,119.928,0.015,0.0001
30.03.2021 06:32:31.164 GMT-0700,119.963,119.927,0.015,0.015
30.03.2021 06:32:31.304 GMT-0700,119.962,119.93799999999999,0.015,0.015
30.03.2021 06:32:31.455 GMT-0700,119.973,119.947,0.015,0.015
30.03.2021 06:32:31.505 GMT-0700,119.973,119.93700000000001,0.015,0.015
30.03.2021 06:32:31.573 GMT-0700,119.973,119.947,0.015,0.015
30.03.2021 06:32:31.990 GMT-0700,119.97200000000001,119.958,0.015,0.0001
30.03.2021 06:32:32.191 GMT-0700,119.973,119.947,0.015,0.015
30.03.2021 06:32:32.751 GMT-0700,119.973,119.95700000000001,0.015,0.015
30.03.2021 06:32:32.802 GMT-0700,119.993,119.95700000000001,0.015,0.015
30.03.2021 06:32:32.852 GMT-0700,119.992,119.96799999999999,0.015,0.015
30.03.2021 06:32:32.996 GMT-0700,119.993,119.95700000000001,0.015,0.015
30.03.2021 06:32:33.046 GMT-0700,119.97200000000001,119.948,0.015,0.015
30.03.2021 06:32:33.197 GMT-0700,119.98299999999999,119.947,0.015,0.015
30.03.2021 06:32:33.251 GMT-0700,119.98200000000001,119.96799999999999,0.015,0.0001
30.03.2021 06:32:33.402 GMT-0700,119.98299999999999,119.95700000000001,0.015,0.015
30.03.2021 06:32:33.503 GMT-0700,119.993,119.96700000000001,0.015,0.015
30.03.2021 06:32:33.645 GMT-0700,119.992,119.978,0.015,0.0001
30.03.2021 06:32:33.695 GMT-0700,120.003,119.977,0.015,0.015
30.03.2021 06:32:34.011 GMT-0700,120.00200000000001,119.988,0.015,0.0001
30.03.2021 06:32:34.061 GMT-0700,120.003,119.977,0.015,0.015
30.03.2021 06:32:34.587 GMT-0700,120.00200000000001,119.988,0.015,0.0012
30.03.2021 06:32:34.638 GMT-0700,120.003,119.977,0.015,0.015
30.03.2021 06:32:35.134 GMT-0700,120.00200000000001,119.988,0.015,0.015
30.03.2021 06:32:35.746 GMT-0700,120.00200000000001,119.978,0.015,0.015
30.03.2021 06:32:35.796 GMT-0700,120.04200000000002,120.018,0.015,0.015
30.03.2021 06:32:35.909 GMT-0700,120.033,120.007,0.015,0.015
30.03.2021 06:32:36.196 GMT-0700,120.04200000000002,120.018,0.015,0.015
30.03.2021 06:32:36.246 GMT-0700,120.052,120.018,0.015,0.015
30.03.2021 06:32:36.296 GMT-0700,120.053,120.02700000000002,0.015,0.015
30.03.2021 06:32:36.603 GMT-0700,120.052,120.008,0.015,0.015
30.03.2021 06:32:36.686 GMT-0700,120.053,120.01700000000001,0.015,0.015
30.03.2021 06:32:36.857 GMT-0700,120.053,120.007,0.015,0.015
30.03.2021 06:32:36.920 GMT-0700,120.03200000000001,120.008,0.0075,0.0001
30.03.2021 06:32:36.971 GMT-0700,120.04200000000002,119.99799999999999,0.015,0.015
30.03.2021 06:32:37.122 GMT-0700,120.03200000000001,119.99799999999999,0.015,0.015
30.03.2021 06:32:37.268 GMT-0700,120.023,119.99700000000001,0.0075,0.015
30.03.2021 06:32:37.794 GMT-0700,120.022,120.008,0.015,0.015
30.03.2021 06:32:37.845 GMT-0700,120.023,119.99700000000001,0.015,0.015
30.03.2021 06:32:37.922 GMT-0700,120.022,120.008,0.0075,0.0001
30.03.2021 06:32:37.972 GMT-0700,120.022,119.99799999999999,0.015,0.015
30.03.2021 06:32:38.081 GMT-0700,120.03200000000001,119.99799999999999,0.015,0.015
30.03.2021 06:32:38.215 GMT-0700,120.033,120.007,0.0075,0.0001
30.03.2021 06:32:38.265 GMT-0700,120.04299999999999,120.007,0.015,0.015
30.03.2021 06:32:38.515 GMT-0700,120.04200000000002,120.02799999999999,0.0075,0.0012
30.03.2021 06:32:38.565 GMT-0700,120.052,120.018,0.015,0.015
30.03.2021 06:32:38.666 GMT-0700,120.052,120.008,0.015,0.015
30.03.2021 06:32:38.716 GMT-0700,120.04299999999999,120.01700000000001,0.015,0.015
30.03.2021 06:32:38.766 GMT-0700,120.04299999999999,120.007,0.015,0.015
30.03.2021 06:32:38.817 GMT-0700,120.033,119.99700000000001,0.015,0.015
30.03.2021 06:32:39.045 GMT-0700,120.03200000000001,120.008,0.015,0.015
30.03.2021 06:32:39.196 GMT-0700,120.033,119.99700000000001,0.015,0.015
30.03.2021 06:32:39.503 GMT-0700,120.03200000000001,120.008,0.015,0.0001
30.03.2021 06:32:39.553 GMT-0700,120.03200000000001,119.99799999999999,0.015,0.015
30.03.2021 06:32:39.678 GMT-0700,120.023,119.99700000000001,0.015,0.015
30.03.2021 06:32:39.902 GMT-0700,120.04299999999999,119.99700000000001,0.015,0.015
30.03.2021 06:32:39.952 GMT-0700,120.023,119.99700000000001,0.015,0.015
30.03.2021 06:32:40.140 GMT-0700,120.003,119.977,0.015,0.015
30.03.2021 06:32:40.550 GMT-0700,120.01200000000001,119.978,0.015,0.015
30.03.2021 06:32:40.745 GMT-0700,120.01200000000001,119.988,0.015,0.015
30.03.2021 06:32:40.796 GMT-0700,120.01200000000001,119.978,0.015,0.015
30.03.2021 06:32:41.116 GMT-0700,120.01299999999999,119.99700000000001,0.0075,0.0012
30.03.2021 06:32:41.166 GMT-0700,120.023,119.99700000000001,0.015,0.015
30.03.2021 06:32:41.216 GMT-0700,120.003,119.977,0.015,0.015
30.03.2021 06:32:41.498 GMT-0700,120.00200000000001,119.96799999999999,0.015,0.015
30.03.2021 06:32:41.605 GMT-0700,120.00200000000001,119.988,0.015,0.0001
30.03.2021 06:32:41.656 GMT-0700,120.00200000000001,119.978,0.015,0.015
30.03.2021 06:32:41.706 GMT-0700,120.00200000000001,119.988,0.015,0.015
30.03.2021 06:32:41.766 GMT-0700,120.00200000000001,119.978,0.015,0.015
30.03.2021 06:32:41.816 GMT-0700,120.00200000000001,119.988,0.015,0.015
30.03.2021 06:32:41.972 GMT-0700,120.00200000000001,119.978,0.015,0.015
30.03.2021 06:32:42.223 GMT-0700,120.003,119.98700000000001,0.015,0.015
30.03.2021 06:32:42.611 GMT-0700,119.992,119.98700000000001,0.0075,0.0012
30.03.2021 06:32:42.662 GMT-0700,120.003,119.96700000000001,0.015,0.015
30.03.2021 06:32:42.927 GMT-0700,120.003,119.98700000000001,0.015,0.015
30.03.2021 06:32:42.977 GMT-0700,120.00200000000001,119.978,0.015,0.015
30.03.2021 06:32:43.028 GMT-0700,119.992,119.96799999999999,0.015,0.015
30.03.2021 06:32:43.424 GMT-0700,119.98299999999999,119.96700000000001,0.0075,0.015
30.03.2021 06:32:43.524 GMT-0700,119.973,119.947,0.015,0.015
30.03.2021 06:32:43.575 GMT-0700,119.98299999999999,119.95700000000001,0.015,0.015
30.03.2021 06:32:43.704 GMT-0700,119.98200000000001,119.948,0.015,0.015
30.03.2021 06:32:43.907 GMT-0700,119.98299999999999,119.95700000000001,0.015,0.015
30.03.2021 06:32:44.234 GMT-0700,119.98200000000001,119.96799999999999,0.015,0.015
30.03.2021 06:32:44.285 GMT-0700,119.98299999999999,119.95700000000001,0.015,0.015
30.03.2021 06:32:44.335 GMT-0700,119.98200000000001,119.96799999999999,0.015,0.015
30.03.2021 06:32:44.385 GMT-0700,120.00200000000001,119.978,0.015,0.015
30.03.2021 06:32:44.486 GMT-0700,120.00200000000001,119.988,0.015,0.015
30.03.2021 06:32:44.692 GMT-0700,120.003,119.977,0.015,0.015
30.03.2021 06:32:44.966 GMT-0700,120.00200000000001,119.988,0.015,0.0001
30.03.2021 06:32:45.596 GMT-0700,120.022,119.99799999999999,0.015,0.015
30.03.2021 06:32:45.647 GMT-0700,120.03200000000001,120.008,0.015,0.015
30.03.2021 06:32:45.789 GMT-0700,120.04299999999999,120.01700000000001,0.015,0.015
30.03.2021 06:32:45.923 GMT-0700,120.033,120.007,0.015,0.015
30.03.2021 06:32:46.024 GMT-0700,120.01299999999999,119.98700000000001,0.015,0.015
30.03.2021 06:32:46.468 GMT-0700,120.01200000000001,119.96799999999999,0.015,0.015
30.03.2021 06:32:46.518 GMT-0700,120.01299999999999,119.977,0.015,0.015
30.03.2021 06:32:46.727 GMT-0700,119.992,119.978,0.015,0.015
30.03.2021 06:32:46.777 GMT-0700,120.00200000000001,119.978,0.015,0.015
30.03.2021 06:32:46.827 GMT-0700,119.993,119.977,0.015,0.015
30.03.2021 06:32:46.961 GMT-0700,119.98200000000001,119.977,0.0075,0.0012
30.03.2021 06:32:47.011 GMT-0700,119.98200000000001,119.958,0.015,0.015
30.03.2021 06:32:47.378 GMT-0700,120.00200000000001,119.978,0.015,0.015
30.03.2021 06:32:47.428 GMT-0700,120.01299999999999,119.977,0.015,0.015
30.03.2021 06:32:47.479 GMT-0700,120.003,119.977,0.015,0.015
30.03.2021 06:32:48.041 GMT-0700,120.00200000000001,119.988,0.015,0.0001
30.03.2021 06:32:48.091 GMT-0700,119.992,119.96799999999999,0.015,0.015
30.03.2021 06:32:48.190 GMT-0700,119.98299999999999,119.96700000000001,0.0075,0.0012
30.03.2021 06:32:48.240 GMT-0700,119.98200000000001,119.958,0.015,0.015
30.03.2021 06:32:48.341 GMT-0700,119.943,119.927,0.015,0.015
30.03.2021 06:32:48.391 GMT-0700,119.95299999999999,119.927,0.015,0.015
30.03.2021 06:32:48.442 GMT-0700,119.963,119.927,0.015,0.015
30.03.2021 06:32:48.566 GMT-0700,119.963,119.93700000000001,0.015,0.015
30.03.2021 06:32:48.667 GMT-0700,119.95200000000001,119.928,0.015,0.015
30.03.2021 06:32:49.090 GMT-0700,119.93299999999999,119.928,0.0075,0.0012
30.03.2021 06:32:49.140 GMT-0700,119.93200000000002,119.91799999999999,0.015,0.015
30.03.2021 06:32:49.212 GMT-0700,119.93200000000002,119.928,0.0075,0.0001
30.03.2021 06:32:49.262 GMT-0700,119.943,119.91700000000002,0.015,0.015
30.03.2021 06:32:49.480 GMT-0700,119.94200000000001,119.928,0.0075,0.0012
30.03.2021 06:32:49.530 GMT-0700,119.95200000000001,119.928,0.015,0.015
30.03.2021 06:32:49.773 GMT-0700,119.943,119.927,0.015,0.015
30.03.2021 06:32:49.932 GMT-0700,119.95299999999999,119.927,0.015,0.015
30.03.2021 06:32:50.726 GMT-0700,119.94200000000001,119.928,0.0075,0.015
30.03.2021 06:32:51.120 GMT-0700,119.94200000000001,119.91799999999999,0.015,0.015
30.03.2021 06:32:52.419 GMT-0700,119.923,119.91700000000002,0.0075,0.0001
30.03.2021 06:32:52.470 GMT-0700,119.92200000000001,119.898,0.015,0.015
30.03.2021 06:32:52.680 GMT-0700,119.912,119.898,0.0075,0.0012
30.03.2021 06:32:52.731 GMT-0700,119.923,119.88700000000001,0.015,0.015
30.03.2021 06:32:52.796 GMT-0700,119.912,119.88799999999999,0.0075,0.015
30.03.2021 06:32:52.963 GMT-0700,119.913,119.90700000000001,0.0075,0.0001
30.03.2021 06:32:53.014 GMT-0700,119.923,119.90700000000001,0.015,0.015
30.03.2021 06:32:53.139 GMT-0700,119.912,119.90700000000001,0.0075,0.0012
30.03.2021 06:32:53.190 GMT-0700,119.912,119.88799999999999,0.015,0.015
30.03.2021 06:32:53.582 GMT-0700,119.92200000000001,119.88799999999999,0.015,0.015
30.03.2021 06:32:53.679 GMT-0700,119.912,119.88799999999999,0.0075,0.015
30.03.2021 06:32:53.850 GMT-0700,119.92200000000001,119.88799999999999,0.015,0.015
30.03.2021 06:32:53.950 GMT-0700,119.913,119.88700000000001,0.015,0.015
30.03.2021 06:32:54.093 GMT-0700,119.90200000000002,119.88799999999999,0.0075,0.015
30.03.2021 06:32:54.194 GMT-0700,119.90200000000002,119.878,0.015,0.015
30.03.2021 06:32:54.244 GMT-0700,119.893,119.87700000000001,0.015,0.015
30.03.2021 06:32:54.786 GMT-0700,119.90299999999999,119.87700000000001,0.015,0.015
30.03.2021 06:32:55.047 GMT-0700,119.913,119.88700000000001,0.015,0.015
30.03.2021 06:32:55.097 GMT-0700,119.92200000000001,119.878,0.015,0.015
30.03.2021 06:32:55.191 GMT-0700,119.923,119.897,0.015,0.0001
30.03.2021 06:32:55.291 GMT-0700,119.93299999999999,119.88700000000001,0.015,0.015
30.03.2021 06:32:55.497 GMT-0700,119.92200000000001,119.88799999999999,0.015,0.015
30.03.2021 06:32:55.600 GMT-0700,119.92200000000001,119.878,0.015,0.015
30.03.2021 06:32:55.683 GMT-0700,119.913,119.88700000000001,0.0075,0.0012
30.03.2021 06:32:55.872 GMT-0700,119.913,119.87700000000001,0.015,0.015
30.03.2021 06:32:56.053 GMT-0700,119.90299999999999,119.87700000000001,0.0075,0.015
30.03.2021 06:32:56.684 GMT-0700,119.89200000000001,119.878,0.0075,0.015
30.03.2021 06:32:56.995 GMT-0700,119.90200000000002,119.878,0.015,0.015
30.03.2021 06:32:57.138 GMT-0700,119.893,119.87700000000001,0.0075,0.015
30.03.2021 06:32:57.339 GMT-0700,119.89200000000001,119.848,0.015,0.015
30.03.2021 06:32:57.581 GMT-0700,119.87299999999999,119.84700000000001,0.015,0.015
30.03.2021 06:32:57.702 GMT-0700,119.87200000000001,119.867,0.0075,0.0001
30.03.2021 06:32:57.752 GMT-0700,119.882,119.868,0.015,0.015
30.03.2021 06:32:57.853 GMT-0700,119.89200000000001,119.868,0.015,0.015
30.03.2021 06:32:57.954 GMT-0700,119.87200000000001,119.848,0.015,0.015
30.03.2021 06:32:58.005 GMT-0700,119.89200000000001,119.85799999999999,0.015,0.015
30.03.2021 06:32:58.105 GMT-0700,119.882,119.848,0.015,0.015
30.03.2021 06:32:58.256 GMT-0700,119.89200000000001,119.848,0.015,0.015
30.03.2021 06:32:58.362 GMT-0700,119.882,119.848,0.0075,0.015
30.03.2021 06:32:58.567 GMT-0700,119.893,119.84700000000001,0.015,0.015
30.03.2021 06:32:58.643 GMT-0700,119.883,119.84700000000001,0.015,0.015
30.03.2021 06:32:58.820 GMT-0700,119.893,119.84700000000001,0.015,0.015
30.03.2021 06:32:58.992 GMT-0700,119.883,119.84700000000001,0.015,0.015
30.03.2021 06:32:59.556 GMT-0700,119.89200000000001,119.848,0.015,0.015
30.03.2021 06:32:59.714 GMT-0700,119.89200000000001,119.868,0.015,0.015
30.03.2021 06:32:59.765 GMT-0700,119.89200000000001,119.85799999999999,0.015,0.015
30.03.2021 06:33:00.133 GMT-0700,119.90299999999999,119.867,0.015,0.015
30.03.2021 06:33:00.283 GMT-0700,119.912,119.898,0.015,0.015
30.03.2021 06:33:00.334 GMT-0700,119.913,119.87700000000001,0.015,0.015
30.03.2021 06:33:00.419 GMT-0700,119.923,119.87700000000001,0.015,0.015
30.03.2021 06:33:00.476 GMT-0700,119.93299999999999,119.87700000000001,0.015,0.015
30.03.2021 06:33:00.577 GMT-0700,119.92200000000001,119.878,0.015,0.015
30.03.2021 06:33:00.627 GMT-0700,119.93200000000002,119.878,0.015,0.015
30.03.2021 06:33:00.677 GMT-0700,119.923,119.87700000000001,0.015,0.015
30.03.2021 06:33:00.789 GMT-0700,119.912,119.878,0.015,0.015
30.03.2021 06:33:00.890 GMT-0700,119.89200000000001,119.878,0.015,0.015
30.03.2021 06:33:00.940 GMT-0700,119.893,119.867,0.015,0.015
30.03.2021 06:33:01.091 GMT-0700,119.89200000000001,119.85799999999999,0.015,0.015
30.03.2021 06:33:01.308 GMT-0700,119.883,119.85700000000001,0.0075,0.015
30.03.2021 06:33:01.447 GMT-0700,119.882,119.878,0.0075,0.0001
30.03.2021 06:33:01.497 GMT-0700,119.90299999999999,119.87700000000001,0.015,0.015
30.03.2021 06:33:01.598 GMT-0700,119.913,119.87700000000001,0.015,0.015
30.03.2021 06:33:01.707 GMT-0700,119.92200000000001,119.878,0.015,0.015
30.03.2021 06:33:01.762 GMT-0700,119.923,119.897,0.015,0.0012
30.03.2021 06:33:01.812 GMT-0700,119.92200000000001,119.88799999999999,0.015,0.015
30.03.2021 06:33:01.912 GMT-0700,119.93299999999999,119.88700000000001,0.015,0.015
30.03.2021 06:33:02.013 GMT-0700,119.912,119.88799999999999,0.015,0.015
30.03.2021 06:33:02.114 GMT-0700,119.93200000000002,119.908,0.015,0.015
30.03.2021 06:33:02.164 GMT-0700,119.923,119.88700000000001,0.015,0.015
30.03.2021 06:33:02.264 GMT-0700,119.93299999999999,119.88700000000001,0.015,0.015
30.03.2021 06:33:02.606 GMT-0700,119.92200000000001,119.88799999999999,0.015,0.015
30.03.2021 06:33:02.814 GMT-0700,119.913,119.88700000000001,0.015,0.015
30.03.2021 06:33:02.864 GMT-0700,119.912,119.868,0.015,0.015
30.03.2021 06:33:02.948 GMT-0700,119.89200000000001,119.868,0.0075,0.015
30.03.2021 06:33:02.998 GMT-0700,119.852,119.82799999999999,0.015,0.015
30.03.2021 06:33:03.099 GMT-0700,119.883,119.84700000000001,0.015,0.015
30.03.2021 06:33:03.149 GMT-0700,119.87200000000001,119.838,0.015,0.015
30.03.2021 06:33:03.430 GMT-0700,119.87299999999999,119.84700000000001,0.015,0.015
30.03.2021 06:33:03.645 GMT-0700,119.87200000000001,119.838,0.015,0.015
30.03.2021 06:33:03.853 GMT-0700,119.87200000000001,119.85799999999999,0.015,0.015
30.03.2021 06:33:04.066 GMT-0700,119.83200000000001,119.80799999999999,0.0075,0.015
30.03.2021 06:33:04.116 GMT-0700,119.83200000000001,119.82799999999999,0.0075,0.0001
30.03.2021 06:33:04.167 GMT-0700,119.84299999999999,119.82700000000001,0.015,0.015
30.03.2021 06:33:04.293 GMT-0700,119.853,119.82700000000001,0.015,0.015
30.03.2021 06:33:04.394 GMT-0700,119.87299999999999,119.837,0.015,0.015
30.03.2021 06:33:04.494 GMT-0700,119.87299999999999,119.84700000000001,0.015,0.015
30.03.2021 06:33:04.545 GMT-0700,119.87299999999999,119.82700000000001,0.015,0.015
30.03.2021 06:33:04.709 GMT-0700,119.87200000000001,119.848,0.015,0.015
30.03.2021 06:33:04.760 GMT-0700,119.87299999999999,119.837,0.015,0.015
30.03.2021 06:33:04.860 GMT-0700,119.87200000000001,119.848,0.015,0.015
30.03.2021 06:33:04.967 GMT-0700,119.87200000000001,119.838,0.015,0.015
30.03.2021 06:33:05.017 GMT-0700,119.853,119.82700000000001,0.015,0.015
30.03.2021 06:33:05.168 GMT-0700,119.863,119.82700000000001,0.015,0.015
30.03.2021 06:33:05.300 GMT-0700,119.863,119.81700000000001,0.015,0.015
30.03.2021 06:33:05.351 GMT-0700,119.863,119.82700000000001,0.015,0.015
30.03.2021 06:33:05.401 GMT-0700,119.863,119.81700000000001,0.015,0.015
