Local time,Ask,Bid,AskVolume,BidVolume
30.03.2021 06:31:04.751 GMT-0700,114.40200000000002,114.048,0.0008,0.0008
30.03.2021 06:31:15.082 GMT-0700,114.32799999999999,114.118,0.0008,0.1
30.03.2021 06:31:15.666 GMT-0700,114.273,113.867,0.075,0.075
30.03.2021 06:31:16.869 GMT-0700,114.26200000000001,113.868,0.075,0.075
30.03.2021 06:31:16.970 GMT-0700,114.273,113.85700000000001,0.1,0.1
30.03.2021 06:31:20.383 GMT-0700,114.08200000000001,113.868,0.0008,0.0008
30.03.2021 06:31:20.433 GMT-0700,114.273,113.867,0.1,0.1
30.03.2021 06:31:30.997 GMT-0700,114.11200000000001,113.708,0.1,0.1
30.03.2021 06:31:34.439 GMT-0700,114.14200000000001,113.708,0.1,0.1
30.03.2021 06:31:40.151 GMT-0700,114.173,113.71700000000001,0.1,0.1
30.03.2021 06:31:44.836 GMT-0700,114.102,113.708,0.0008,0.1
30.03.2021 06:31:49.124 GMT-0700,114.102,113.71799999999999,0.1,0.1
30.03.2021 06:31:49.203 GMT-0700,114.103,113.70700000000001,0.1,0.1
30.03.2021 06:31:52.526 GMT-0700,114.103,113.71700000000001,0.1,0.075
30.03.2021 06:31:52.626 GMT-0700,114.102,113.708,0.1,0.1
30.03.2021 06:31:53.850 GMT-0700,114.09299999999999,113.71700000000001,0.075,0.075
30.03.2021 06:31:53.950 GMT-0700,114.09299999999999,113.70700000000001,0.1,0.1
30.03.2021 06:31:54.425 GMT-0700,114.09299999999999,113.65700000000001,0.1,0.1
30.03.2021 06:31:55.157 GMT-0700,114.103,113.65700000000001,0.1,0.1
30.03.2021 06:32:02.927 GMT-0700,114.09200000000001,113.85799999999999,0.0008,0.0008
30.03.2021 06:32:02.977 GMT-0700,114.102,113.85799999999999,0.1,0.1
30.03.2021 06:32:05.128 GMT-0700,114.09299999999999,113.85700000000001,0.0008,0.1
30.03.2021 06:32:05.228 GMT-0700,114.102,113.85799999999999,0.1,0.1
30.03.2021 06:32:07.067 GMT-0700,114.09299999999999,113.85700000000001,0.0008,0.075
30.03.2021 06:32:07.118 GMT-0700,114.102,113.80799999999999,0.1,0.1
30.03.2021 06:32:07.171 GMT-0700,114.03200000000001,113.80799999999999,0.1,0.1
30.03.2021 06:32:29.753 GMT-0700,114.033,113.81700000000001,0.1,0.1
30.03.2021 06:32:29.888 GMT-0700,114.34299999999999,113.897,0.1,0.1
30.03.2021 06:32:30.066 GMT-0700,114.34299999999999,113.98700000000001,0.1,0.0008
30.03.2021 06:32:31.759 GMT-0700,114.333,113.98700000000001,0.0008,0.1
30.03.2021 06:32:33.399 GMT-0700,114.33200000000001,113.96799999999999,0.1,0.1
30.03.2021 06:32:33.461 GMT-0700,114.33200000000001,114.048,0.1,0.0008
30.03.2021 06:32:36.535 GMT-0700,114.333,114.05700000000002,0.1,0.0008
30.03.2021 06:32:44.303 GMT-0700,114.273,114.05700000000002,0.0008,0.1
30.03.2021 06:32:51.354 GMT-0700,114.333,114.05700000000002,0.1,0.1
30.03.2021 06:32:51.841 GMT-0700,114.323,114.05700000000002,0.0008,0.1
30.03.2021 06:32:51.998 GMT-0700,114.33200000000001,114.05799999999999,0.1,0.1
30.03.2021 06:32:52.895 GMT-0700,114.322,114.05799999999999,0.0008,0.1
30.03.2021 06:32:53.404 GMT-0700,114.33200000000001,114.05799999999999,0.1,0.1
30.03.2021 06:32:55.105 GMT-0700,114.323,114.05700000000002,0.075,0.1
30.03.2021 06:32:55.155 GMT-0700,114.333,114.05700000000002,0.1,0.1
30.03.2021 06:32:55.903 GMT-0700,114.15299999999999,113.87700000000001,0.1,0.1
30.03.2021 06:32:56.014 GMT-0700,114.15200000000002,113.77799999999999,0.1,0.075
30.03.2021 06:32:57.053 GMT-0700,114.15200000000002,113.77799999999999,0.075,0.1
30.03.2021 06:33:00.091 GMT-0700,114.15200000000002,113.77799999999999,0.1,0.1
30.03.2021 06:33:00.206 GMT-0700,114.143,113.77700000000002,0.1,0.1
30.03.2021 06:33:00.627 GMT-0700,114.15299999999999,113.77700000000002,0.1,0.1
30.03.2021 06:33:00.677 GMT-0700,114.03200000000001,113.77799999999999,0.1,0.1
30.03.2021 06:33:02.760 GMT-0700,114.022,113.77799999999999,0.0008,0.075
30.03.2021 06:33:02.810 GMT-0700,114.023,113.59700000000001,0.1,0.1
30.03.2021 06:33:05.990 GMT-0700,114.15299999999999,113.81700000000001,0.1,0.0008
30.03.2021 06:33:07.700 GMT-0700,114.212,113.77799999999999,0.075,0.1
30.03.2021 06:33:11.778 GMT-0700,114.33200000000001,113.85799999999999,0.1,0.1
30.03.2021 06:33:14.088 GMT-0700,114.322,113.868,0.075,0.075
30.03.2021 06:33:14.189 GMT-0700,114.243,113.85700000000001,0.1,0.1
30.03.2021 06:33:14.297 GMT-0700,114.33200000000001,113.85799999999999,0.1,0.1
30.03.2021 06:33:16.028 GMT-0700,114.322,113.868,0.075,0.075
30.03.2021 06:33:16.300 GMT-0700,114.333,113.85700000000001,0.1,0.1
30.03.2021 06:33:19.427 GMT-0700,114.333,113.91700000000002,0.1,0.0008
30.03.2021 06:33:20.298 GMT-0700,114.133,113.91700000000002,0.075,0.1
30.03.2021 06:33:20.348 GMT-0700,114.33200000000001,113.91799999999999,0.1,0.1
30.03.2021 06:33:20.616 GMT-0700,114.103,113.91700000000002,0.0008,0.1
30.03.2021 06:33:25.195 GMT-0700,114.162,113.91799999999999,0.1,0.1
30.03.2021 06:33:29.706 GMT-0700,114.163,113.77700000000002,0.1,0.1
30.03.2021 06:33:31.060 GMT-0700,114.163,114.007,0.075,0.0008
30.03.2021 06:33:56.478 GMT-0700,114.333,113.947,0.1,0.1
30.03.2021 06:34:00.938 GMT-0700,114.212,113.948,0.0008,0.1
30.03.2021 06:34:01.571 GMT-0700,114.33200000000001,113.948,0.1,0.1
30.03.2021 06:34:04.368 GMT-0700,114.323,113.947,0.0008,0.1
30.03.2021 06:34:04.418 GMT-0700,114.333,113.947,0.1,0.1
30.03.2021 06:34:04.755 GMT-0700,114.333,114.01700000000001,0.1,0.1
30.03.2021 06:34:04.806 GMT-0700,114.333,113.95700000000001,0.1,0.1
30.03.2021 06:34:04.943 GMT-0700,114.33200000000001,113.948,0.1,0.1
30.03.2021 06:34:04.993 GMT-0700,114.323,113.947,0.1,0.1
30.03.2021 06:34:05.347 GMT-0700,114.333,113.947,0.1,0.1
30.03.2021 06:34:07.195 GMT-0700,114.212,113.948,0.075,0.1
30.03.2021 06:34:07.557 GMT-0700,114.322,113.948,0.1,0.1
30.03.2021 06:34:07.657 GMT-0700,114.25200000000001,113.948,0.1,0.1
30.03.2021 06:34:07.819 GMT-0700,114.333,113.947,0.1,0.1
30.03.2021 06:34:08.716 GMT-0700,114.323,113.947,0.0008,0.1
30.03.2021 06:34:08.997 GMT-0700,114.333,113.947,0.1,0.1
30.03.2021 06:34:10.546 GMT-0700,114.323,113.947,0.075,0.1
30.03.2021 06:34:10.804 GMT-0700,114.333,113.947,0.1,0.1
30.03.2021 06:34:12.577 GMT-0700,114.333,113.98700000000001,0.1,0.0008
30.03.2021 06:34:13.903 GMT-0700,114.272,113.988,0.1,0.1
30.03.2021 06:34:13.953 GMT-0700,114.33200000000001,113.988,0.1,0.1
30.03.2021 06:34:17.960 GMT-0700,114.323,113.98700000000001,0.0008,0.1
30.03.2021 06:34:18.449 GMT-0700,114.33200000000001,113.988,0.1,0.1
30.03.2021 06:34:19.227 GMT-0700,114.322,113.99799999999999,0.1,0.1
30.03.2021 06:34:19.358 GMT-0700,114.333,113.98700000000001,0.1,0.1
30.03.2021 06:34:21.203 GMT-0700,114.333,113.95700000000001,0.1,0.1
30.03.2021 06:34:21.461 GMT-0700,114.333,113.947,0.1,0.1
30.03.2021 06:34:31.248 GMT-0700,114.333,113.95700000000001,0.1,0.0008
30.03.2021 06:34:31.529 GMT-0700,114.333,113.947,0.1,0.1
30.03.2021 06:34:32.692 GMT-0700,114.322,113.958,0.0008,0.0008
30.03.2021 06:34:32.846 GMT-0700,114.333,113.947,0.1,0.1
30.03.2021 06:34:34.964 GMT-0700,114.33200000000001,113.958,0.1,0.0008
30.03.2021 06:34:35.064 GMT-0700,114.333,113.947,0.1,0.1
30.03.2021 06:34:40.081 GMT-0700,114.33200000000001,113.958,0.1,0.0008
30.03.2021 06:34:40.507 GMT-0700,114.333,113.947,0.1,0.1
30.03.2021 06:34:41.069 GMT-0700,114.333,114.087,0.075,0.0008
30.03.2021 06:34:41.120 GMT-0700,114.523,114.087,0.1,0.1
30.03.2021 06:34:43.021 GMT-0700,114.522,114.098,0.1,0.1
30.03.2021 06:34:43.170 GMT-0700,114.533,114.087,0.1,0.1
30.03.2021 06:34:47.340 GMT-0700,114.522,114.098,0.0008,0.0008
30.03.2021 06:34:47.695 GMT-0700,114.53200000000001,114.088,0.1,0.1
30.03.2021 06:34:49.787 GMT-0700,114.533,114.09700000000001,0.1,0.1
30.03.2021 06:34:49.889 GMT-0700,114.533,114.087,0.1,0.1
30.03.2021 06:34:49.939 GMT-0700,114.533,114.197,0.1,0.1
30.03.2021 06:34:50.356 GMT-0700,114.523,114.197,0.0008,0.1
30.03.2021 06:34:50.495 GMT-0700,114.533,114.197,0.1,0.1
30.03.2021 06:34:51.045 GMT-0700,114.533,114.087,0.1,0.1
30.03.2021 06:34:56.119 GMT-0700,114.522,114.098,0.075,0.075
30.03.2021 06:34:56.219 GMT-0700,114.533,114.087,0.1,0.1
30.03.2021 06:34:59.765 GMT-0700,114.523,114.09700000000001,0.0008,0.0008
30.03.2021 06:34:59.815 GMT-0700,114.53200000000001,114.088,0.1,0.1
30.03.2021 06:35:01.668 GMT-0700,114.383,114.09700000000001,0.0008,0.0008
30.03.2021 06:35:01.823 GMT-0700,114.382,114.088,0.1,0.1
30.03.2021 06:35:03.233 GMT-0700,114.383,114.09700000000001,0.1,0.075
30.03.2021 06:35:03.398 GMT-0700,114.382,114.088,0.1,0.1
30.03.2021 06:35:20.521 GMT-0700,114.37200000000001,114.088,0.075,0.0008
30.03.2021 06:35:20.572 GMT-0700,114.37200000000001,113.96799999999999,0.1,0.1
30.03.2021 06:35:20.800 GMT-0700,114.383,113.95700000000001,0.1,0.1
30.03.2021 06:35:24.096 GMT-0700,114.383,113.96700000000001,0.1,0.0008
30.03.2021 06:35:24.319 GMT-0700,114.383,113.95700000000001,0.1,0.1
30.03.2021 06:35:25.077 GMT-0700,114.37299999999999,113.96700000000001,0.1,0.1
30.03.2021 06:35:25.128 GMT-0700,114.383,113.96700000000001,0.1,0.1
30.03.2021 06:35:25.183 GMT-0700,114.382,113.948,0.1,0.1
30.03.2021 06:35:28.898 GMT-0700,114.37299999999999,113.95700000000001,0.1,0.1
30.03.2021 06:35:29.005 GMT-0700,114.383,113.947,0.1,0.1
30.03.2021 06:35:30.116 GMT-0700,114.37299999999999,113.95700000000001,0.075,0.075
30.03.2021 06:35:30.308 GMT-0700,114.382,113.948,0.1,0.1
30.03.2021 06:35:31.292 GMT-0700,114.37299999999999,113.95700000000001,0.0008,0.0008
30.03.2021 06:35:31.811 GMT-0700,114.382,113.948,0.1,0.1
30.03.2021 06:35:36.064 GMT-0700,114.37299999999999,113.95700000000001,0.1,0.1
30.03.2021 06:35:36.223 GMT-0700,114.382,113.948,0.1,0.1
30.03.2021 06:35:37.412 GMT-0700,114.37200000000001,113.958,0.1,0.1
30.03.2021 06:35:37.668 GMT-0700,114.383,113.947,0.1,0.1
30.03.2021 06:35:40.072 GMT-0700,114.37200000000001,113.958,0.075,0.075
30.03.2021 06:35:40.353 GMT-0700,114.383,113.947,0.1,0.1
30.03.2021 06:35:45.618 GMT-0700,114.37200000000001,113.958,0.1,0.1
30.03.2021 06:35:45.766 GMT-0700,114.383,113.947,0.1,0.1
30.03.2021 06:35:47.120 GMT-0700,114.37200000000001,113.958,0.0008,0.0008
30.03.2021 06:35:47.318 GMT-0700,114.382,113.948,0.1,0.1
30.03.2021 06:35:48.185 GMT-0700,114.382,113.958,0.1,0.0008
30.03.2021 06:35:48.286 GMT-0700,114.382,113.948,0.1,0.1
30.03.2021 06:35:53.744 GMT-0700,114.242,113.958,0.0008,0.0008
30.03.2021 06:35:53.844 GMT-0700,114.243,113.79700000000001,0.1,0.1
30.03.2021 06:35:53.915 GMT-0700,114.243,113.91700000000002,0.1,0.0008
30.03.2021 06:36:00.929 GMT-0700,114.242,113.928,0.1,0.0008
30.03.2021 06:36:01.029 GMT-0700,114.243,113.91700000000002,0.1,0.1
30.03.2021 06:36:07.187 GMT-0700,114.242,113.928,0.1,0.1
30.03.2021 06:36:07.340 GMT-0700,114.243,113.91700000000002,0.1,0.1
30.03.2021 06:36:08.440 GMT-0700,114.243,113.927,0.1,0.075
30.03.2021 06:36:08.541 GMT-0700,114.242,113.91799999999999,0.1,0.1
30.03.2021 06:36:08.876 GMT-0700,114.37299999999999,113.91700000000002,0.075,0.1
30.03.2021 06:36:11.496 GMT-0700,114.382,113.928,0.1,0.0008
30.03.2021 06:36:11.846 GMT-0700,114.383,113.91700000000002,0.1,0.1
30.03.2021 06:36:14.354 GMT-0700,114.382,113.928,0.1,0.1
30.03.2021 06:36:14.565 GMT-0700,114.382,113.91799999999999,0.1,0.1
30.03.2021 06:36:15.922 GMT-0700,114.382,113.928,0.1,0.0008
30.03.2021 06:36:16.343 GMT-0700,114.383,113.91700000000002,0.1,0.1
30.03.2021 06:36:16.860 GMT-0700,114.383,114.07700000000001,0.1,0.075
30.03.2021 06:36:18.860 GMT-0700,114.37200000000001,114.07799999999999,0.0008,0.1
30.03.2021 06:36:19.047 GMT-0700,114.382,114.07799999999999,0.1,0.1
30.03.2021 06:36:24.659 GMT-0700,114.383,114.087,0.1,0.075
30.03.2021 06:36:24.709 GMT-0700,114.45299999999999,114.087,0.1,0.1
30.03.2021 06:36:24.816 GMT-0700,114.462,114.07799999999999,0.1,0.1
30.03.2021 06:36:24.866 GMT-0700,114.40200000000002,114.07799999999999,0.1,0.1
30.03.2021 06:36:43.706 GMT-0700,114.40200000000002,114.088,0.1,0.1
30.03.2021 06:36:43.756 GMT-0700,114.40299999999999,114.07700000000001,0.1,0.1
30.03.2021 06:36:47.604 GMT-0700,114.40299999999999,114.087,0.1,0.0008
30.03.2021 06:36:47.808 GMT-0700,114.40299999999999,114.07700000000001,0.1,0.1
30.03.2021 06:36:54.363 GMT-0700,114.40299999999999,114.087,0.1,0.075
30.03.2021 06:36:54.594 GMT-0700,114.40200000000002,114.07799999999999,0.1,0.1
30.03.2021 06:36:55.961 GMT-0700,114.40299999999999,114.087,0.1,0.075
30.03.2021 06:36:56.181 GMT-0700,114.40299999999999,114.07700000000001,0.1,0.1
30.03.2021 06:36:58.474 GMT-0700,114.40299999999999,114.087,0.1,0.075
30.03.2021 06:36:58.652 GMT-0700,114.40200000000002,114.07799999999999,0.1,0.1
30.03.2021 06:37:00.089 GMT-0700,114.40200000000002,114.088,0.1,0.075
30.03.2021 06:37:00.245 GMT-0700,114.40200000000002,114.07799999999999,0.1,0.1
30.03.2021 06:37:03.910 GMT-0700,114.40200000000002,114.088,0.1,0.0008
30.03.2021 06:37:04.010 GMT-0700,114.40299999999999,114.07700000000001,0.1,0.1
30.03.2021 06:37:06.656 GMT-0700,114.463,114.07700000000001,0.1,0.1
30.03.2021 06:37:07.831 GMT-0700,114.463,114.20700000000001,0.1,0.0008
30.03.2021 06:37:07.937 GMT-0700,114.45200000000001,114.208,0.0008,0.1
30.03.2021 06:37:08.094 GMT-0700,114.463,114.20700000000001,0.1,0.1
30.03.2021 06:37:08.429 GMT-0700,114.463,114.24700000000001,0.1,0.1
30.03.2021 06:37:10.483 GMT-0700,114.533,114.20700000000001,0.1,0.1
30.03.2021 06:37:12.542 GMT-0700,114.53200000000001,114.21799999999999,0.1,0.1
30.03.2021 06:37:13.309 GMT-0700,114.53200000000001,114.318,0.1,0.075
30.03.2021 06:37:13.360 GMT-0700,114.533,114.20700000000001,0.1,0.1
30.03.2021 06:37:14.911 GMT-0700,114.533,114.21700000000001,0.075,0.0008
30.03.2021 06:37:14.961 GMT-0700,114.65200000000002,114.21799999999999,0.1,0.1
30.03.2021 06:37:15.012 GMT-0700,114.662,114.208,0.1,0.1
30.03.2021 06:37:15.063 GMT-0700,114.53200000000001,114.208,0.075,0.1
30.03.2021 06:37:16.103 GMT-0700,114.53200000000001,114.298,0.1,0.0008
30.03.2021 06:37:16.153 GMT-0700,114.533,114.287,0.1,0.1
30.03.2021 06:37:16.271 GMT-0700,114.53200000000001,114.298,0.1,0.0008
30.03.2021 06:37:16.321 GMT-0700,114.533,114.287,0.1,0.1
30.03.2021 06:37:16.372 GMT-0700,114.53200000000001,114.298,0.1,0.1
30.03.2021 06:37:16.915 GMT-0700,114.533,114.30700000000002,0.1,0.0008
30.03.2021 06:37:17.997 GMT-0700,114.53200000000001,114.208,0.1,0.1
30.03.2021 06:37:19.742 GMT-0700,114.53200000000001,114.21799999999999,0.1,0.0008
30.03.2021 06:37:19.843 GMT-0700,114.533,114.20700000000001,0.1,0.1
30.03.2021 06:37:20.081 GMT-0700,114.53200000000001,114.368,0.1,0.0008
30.03.2021 06:37:20.464 GMT-0700,114.533,114.37700000000001,0.075,0.1
30.03.2021 06:37:20.514 GMT-0700,114.663,114.37700000000001,0.1,0.1
30.03.2021 06:37:30.082 GMT-0700,114.65200000000002,114.378,0.1,0.1
30.03.2021 06:37:30.506 GMT-0700,114.65299999999999,114.43700000000001,0.1,0.1
30.03.2021 06:37:30.557 GMT-0700,114.67200000000001,114.43799999999999,0.1,0.1
30.03.2021 06:37:31.563 GMT-0700,114.673,114.40700000000001,0.1,0.1
30.03.2021 06:37:31.849 GMT-0700,114.67200000000001,114.41799999999999,0.1,0.1
30.03.2021 06:37:31.900 GMT-0700,114.76200000000001,114.408,0.1,0.1
30.03.2021 06:37:32.294 GMT-0700,114.76299999999999,114.48700000000001,0.1,0.0008
30.03.2021 06:37:32.395 GMT-0700,114.76299999999999,114.49700000000001,0.1,0.1
30.03.2021 06:37:33.408 GMT-0700,114.76299999999999,114.40700000000001,0.1,0.1
30.03.2021 06:37:42.715 GMT-0700,114.773,114.40700000000001,0.1,0.1
30.03.2021 06:37:42.863 GMT-0700,114.76299999999999,114.41700000000002,0.075,0.075
30.03.2021 06:37:42.914 GMT-0700,114.663,114.21700000000001,0.1,0.1
30.03.2021 06:37:43.018 GMT-0700,114.663,114.367,0.1,0.1
30.03.2021 06:37:45.117 GMT-0700,114.662,114.378,0.1,0.0008
30.03.2021 06:37:45.411 GMT-0700,114.662,114.368,0.1,0.1
30.03.2021 06:37:53.611 GMT-0700,114.663,114.37700000000001,0.075,0.0008
30.03.2021 06:37:53.661 GMT-0700,114.70200000000001,114.378,0.1,0.1
30.03.2021 06:37:53.787 GMT-0700,114.70299999999999,114.367,0.1,0.1
30.03.2021 06:37:53.949 GMT-0700,114.772,114.368,0.1,0.1
30.03.2021 06:37:54.370 GMT-0700,114.67200000000001,114.368,0.1,0.1
30.03.2021 06:38:00.131 GMT-0700,114.673,114.37700000000001,0.1,0.075
30.03.2021 06:38:00.303 GMT-0700,114.67200000000001,114.368,0.1,0.1
30.03.2021 06:38:01.472 GMT-0700,114.773,114.367,0.1,0.1
30.03.2021 06:38:08.402 GMT-0700,114.68200000000002,114.368,0.1,0.1
30.03.2021 06:38:23.084 GMT-0700,114.68299999999999,114.37700000000001,0.1,0.0008
30.03.2021 06:38:23.201 GMT-0700,114.68299999999999,114.367,0.1,0.1
30.03.2021 06:38:24.967 GMT-0700,114.772,114.368,0.1,0.1
30.03.2021 06:38:25.473 GMT-0700,114.76200000000001,114.378,0.0008,0.0008
30.03.2021 06:38:25.884 GMT-0700,114.773,114.367,0.1,0.1
30.03.2021 06:38:27.597 GMT-0700,114.67200000000001,114.368,0.075,0.1
30.03.2021 06:38:37.464 GMT-0700,114.673,114.37700000000001,0.1,0.0008
30.03.2021 06:38:37.649 GMT-0700,114.67200000000001,114.368,0.1,0.1
30.03.2021 06:38:40.539 GMT-0700,114.67200000000001,114.378,0.1,0.1
30.03.2021 06:38:40.799 GMT-0700,114.673,114.367,0.1,0.1
30.03.2021 06:38:47.044 GMT-0700,114.662,114.378,0.1,0.1
30.03.2021 06:38:47.549 GMT-0700,114.67200000000001,114.368,0.1,0.1
30.03.2021 06:38:49.847 GMT-0700,114.662,114.378,0.0008,0.0008
30.03.2021 06:38:50.203 GMT-0700,114.67200000000001,114.368,0.1,0.1
30.03.2021 06:38:56.754 GMT-0700,114.662,114.378,0.075,0.075
30.03.2021 06:38:56.996 GMT-0700,114.673,114.367,0.1,0.1
30.03.2021 06:39:00.256 GMT-0700,114.663,114.37700000000001,0.0008,0.0008
30.03.2021 06:39:00.306 GMT-0700,114.673,114.367,0.1,0.1
30.03.2021 06:39:01.096 GMT-0700,114.572,114.368,0.075,0.0008
30.03.2021 06:39:01.147 GMT-0700,114.573,114.227,0.1,0.1
30.03.2021 06:39:01.248 GMT-0700,114.59200000000001,114.21799999999999,0.1,0.1
30.03.2021 06:39:02.374 GMT-0700,114.583,114.227,0.0008,0.0008
30.03.2021 06:39:02.475 GMT-0700,114.59299999999999,114.21700000000001,0.1,0.1
30.03.2021 06:39:04.078 GMT-0700,114.59200000000001,114.24799999999999,0.1,0.1
30.03.2021 06:39:07.885 GMT-0700,114.59299999999999,114.21700000000001,0.1,0.1
30.03.2021 06:39:07.981 GMT-0700,114.583,114.227,0.075,0.075
30.03.2021 06:39:08.438 GMT-0700,114.59299999999999,114.21700000000001,0.1,0.1
30.03.2021 06:39:08.675 GMT-0700,114.443,114.21700000000001,0.0008,0.075
30.03.2021 06:39:08.725 GMT-0700,114.59200000000001,114.208,0.1,0.1
30.03.2021 06:39:10.201 GMT-0700,114.583,114.21700000000001,0.0008,0.0008
30.03.2021 06:39:10.520 GMT-0700,114.59299999999999,114.20700000000001,0.1,0.1
30.03.2021 06:39:13.706 GMT-0700,114.58200000000001,114.21799999999999,0.075,0.075
30.03.2021 06:39:14.096 GMT-0700,114.59200000000001,114.208,0.1,0.1
30.03.2021 06:39:14.461 GMT-0700,114.492,114.208,0.0008,0.1
30.03.2021 06:39:14.511 GMT-0700,114.59200000000001,114.208,0.1,0.1
30.03.2021 06:39:14.562 GMT-0700,114.583,114.21700000000001,0.1,0.1
30.03.2021 06:39:14.947 GMT-0700,114.59299999999999,114.20700000000001,0.1,0.1
30.03.2021 06:39:16.376 GMT-0700,114.51299999999999,114.20700000000001,0.0008,0.1
30.03.2021 06:39:18.948 GMT-0700,114.51299999999999,114.21700000000001,0.1,0.0008
30.03.2021 06:39:19.049 GMT-0700,114.51299999999999,114.20700000000001,0.1,0.1
30.03.2021 06:39:34.339 GMT-0700,114.51299999999999,114.21700000000001,0.1,0.075
30.03.2021 06:39:34.793 GMT-0700,114.51299999999999,114.20700000000001,0.1,0.1
30.03.2021 06:39:38.325 GMT-0700,114.503,114.20700000000001,0.0008,0.075
30.03.2021 06:39:38.375 GMT-0700,114.503,114.10700000000001,0.1,0.1
30.03.2021 06:39:38.426 GMT-0700,114.51200000000001,114.098,0.1,0.1
30.03.2021 06:39:42.230 GMT-0700,114.352,114.098,0.075,0.1
30.03.2021 06:39:42.421 GMT-0700,114.352,114.07799999999999,0.1,0.1
30.03.2021 06:39:42.716 GMT-0700,114.36200000000001,114.07799999999999,0.1,0.1
30.03.2021 06:39:42.871 GMT-0700,114.37200000000001,114.07799999999999,0.1,0.1
30.03.2021 06:39:43.305 GMT-0700,114.43299999999999,114.07700000000001,0.1,0.1
30.03.2021 06:39:43.750 GMT-0700,114.352,114.07799999999999,0.1,0.1
30.03.2021 06:39:45.147 GMT-0700,114.43299999999999,114.07700000000001,0.1,0.1
30.03.2021 06:39:48.457 GMT-0700,114.37299999999999,114.07700000000001,0.0008,0.1
30.03.2021 06:39:50.809 GMT-0700,114.37299999999999,114.087,0.1,0.075
30.03.2021 06:39:50.997 GMT-0700,114.37200000000001,114.07799999999999,0.1,0.1
30.03.2021 06:39:55.584 GMT-0700,114.37299999999999,114.087,0.1,0.0008
30.03.2021 06:39:55.910 GMT-0700,114.37299999999999,114.07700000000001,0.1,0.1
30.03.2021 06:39:57.080 GMT-0700,114.333,114.087,0.0008,0.0008
30.03.2021 06:39:57.130 GMT-0700,114.37299999999999,114.07700000000001,0.1,0.1
30.03.2021 06:39:57.876 GMT-0700,114.36200000000001,114.088,0.075,0.075
30.03.2021 06:39:58.101 GMT-0700,114.37299999999999,114.07700000000001,0.1,0.1
30.03.2021 06:39:58.864 GMT-0700,114.33200000000001,114.07799999999999,0.0008,0.1
30.03.2021 06:39:58.915 GMT-0700,114.37200000000001,114.07799999999999,0.1,0.1
30.03.2021 06:40:00.155 GMT-0700,114.363,114.087,0.075,0.075
30.03.2021 06:40:00.448 GMT-0700,114.37200000000001,114.07799999999999,0.1,0.1
30.03.2021 06:40:04.335 GMT-0700,114.23299999999999,114.07700000000001,0.0008,0.075
30.03.2021 06:40:04.386 GMT-0700,114.37299999999999,114.02700000000002,0.1,0.1
30.03.2021 06:40:04.452 GMT-0700,114.37200000000001,114.018,0.1,0.1
30.03.2021 06:40:04.838 GMT-0700,114.36200000000001,114.018,0.0008,0.1
30.03.2021 06:40:04.888 GMT-0700,114.37299999999999,114.01700000000001,0.1,0.1
30.03.2021 06:40:08.759 GMT-0700,114.213,114.01700000000001,0.0008,0.1
30.03.2021 06:40:12.040 GMT-0700,114.20200000000001,114.018,0.075,0.0008
30.03.2021 06:40:12.091 GMT-0700,114.212,113.82799999999999,0.1,0.1
30.03.2021 06:40:12.146 GMT-0700,114.213,113.93700000000001,0.1,0.075
30.03.2021 06:40:12.496 GMT-0700,114.37299999999999,113.93700000000001,0.1,0.1
30.03.2021 06:40:12.571 GMT-0700,114.132,113.93799999999999,0.1,0.1
30.03.2021 06:40:13.315 GMT-0700,114.37200000000001,113.93799999999999,0.1,0.1
30.03.2021 06:40:13.365 GMT-0700,114.11200000000001,113.93799999999999,0.1,0.1
30.03.2021 06:40:13.415 GMT-0700,114.11200000000001,113.82799999999999,0.1,0.1
30.03.2021 06:40:14.256 GMT-0700,114.11200000000001,113.838,0.1,0.0008
30.03.2021 06:40:14.357 GMT-0700,114.11200000000001,113.82799999999999,0.1,0.1
30.03.2021 06:40:20.683 GMT-0700,114.113,113.837,0.1,0.075
30.03.2021 06:40:21.139 GMT-0700,114.11200000000001,113.82799999999999,0.1,0.1
30.03.2021 06:40:22.000 GMT-0700,114.113,113.837,0.1,0.0008
30.03.2021 06:40:22.505 GMT-0700,114.11200000000001,113.82799999999999,0.1,0.1
30.03.2021 06:40:23.398 GMT-0700,114.11200000000001,113.838,0.1,0.0008
30.03.2021 06:40:23.757 GMT-0700,114.11200000000001,113.82799999999999,0.1,0.1
30.03.2021 06:40:23.977 GMT-0700,114.11200000000001,113.99799999999999,0.1,0.0008
30.03.2021 06:40:24.138 GMT-0700,114.37299999999999,113.99700000000001,0.1,0.1
30.03.2021 06:40:24.188 GMT-0700,114.14200000000001,113.99799999999999,0.1,0.1
30.03.2021 06:40:26.872 GMT-0700,114.20200000000001,113.99799999999999,0.1,0.1
30.03.2021 06:40:26.923 GMT-0700,114.11200000000001,113.99799999999999,0.1,0.1
30.03.2021 06:40:28.778 GMT-0700,114.19200000000001,113.99799999999999,0.1,0.1
30.03.2021 06:40:28.828 GMT-0700,114.103,113.99700000000001,0.1,0.1
30.03.2021 06:40:30.402 GMT-0700,114.103,113.82700000000001,0.1,0.1
30.03.2021 06:40:30.802 GMT-0700,114.103,113.837,0.1,0.0008
30.03.2021 06:40:30.852 GMT-0700,114.20200000000001,113.838,0.1,0.1
30.03.2021 06:40:30.903 GMT-0700,114.20299999999999,113.82700000000001,0.1,0.1
30.03.2021 06:40:30.953 GMT-0700,114.072,113.82799999999999,0.1,0.1
30.03.2021 06:40:31.530 GMT-0700,114.073,113.837,0.1,0.0008
30.03.2021 06:40:31.581 GMT-0700,114.072,113.82799999999999,0.1,0.1
30.03.2021 06:40:32.478 GMT-0700,114.072,113.838,0.1,0.0008
30.03.2021 06:40:32.529 GMT-0700,114.073,113.82700000000001,0.1,0.1
30.03.2021 06:40:33.192 GMT-0700,114.072,114.02799999999999,0.075,0.0008
30.03.2021 06:40:33.242 GMT-0700,114.37299999999999,114.01700000000001,0.1,0.1
30.03.2021 06:40:33.835 GMT-0700,114.37299999999999,114.037,0.1,0.1
30.03.2021 06:40:33.885 GMT-0700,114.36200000000001,114.018,0.1,0.1
30.03.2021 06:40:34.219 GMT-0700,114.363,113.947,0.1,0.1
30.03.2021 06:40:38.617 GMT-0700,114.37200000000001,113.948,0.1,0.1
30.03.2021 06:40:40.637 GMT-0700,114.163,113.95700000000001,0.075,0.075
30.03.2021 06:40:41.020 GMT-0700,114.352,113.948,0.1,0.1
30.03.2021 06:40:41.110 GMT-0700,114.163,113.947,0.0008,0.1
30.03.2021 06:40:41.534 GMT-0700,114.352,113.948,0.1,0.1
30.03.2021 06:40:41.584 GMT-0700,114.37200000000001,114.158,0.1,0.1
30.03.2021 06:40:41.883 GMT-0700,114.26200000000001,114.158,0.0008,0.075
30.03.2021 06:40:41.933 GMT-0700,114.363,114.007,0.1,0.1
30.03.2021 06:40:42.116 GMT-0700,114.37200000000001,114.008,0.1,0.1
30.03.2021 06:40:45.856 GMT-0700,114.22200000000001,113.948,0.1,0.1
30.03.2021 06:40:45.968 GMT-0700,114.22200000000001,113.82799999999999,0.1,0.1
30.03.2021 06:40:46.137 GMT-0700,114.22200000000001,113.948,0.1,0.0008
30.03.2021 06:40:48.367 GMT-0700,114.37299999999999,113.947,0.1,0.1
30.03.2021 06:40:52.871 GMT-0700,114.223,113.95700000000001,0.1,0.1
30.03.2021 06:40:53.047 GMT-0700,114.223,113.947,0.1,0.1
30.03.2021 06:40:53.490 GMT-0700,114.37200000000001,113.948,0.1,0.1
30.03.2021 06:40:53.995 GMT-0700,114.363,113.95700000000001,0.0008,0.0008
30.03.2021 06:40:54.445 GMT-0700,114.37200000000001,113.948,0.1,0.1
30.03.2021 06:40:59.142 GMT-0700,114.36200000000001,113.958,0.1,0.1
30.03.2021 06:40:59.306 GMT-0700,114.37299999999999,113.947,0.1,0.1
30.03.2021 06:41:04.440 GMT-0700,114.223,113.947,0.075,0.1
30.03.2021 06:41:04.874 GMT-0700,114.223,113.82700000000001,0.1,0.1
30.03.2021 06:41:10.074 GMT-0700,114.213,113.837,0.0008,0.0008
30.03.2021 06:41:10.175 GMT-0700,114.223,113.82700000000001,0.1,0.1
30.03.2021 06:41:13.154 GMT-0700,114.213,113.837,0.0008,0.0008
30.03.2021 06:41:13.299 GMT-0700,114.223,113.82700000000001,0.1,0.1
30.03.2021 06:41:15.405 GMT-0700,114.213,113.837,0.1,0.1
30.03.2021 06:41:15.597 GMT-0700,114.22200000000001,113.82799999999999,0.1,0.1
30.03.2021 06:41:21.499 GMT-0700,114.212,113.838,0.0008,0.0008
30.03.2021 06:41:21.893 GMT-0700,114.223,113.82700000000001,0.1,0.1
30.03.2021 06:41:26.090 GMT-0700,114.023,113.79700000000001,0.1,0.1
30.03.2021 06:41:26.295 GMT-0700,114.023,113.65700000000001,0.1,0.1
30.03.2021 06:41:26.446 GMT-0700,113.923,113.65700000000001,0.075,0.1
30.03.2021 06:41:26.496 GMT-0700,114.023,113.65700000000001,0.1,0.1
30.03.2021 06:41:26.709 GMT-0700,114.01200000000001,113.66799999999999,0.0008,0.0008
30.03.2021 06:41:26.760 GMT-0700,114.01200000000001,113.658,0.1,0.1
30.03.2021 06:41:28.324 GMT-0700,114.023,113.65700000000001,0.1,0.1
30.03.2021 06:41:33.962 GMT-0700,113.882,113.66799999999999,0.1,0.1
30.03.2021 06:41:34.013 GMT-0700,114.023,113.66700000000002,0.1,0.1
30.03.2021 06:41:50.108 GMT-0700,114.01200000000001,113.66799999999999,0.1,0.1
30.03.2021 06:41:50.274 GMT-0700,114.022,113.658,0.1,0.1
30.03.2021 06:42:03.116 GMT-0700,114.01200000000001,113.66799999999999,0.1,0.1
30.03.2021 06:42:03.304 GMT-0700,114.022,113.658,0.1,0.1
30.03.2021 06:42:03.913 GMT-0700,114.023,113.82700000000001,0.1,0.0008
30.03.2021 06:42:04.017 GMT-0700,114.023,113.65700000000001,0.1,0.1
30.03.2021 06:42:05.554 GMT-0700,114.01299999999999,113.66700000000002,0.075,0.075
30.03.2021 06:42:05.654 GMT-0700,114.023,113.65700000000001,0.1,0.1
30.03.2021 06:42:07.717 GMT-0700,114.01299999999999,113.66700000000002,0.075,0.075
30.03.2021 06:42:07.767 GMT-0700,114.022,113.658,0.1,0.1
30.03.2021 06:42:13.930 GMT-0700,113.87200000000001,113.658,0.0008,0.1
30.03.2021 06:42:13.980 GMT-0700,114.022,113.66799999999999,0.1,0.1
30.03.2021 06:42:14.030 GMT-0700,113.883,113.66700000000002,0.1,0.1
30.03.2021 06:42:14.131 GMT-0700,114.023,113.65700000000001,0.1,0.1
30.03.2021 06:42:18.049 GMT-0700,114.01200000000001,113.66799999999999,0.1,0.1
30.03.2021 06:42:18.115 GMT-0700,114.023,113.65700000000001,0.1,0.1
30.03.2021 06:42:19.999 GMT-0700,114.01299999999999,113.66700000000002,0.075,0.075
30.03.2021 06:42:20.267 GMT-0700,114.023,113.65700000000001,0.1,0.1
30.03.2021 06:42:20.760 GMT-0700,113.882,113.658,0.075,0.1
30.03.2021 06:42:20.810 GMT-0700,114.023,113.65700000000001,0.1,0.1
30.03.2021 06:42:22.668 GMT-0700,113.79299999999999,113.66700000000002,0.0008,0.0008
30.03.2021 06:42:22.719 GMT-0700,114.01299999999999,113.66700000000002,0.1,0.1
30.03.2021 06:42:22.791 GMT-0700,114.01200000000001,113.598,0.1,0.1
30.03.2021 06:42:23.109 GMT-0700,114.01299999999999,113.51700000000001,0.1,0.1
30.03.2021 06:42:23.249 GMT-0700,114.01200000000001,113.598,0.1,0.0008
30.03.2021 06:42:23.677 GMT-0700,114.023,113.59700000000001,0.1,0.1
30.03.2021 06:42:24.269 GMT-0700,113.893,113.59700000000001,0.0008,0.1
30.03.2021 06:42:27.847 GMT-0700,113.882,113.60799999999999,0.0008,0.0008
30.03.2021 06:42:28.011 GMT-0700,113.893,113.59700000000001,0.1,0.1
30.03.2021 06:42:28.537 GMT-0700,113.893,113.51700000000001,0.1,0.1
30.03.2021 06:42:28.599 GMT-0700,113.84299999999999,113.52700000000002,0.075,0.075
30.03.2021 06:42:28.699 GMT-0700,113.84200000000001,113.518,0.1,0.1
30.03.2021 06:42:28.750 GMT-0700,113.693,113.51700000000001,0.1,0.1
30.03.2021 06:42:28.800 GMT-0700,113.84200000000001,113.518,0.1,0.1
30.03.2021 06:42:30.166 GMT-0700,113.84200000000001,113.52799999999999,0.1,0.1
30.03.2021 06:42:30.216 GMT-0700,113.84299999999999,113.51700000000001,0.1,0.1
30.03.2021 06:42:31.080 GMT-0700,113.84299999999999,113.52700000000002,0.1,0.1
30.03.2021 06:42:31.156 GMT-0700,113.84200000000001,113.518,0.1,0.1
30.03.2021 06:42:33.102 GMT-0700,113.84299999999999,113.52700000000002,0.1,0.0008
30.03.2021 06:42:33.459 GMT-0700,113.84200000000001,113.518,0.1,0.1
30.03.2021 06:42:34.731 GMT-0700,113.79299999999999,113.51700000000001,0.075,0.1
30.03.2021 06:42:34.781 GMT-0700,113.84299999999999,113.51700000000001,0.1,0.1
30.03.2021 06:42:37.034 GMT-0700,113.84299999999999,113.52700000000002,0.1,0.0008
30.03.2021 06:42:37.084 GMT-0700,113.84200000000001,113.518,0.1,0.1
30.03.2021 06:42:38.006 GMT-0700,113.742,113.518,0.0008,0.1
30.03.2021 06:42:38.056 GMT-0700,113.84299999999999,113.51700000000001,0.1,0.1
30.03.2021 06:42:43.345 GMT-0700,113.833,113.52700000000002,0.1,0.1
30.03.2021 06:42:43.785 GMT-0700,113.84200000000001,113.518,0.1,0.1
30.03.2021 06:42:44.598 GMT-0700,113.833,113.52700000000002,0.0008,0.0008
30.03.2021 06:42:44.699 GMT-0700,113.84200000000001,113.518,0.1,0.1
30.03.2021 06:42:46.627 GMT-0700,113.83200000000001,113.52799999999999,0.0008,0.0008
30.03.2021 06:42:46.740 GMT-0700,113.84200000000001,113.518,0.1,0.1
30.03.2021 06:42:51.733 GMT-0700,113.84299999999999,113.52700000000002,0.1,0.0008
30.03.2021 06:42:51.834 GMT-0700,113.84299999999999,113.51700000000001,0.1,0.1
30.03.2021 06:42:58.553 GMT-0700,113.84299999999999,113.59700000000001,0.1,0.0008
30.03.2021 06:42:59.727 GMT-0700,113.833,113.59700000000001,0.0008,0.1
30.03.2021 06:42:59.828 GMT-0700,113.84299999999999,113.59700000000001,0.1,0.1
30.03.2021 06:43:01.204 GMT-0700,113.772,113.598,0.0008,0.1
30.03.2021 06:43:01.263 GMT-0700,113.84299999999999,113.59700000000001,0.1,0.1
30.03.2021 06:43:07.517 GMT-0700,113.72200000000001,113.598,0.0008,0.075
30.03.2021 06:43:07.567 GMT-0700,113.84200000000001,113.428,0.1,0.1
30.03.2021 06:43:08.441 GMT-0700,113.833,113.43700000000001,0.0008,0.0008
30.03.2021 06:43:08.541 GMT-0700,113.84299999999999,113.427,0.1,0.1
30.03.2021 06:43:14.167 GMT-0700,113.83200000000001,113.43799999999999,0.075,0.075
30.03.2021 06:43:14.268 GMT-0700,113.84299999999999,113.427,0.1,0.1
30.03.2021 06:43:21.364 GMT-0700,113.83200000000001,113.43799999999999,0.0008,0.0008
30.03.2021 06:43:21.614 GMT-0700,113.84299999999999,113.427,0.1,0.1
30.03.2021 06:43:30.434 GMT-0700,113.72200000000001,113.43799999999999,0.075,0.075
30.03.2021 06:43:30.484 GMT-0700,113.84299999999999,113.43700000000001,0.1,0.1
30.03.2021 06:43:30.591 GMT-0700,113.84299999999999,113.427,0.1,0.1
30.03.2021 06:43:33.068 GMT-0700,113.833,113.43700000000001,0.0008,0.0008
30.03.2021 06:43:33.311 GMT-0700,113.84299999999999,113.427,0.1,0.1
30.03.2021 06:43:36.635 GMT-0700,113.59299999999999,113.43700000000001,0.075,0.075
30.03.2021 06:43:36.736 GMT-0700,113.84299999999999,113.38700000000001,0.1,0.1
30.03.2021 06:43:40.054 GMT-0700,113.833,113.397,0.075,0.075
30.03.2021 06:43:40.511 GMT-0700,113.84200000000001,113.398,0.1,0.1
30.03.2021 06:43:41.567 GMT-0700,113.83200000000001,113.408,0.075,0.075
30.03.2021 06:43:41.855 GMT-0700,113.84200000000001,113.38799999999999,0.1,0.1
30.03.2021 06:43:42.608 GMT-0700,113.73200000000001,113.38799999999999,0.075,0.1
30.03.2021 06:43:43.795 GMT-0700,113.84299999999999,113.55700000000002,0.1,0.1
30.03.2021 06:43:43.845 GMT-0700,113.83200000000001,113.398,0.1,0.1
30.03.2021 06:43:44.071 GMT-0700,113.84200000000001,113.57799999999999,0.1,0.1
30.03.2021 06:43:44.182 GMT-0700,113.84200000000001,113.398,0.1,0.1
30.03.2021 06:43:44.386 GMT-0700,113.84200000000001,113.548,0.1,0.0008
30.03.2021 06:43:44.939 GMT-0700,113.84200000000001,113.55799999999999,0.1,0.075
30.03.2021 06:43:45.176 GMT-0700,113.84200000000001,113.548,0.1,0.1
30.03.2021 06:43:46.711 GMT-0700,113.84299999999999,113.55700000000002,0.1,0.0008
30.03.2021 06:43:46.761 GMT-0700,113.84299999999999,113.54700000000001,0.1,0.1
30.03.2021 06:43:48.141 GMT-0700,113.84299999999999,113.55700000000002,0.1,0.1
30.03.2021 06:43:48.302 GMT-0700,113.84299999999999,113.54700000000001,0.1,0.1
30.03.2021 06:43:50.702 GMT-0700,113.84299999999999,113.59700000000001,0.1,0.1
30.03.2021 06:43:55.160 GMT-0700,113.84200000000001,113.60799999999999,0.1,0.1
30.03.2021 06:43:55.363 GMT-0700,113.84299999999999,113.59700000000001,0.1,0.1
30.03.2021 06:43:58.941 GMT-0700,113.84200000000001,113.60799999999999,0.1,0.075
30.03.2021 06:43:59.361 GMT-0700,113.84299999999999,113.59700000000001,0.1,0.1
30.03.2021 06:44:14.072 GMT-0700,113.84299999999999,113.60700000000001,0.1,0.0008
30.03.2021 06:44:14.253 GMT-0700,113.84200000000001,113.598,0.1,0.1
30.03.2021 06:44:14.988 GMT-0700,113.83200000000001,113.60799999999999,0.1,0.1
30.03.2021 06:44:15.038 GMT-0700,113.84299999999999,113.59700000000001,0.1,0.1
30.03.2021 06:44:16.806 GMT-0700,113.84200000000001,113.60799999999999,0.1,0.1
30.03.2021 06:44:16.957 GMT-0700,113.84200000000001,113.598,0.1,0.1
30.03.2021 06:44:19.213 GMT-0700,113.84200000000001,113.60799999999999,0.1,0.0008
30.03.2021 06:44:19.603 GMT-0700,113.84200000000001,113.598,0.1,0.1
30.03.2021 06:44:20.407 GMT-0700,114.023,113.59700000000001,0.1,0.1
30.03.2021 06:44:23.538 GMT-0700,114.01299999999999,113.60700000000001,0.1,0.1
30.03.2021 06:44:23.703 GMT-0700,114.023,113.59700000000001,0.1,0.1
30.03.2021 06:44:25.694 GMT-0700,114.01299999999999,113.60700000000001,0.1,0.1
30.03.2021 06:44:25.909 GMT-0700,114.022,113.598,0.1,0.1
30.03.2021 06:44:33.953 GMT-0700,114.01200000000001,113.60799999999999,0.075,0.075
30.03.2021 06:44:34.053 GMT-0700,114.023,113.59700000000001,0.1,0.1
30.03.2021 06:44:37.048 GMT-0700,114.01200000000001,113.60799999999999,0.075,0.075
30.03.2021 06:44:37.213 GMT-0700,114.022,113.598,0.1,0.1
30.03.2021 06:44:44.941 GMT-0700,113.913,113.59700000000001,0.075,0.1
30.03.2021 06:44:46.908 GMT-0700,113.90299999999999,113.60700000000001,0.0008,0.0008
30.03.2021 06:44:47.072 GMT-0700,113.912,113.598,0.1,0.1
30.03.2021 06:44:52.225 GMT-0700,113.90200000000002,113.60799999999999,0.0008,0.0008
30.03.2021 06:44:52.510 GMT-0700,113.912,113.598,0.1,0.1
30.03.2021 06:45:00.047 GMT-0700,113.90299999999999,113.60700000000001,0.075,0.075
30.03.2021 06:45:00.148 GMT-0700,113.913,113.59700000000001,0.1,0.1
30.03.2021 06:45:00.509 GMT-0700,113.84200000000001,113.598,0.1,0.1
30.03.2021 06:45:00.560 GMT-0700,114.023,113.59700000000001,0.1,0.1
30.03.2021 06:45:00.613 GMT-0700,113.912,113.598,0.1,0.1
30.03.2021 06:45:00.789 GMT-0700,113.912,113.708,0.1,0.075
30.03.2021 06:45:03.291 GMT-0700,114.023,113.59700000000001,0.1,0.1
30.03.2021 06:45:03.350 GMT-0700,114.023,113.837,0.1,0.1
30.03.2021 06:45:13.121 GMT-0700,114.022,113.618,0.1,0.1
30.03.2021 06:45:14.209 GMT-0700,114.022,113.788,0.1,0.1
30.03.2021 06:45:19.819 GMT-0700,114.023,113.757,0.1,0.1
30.03.2021 06:45:24.418 GMT-0700,114.01200000000001,113.758,0.0008,0.1
30.03.2021 06:45:24.766 GMT-0700,114.023,113.757,0.1,0.1
30.03.2021 06:45:29.041 GMT-0700,114.01200000000001,113.758,0.075,0.1
30.03.2021 06:45:29.409 GMT-0700,114.022,113.758,0.1,0.1
30.03.2021 06:45:30.848 GMT-0700,114.01299999999999,113.757,0.075,0.1
30.03.2021 06:45:31.100 GMT-0700,114.023,113.757,0.1,0.1
30.03.2021 06:45:33.490 GMT-0700,114.01200000000001,113.758,0.1,0.1
30.03.2021 06:45:33.923 GMT-0700,114.023,113.757,0.1,0.1
30.03.2021 06:45:35.007 GMT-0700,114.023,113.74700000000001,0.1,0.1
30.03.2021 06:45:35.140 GMT-0700,114.023,113.787,0.1,0.1
30.03.2021 06:45:37.744 GMT-0700,114.023,113.74700000000001,0.1,0.1
30.03.2021 06:45:37.905 GMT-0700,114.022,113.868,0.1,0.0008
30.03.2021 06:45:38.117 GMT-0700,113.95200000000001,113.868,0.075,0.1
30.03.2021 06:45:38.167 GMT-0700,114.01299999999999,113.757,0.1,0.1
30.03.2021 06:45:38.285 GMT-0700,114.023,113.74700000000001,0.1,0.1
30.03.2021 06:45:38.845 GMT-0700,114.023,113.80700000000002,0.1,0.0008
30.03.2021 06:45:42.531 GMT-0700,114.023,113.81700000000001,0.1,0.0008
30.03.2021 06:45:42.631 GMT-0700,114.022,113.80799999999999,0.1,0.1
30.03.2021 06:45:51.627 GMT-0700,114.022,113.768,0.1,0.1
30.03.2021 06:45:51.699 GMT-0700,114.023,113.867,0.1,0.0008
30.03.2021 06:45:53.043 GMT-0700,114.022,113.898,0.075,0.0008
30.03.2021 06:45:53.094 GMT-0700,114.12200000000001,113.878,0.1,0.1
30.03.2021 06:45:53.550 GMT-0700,114.12200000000001,113.99799999999999,0.1,0.0008
30.03.2021 06:45:58.508 GMT-0700,114.12200000000001,113.96799999999999,0.1,0.1
30.03.2021 06:46:13.862 GMT-0700,114.12299999999999,114.007,0.1,0.0008
30.03.2021 06:46:19.079 GMT-0700,114.09299999999999,114.007,0.0008,0.1
30.03.2021 06:46:19.129 GMT-0700,114.12299999999999,114.007,0.1,0.1
30.03.2021 06:46:21.074 GMT-0700,114.072,114.008,0.0008,0.075
30.03.2021 06:46:21.125 GMT-0700,114.12200000000001,113.96799999999999,0.1,0.1
30.03.2021 06:46:34.605 GMT-0700,114.12200000000001,114.008,0.1,0.1
30.03.2021 06:46:43.430 GMT-0700,114.12299999999999,114.01700000000001,0.075,0.0008
30.03.2021 06:46:43.480 GMT-0700,114.223,113.90700000000001,0.1,0.1
30.03.2021 06:46:43.557 GMT-0700,114.223,114.06700000000001,0.1,0.075
30.03.2021 06:46:43.986 GMT-0700,114.10799999999999,114.068,0.0008,0.075
30.03.2021 06:46:44.037 GMT-0700,114.22200000000001,114.038,0.1,0.1
30.03.2021 06:46:47.089 GMT-0700,114.36200000000001,114.07799999999999,0.1,0.1
30.03.2021 06:46:47.140 GMT-0700,114.37299999999999,113.90700000000001,0.1,0.1
30.03.2021 06:46:49.392 GMT-0700,114.37299999999999,114.09700000000001,0.1,0.0008
30.03.2021 06:46:49.696 GMT-0700,114.29200000000002,114.148,0.075,0.075
30.03.2021 06:46:49.856 GMT-0700,114.198,114.16799999999999,0.0008,0.0008
30.03.2021 06:46:49.906 GMT-0700,114.37200000000001,114.158,0.1,0.1
30.03.2021 06:46:50.054 GMT-0700,114.37299999999999,114.177,0.1,0.0008
30.03.2021 06:46:50.634 GMT-0700,114.363,114.177,0.0008,0.1
30.03.2021 06:46:50.734 GMT-0700,114.37299999999999,114.177,0.1,0.1
30.03.2021 06:46:53.140 GMT-0700,114.272,114.178,0.1,0.1
30.03.2021 06:46:53.191 GMT-0700,114.37299999999999,114.037,0.1,0.1
30.03.2021 06:46:53.241 GMT-0700,114.37299999999999,114.05700000000002,0.1,0.1
30.03.2021 06:46:53.468 GMT-0700,114.37200000000001,114.148,0.1,0.075
30.03.2021 06:46:58.657 GMT-0700,114.36200000000001,114.148,0.1,0.1
30.03.2021 06:46:58.966 GMT-0700,114.37200000000001,114.148,0.1,0.1
30.03.2021 06:47:00.643 GMT-0700,114.15299999999999,114.147,0.0008,0.075
30.03.2021 06:47:00.693 GMT-0700,114.15200000000002,114.118,0.1,0.1
30.03.2021 06:47:01.156 GMT-0700,114.173,114.128,0.075,0.0008
30.03.2021 06:47:01.206 GMT-0700,114.29200000000002,114.118,0.1,0.1
30.03.2021 06:47:01.591 GMT-0700,114.302,114.118,0.1,0.1
30.03.2021 06:47:02.850 GMT-0700,114.12200000000001,114.11200000000001,0.075,0.0008
30.03.2021 06:47:02.901 GMT-0700,114.12299999999999,113.90700000000001,0.1,0.1
30.03.2021 06:47:03.185 GMT-0700,114.12299999999999,114.037,0.1,0.075
30.03.2021 06:47:10.154 GMT-0700,114.12299999999999,113.90700000000001,0.1,0.1
30.03.2021 06:47:10.244 GMT-0700,114.12299999999999,113.99700000000001,0.1,0.075
30.03.2021 06:47:25.848 GMT-0700,114.12299999999999,113.90700000000001,0.1,0.1
30.03.2021 06:47:27.472 GMT-0700,114.12299999999999,114.02700000000002,0.1,0.075
30.03.2021 06:47:42.269 GMT-0700,114.302,114.02799999999999,0.1,0.1
30.03.2021 06:47:43.420 GMT-0700,114.29200000000002,114.02799999999999,0.0008,0.075
30.03.2021 06:47:43.471 GMT-0700,114.29299999999999,113.91700000000002,0.1,0.1
30.03.2021 06:47:44.533 GMT-0700,114.302,114.05799999999999,0.1,0.0008
30.03.2021 06:47:50.188 GMT-0700,114.29200000000002,114.05799999999999,0.0008,0.1
30.03.2021 06:47:50.718 GMT-0700,114.303,114.05700000000002,0.1,0.1
30.03.2021 06:47:50.769 GMT-0700,114.302,114.148,0.1,0.1
30.03.2021 06:47:51.181 GMT-0700,114.29299999999999,114.147,0.075,0.0008
30.03.2021 06:47:51.232 GMT-0700,114.29200000000002,114.048,0.1,0.1
30.03.2021 06:47:51.644 GMT-0700,114.302,114.07799999999999,0.1,0.1
30.03.2021 06:47:53.941 GMT-0700,114.29299999999999,114.07700000000001,0.075,0.1
30.03.2021 06:47:54.042 GMT-0700,114.302,114.07799999999999,0.1,0.1
30.03.2021 06:47:54.812 GMT-0700,114.193,114.04700000000001,0.1,0.1
30.03.2021 06:47:54.862 GMT-0700,114.23299999999999,113.90700000000001,0.1,0.1
30.03.2021 06:47:57.514 GMT-0700,114.23299999999999,113.91700000000002,0.1,0.0008
30.03.2021 06:47:57.615 GMT-0700,114.23299999999999,113.90700000000001,0.1,0.1
30.03.2021 06:48:04.074 GMT-0700,114.223,113.91700000000002,0.075,0.075
30.03.2021 06:48:04.175 GMT-0700,114.23200000000001,113.908,0.1,0.1
30.03.2021 06:48:08.129 GMT-0700,114.302,113.908,0.1,0.1
30.03.2021 06:48:08.504 GMT-0700,114.302,114.02799999999999,0.1,0.0008
30.03.2021 06:48:08.773 GMT-0700,114.29200000000002,114.02799999999999,0.1,0.1
30.03.2021 06:48:09.049 GMT-0700,114.302,114.02799999999999,0.1,0.1
30.03.2021 06:48:10.763 GMT-0700,114.302,114.07799999999999,0.1,0.1
30.03.2021 06:48:13.326 GMT-0700,114.095,114.07799999999999,0.075,0.0008
30.03.2021 06:48:13.377 GMT-0700,114.083,113.91700000000002,0.075,0.075
30.03.2021 06:48:13.428 GMT-0700,114.18200000000002,113.908,0.1,0.1
30.03.2021 06:48:14.338 GMT-0700,114.18200000000002,113.91799999999999,0.075,0.0008
30.03.2021 06:48:14.388 GMT-0700,114.29299999999999,113.91700000000002,0.1,0.1
30.03.2021 06:48:14.498 GMT-0700,114.302,113.908,0.1,0.1
30.03.2021 06:48:17.994 GMT-0700,114.213,113.91700000000002,0.1,0.1
30.03.2021 06:48:18.154 GMT-0700,114.22200000000001,113.908,0.1,0.1
30.03.2021 06:48:19.037 GMT-0700,114.302,113.908,0.1,0.1
30.03.2021 06:48:24.656 GMT-0700,114.22200000000001,113.91799999999999,0.0008,0.0008
30.03.2021 06:48:24.906 GMT-0700,114.22200000000001,113.908,0.1,0.1
30.03.2021 06:48:27.057 GMT-0700,114.223,113.91700000000002,0.1,0.0008
30.03.2021 06:48:27.158 GMT-0700,114.22200000000001,113.908,0.1,0.1
30.03.2021 06:48:29.149 GMT-0700,114.073,113.90700000000001,0.075,0.0008
30.03.2021 06:48:29.199 GMT-0700,114.223,113.91700000000002,0.1,0.1
30.03.2021 06:48:29.404 GMT-0700,114.223,113.897,0.1,0.1
30.03.2021 06:48:33.698 GMT-0700,114.212,113.898,0.075,0.1
30.03.2021 06:48:33.869 GMT-0700,114.213,113.90700000000001,0.0008,0.0008
30.03.2021 06:48:33.920 GMT-0700,114.223,113.897,0.1,0.1
30.03.2021 06:48:34.688 GMT-0700,114.213,113.90700000000001,0.0008,0.0008
30.03.2021 06:48:34.788 GMT-0700,114.223,113.897,0.1,0.1
30.03.2021 06:48:38.371 GMT-0700,114.212,113.908,0.0008,0.0008
30.03.2021 06:48:38.820 GMT-0700,114.213,113.897,0.1,0.1
30.03.2021 06:48:39.159 GMT-0700,114.103,113.897,0.0008,0.075
30.03.2021 06:48:39.210 GMT-0700,114.20299999999999,113.88700000000001,0.1,0.1
30.03.2021 06:48:39.929 GMT-0700,114.06299999999999,113.897,0.0008,0.0008
30.03.2021 06:48:39.979 GMT-0700,114.083,113.88700000000001,0.1,0.1
30.03.2021 06:48:41.033 GMT-0700,114.22200000000001,113.88799999999999,0.1,0.1
30.03.2021 06:48:42.855 GMT-0700,114.223,113.897,0.1,0.0008
30.03.2021 06:48:43.166 GMT-0700,114.223,113.88700000000001,0.1,0.1
30.03.2021 06:48:44.959 GMT-0700,114.22200000000001,113.898,0.1,0.075
30.03.2021 06:48:49.468 GMT-0700,114.04299999999999,113.90700000000001,0.0008,0.0008
30.03.2021 06:48:49.518 GMT-0700,114.113,113.88700000000001,0.1,0.1
30.03.2021 06:48:50.510 GMT-0700,114.223,113.88700000000001,0.1,0.1
30.03.2021 06:48:54.146 GMT-0700,114.213,113.897,0.075,0.075
30.03.2021 06:48:54.305 GMT-0700,114.22200000000001,113.88799999999999,0.1,0.1
30.03.2021 06:48:56.509 GMT-0700,114.213,113.897,0.1,0.1
30.03.2021 06:48:56.889 GMT-0700,114.223,113.88700000000001,0.1,0.1
30.03.2021 06:48:58.127 GMT-0700,114.212,113.898,0.0008,0.0008
30.03.2021 06:48:58.177 GMT-0700,114.22200000000001,113.88799999999999,0.1,0.1
30.03.2021 06:49:00.716 GMT-0700,114.213,113.897,0.075,0.075
30.03.2021 06:49:00.965 GMT-0700,114.223,113.88700000000001,0.1,0.1
30.03.2021 06:49:01.994 GMT-0700,114.223,113.897,0.1,0.0008
30.03.2021 06:49:07.904 GMT-0700,114.212,113.908,0.075,0.075
30.03.2021 06:49:08.054 GMT-0700,114.22200000000001,113.898,0.1,0.1
30.03.2021 06:49:08.963 GMT-0700,114.213,113.90700000000001,0.1,0.1
30.03.2021 06:49:09.064 GMT-0700,114.20200000000001,113.908,0.1,0.1
30.03.2021 06:49:09.114 GMT-0700,114.20299999999999,113.88700000000001,0.1,0.1
30.03.2021 06:49:09.988 GMT-0700,114.223,113.88700000000001,0.1,0.1
30.03.2021 06:49:12.797 GMT-0700,114.212,113.88799999999999,0.0008,0.075
30.03.2021 06:49:12.848 GMT-0700,114.213,113.77700000000002,0.1,0.1
30.03.2021 06:49:12.898 GMT-0700,114.103,113.76700000000001,0.1,0.1
30.03.2021 06:49:13.779 GMT-0700,114.09299999999999,113.87700000000001,0.0008,0.075
30.03.2021 06:49:13.830 GMT-0700,114.103,113.76700000000001,0.1,0.1
30.03.2021 06:49:13.918 GMT-0700,114.103,113.87700000000001,0.1,0.0008
30.03.2021 06:49:15.393 GMT-0700,114.09299999999999,113.87700000000001,0.075,0.1
30.03.2021 06:49:15.494 GMT-0700,114.103,113.87700000000001,0.1,0.1
30.03.2021 06:49:18.167 GMT-0700,114.03200000000001,113.878,0.075,0.0008
30.03.2021 06:49:18.217 GMT-0700,114.103,113.76700000000001,0.1,0.1
30.03.2021 06:49:18.268 GMT-0700,114.09299999999999,113.757,0.1,0.1
30.03.2021 06:49:19.218 GMT-0700,114.08200000000001,113.768,0.1,0.1
30.03.2021 06:49:19.306 GMT-0700,114.103,113.74700000000001,0.1,0.1
30.03.2021 06:49:19.896 GMT-0700,113.993,113.74700000000001,0.1,0.1
30.03.2021 06:49:20.212 GMT-0700,113.992,113.758,0.1,0.0008
30.03.2021 06:49:20.329 GMT-0700,113.993,113.74700000000001,0.1,0.1
30.03.2021 06:49:20.633 GMT-0700,113.95299999999999,113.74700000000001,0.0008,0.1
30.03.2021 06:49:20.683 GMT-0700,113.992,113.74799999999999,0.1,0.1
30.03.2021 06:49:22.373 GMT-0700,113.993,113.757,0.1,0.1
30.03.2021 06:49:22.457 GMT-0700,113.992,113.74799999999999,0.1,0.1
30.03.2021 06:49:23.890 GMT-0700,113.993,113.757,0.1,0.0008
30.03.2021 06:49:24.025 GMT-0700,113.992,113.74799999999999,0.1,0.1
30.03.2021 06:49:31.785 GMT-0700,113.992,113.758,0.1,0.0008
30.03.2021 06:49:31.885 GMT-0700,113.993,113.74700000000001,0.1,0.1
30.03.2021 06:49:32.900 GMT-0700,113.993,113.757,0.1,0.0008
30.03.2021 06:49:33.088 GMT-0700,113.992,113.74799999999999,0.1,0.1
30.03.2021 06:49:37.773 GMT-0700,113.882,113.74799999999999,0.075,0.1
30.03.2021 06:49:37.824 GMT-0700,113.993,113.74700000000001,0.1,0.1
30.03.2021 06:49:44.186 GMT-0700,113.992,113.758,0.1,0.1
30.03.2021 06:49:44.569 GMT-0700,113.993,113.74700000000001,0.1,0.1
30.03.2021 06:49:45.590 GMT-0700,113.992,113.85799999999999,0.1,0.0008
30.03.2021 06:49:45.640 GMT-0700,113.993,113.74700000000001,0.1,0.1
30.03.2021 06:49:47.343 GMT-0700,113.992,113.758,0.1,0.1
30.03.2021 06:49:47.706 GMT-0700,113.992,113.74799999999999,0.1,0.1
30.03.2021 06:49:53.289 GMT-0700,113.992,113.758,0.1,0.0008
30.03.2021 06:49:55.888 GMT-0700,113.993,113.76700000000001,0.1,0.075
30.03.2021 06:49:57.314 GMT-0700,113.992,113.878,0.0008,0.075
30.03.2021 06:49:57.364 GMT-0700,114.212,113.878,0.1,0.1
30.03.2021 06:50:00.289 GMT-0700,114.223,113.87700000000001,0.1,0.1
30.03.2021 06:50:05.298 GMT-0700,114.22200000000001,113.99799999999999,0.1,0.0008
30.03.2021 06:50:07.625 GMT-0700,114.223,114.01700000000001,0.1,0.1
30.03.2021 06:50:07.804 GMT-0700,114.11200000000001,114.018,0.0008,0.075
30.03.2021 06:50:07.855 GMT-0700,114.102,113.878,0.1,0.1
30.03.2021 06:50:08.810 GMT-0700,114.22200000000001,113.878,0.1,0.1
30.03.2021 06:50:21.046 GMT-0700,114.213,113.88700000000001,0.075,0.075
30.03.2021 06:50:21.455 GMT-0700,114.223,113.87700000000001,0.1,0.1
30.03.2021 06:50:21.505 GMT-0700,114.102,113.758,0.1,0.1
30.03.2021 06:50:21.634 GMT-0700,114.102,113.868,0.1,0.1
30.03.2021 06:50:22.469 GMT-0700,114.223,113.867,0.1,0.1
30.03.2021 06:50:25.914 GMT-0700,114.213,113.87700000000001,0.1,0.1
30.03.2021 06:50:26.075 GMT-0700,114.22200000000001,113.868,0.1,0.1
30.03.2021 06:50:35.749 GMT-0700,114.213,113.87700000000001,0.075,0.075
30.03.2021 06:50:35.849 GMT-0700,114.223,113.867,0.1,0.1
30.03.2021 06:50:38.659 GMT-0700,114.103,113.79700000000001,0.1,0.1
30.03.2021 06:50:41.113 GMT-0700,114.09299999999999,113.80700000000002,0.1,0.1
30.03.2021 06:50:41.263 GMT-0700,114.103,113.79700000000001,0.1,0.1
30.03.2021 06:50:44.540 GMT-0700,114.103,113.80700000000002,0.1,0.0008
30.03.2021 06:50:44.736 GMT-0700,114.102,113.798,0.1,0.1
30.03.2021 06:50:47.839 GMT-0700,114.22200000000001,113.798,0.1,0.1
30.03.2021 06:50:48.702 GMT-0700,114.103,113.79700000000001,0.075,0.1
30.03.2021 06:50:50.277 GMT-0700,114.103,113.88700000000001,0.1,0.0008
30.03.2021 06:50:50.327 GMT-0700,114.22200000000001,113.88799999999999,0.1,0.1
30.03.2021 06:50:55.053 GMT-0700,114.103,113.88700000000001,0.0008,0.1
30.03.2021 06:50:57.296 GMT-0700,114.223,113.88700000000001,0.1,0.1
30.03.2021 06:50:58.060 GMT-0700,114.212,113.88799999999999,0.0008,0.1
30.03.2021 06:50:58.307 GMT-0700,114.223,113.88700000000001,0.1,0.1
30.03.2021 06:50:58.477 GMT-0700,114.102,113.88799999999999,0.0008,0.1
30.03.2021 06:51:08.293 GMT-0700,114.09299999999999,113.88700000000001,0.0008,0.1
30.03.2021 06:51:08.343 GMT-0700,114.102,113.88799999999999,0.1,0.1
30.03.2021 06:51:12.800 GMT-0700,114.102,113.928,0.1,0.075
30.03.2021 06:51:15.768 GMT-0700,114.22200000000001,113.928,0.1,0.1
30.03.2021 06:51:17.481 GMT-0700,114.213,113.927,0.1,0.1
30.03.2021 06:51:17.609 GMT-0700,114.102,113.928,0.1,0.1
30.03.2021 06:51:19.708 GMT-0700,114.22200000000001,113.928,0.1,0.1
30.03.2021 06:51:19.758 GMT-0700,114.22200000000001,113.958,0.1,0.1
30.03.2021 06:51:20.425 GMT-0700,114.212,113.958,0.075,0.1
30.03.2021 06:51:20.784 GMT-0700,114.22200000000001,113.958,0.1,0.1
30.03.2021 06:51:26.677 GMT-0700,114.163,113.95700000000001,0.0008,0.1
30.03.2021 06:51:28.495 GMT-0700,114.162,113.96799999999999,0.1,0.0008
30.03.2021 06:51:28.595 GMT-0700,114.163,113.95700000000001,0.1,0.1
30.03.2021 06:51:29.078 GMT-0700,114.162,113.978,0.1,0.075
30.03.2021 06:51:30.119 GMT-0700,114.163,113.98700000000001,0.1,0.0008
30.03.2021 06:51:31.764 GMT-0700,114.22200000000001,113.988,0.1,0.1
30.03.2021 06:51:32.118 GMT-0700,114.223,113.99700000000001,0.1,0.0008
30.03.2021 06:51:32.536 GMT-0700,114.213,113.99700000000001,0.1,0.1
30.03.2021 06:51:32.662 GMT-0700,114.223,113.99700000000001,0.1,0.1
30.03.2021 06:51:33.557 GMT-0700,114.22200000000001,114.02799999999999,0.1,0.0008
30.03.2021 06:51:36.033 GMT-0700,114.223,114.037,0.075,0.1
30.03.2021 06:51:36.083 GMT-0700,114.302,114.038,0.1,0.1
30.03.2021 06:51:36.135 GMT-0700,114.253,114.037,0.0008,0.1
30.03.2021 06:51:37.130 GMT-0700,114.25200000000001,114.07799999999999,0.1,0.075
30.03.2021 06:51:37.451 GMT-0700,114.25200000000001,114.13799999999999,0.075,0.0008
30.03.2021 06:51:37.501 GMT-0700,114.303,114.037,0.1,0.1
30.03.2021 06:51:37.696 GMT-0700,114.303,114.13700000000001,0.1,0.0008
30.03.2021 06:51:41.770 GMT-0700,114.302,114.198,0.0008,0.075
30.03.2021 06:51:41.820 GMT-0700,114.36200000000001,114.088,0.1,0.1
30.03.2021 06:51:41.958 GMT-0700,114.37200000000001,114.088,0.1,0.1
30.03.2021 06:51:42.040 GMT-0700,114.37200000000001,114.208,0.1,0.075
30.03.2021 06:51:42.589 GMT-0700,114.23200000000001,114.208,0.075,0.0008
30.03.2021 06:51:42.639 GMT-0700,114.36200000000001,114.10799999999999,0.1,0.1
30.03.2021 06:51:42.690 GMT-0700,114.37299999999999,114.09700000000001,0.1,0.1
30.03.2021 06:51:44.133 GMT-0700,114.363,114.10700000000001,0.075,0.075
30.03.2021 06:51:44.183 GMT-0700,114.37299999999999,114.09700000000001,0.1,0.1
30.03.2021 06:51:45.017 GMT-0700,114.36200000000001,114.10799999999999,0.0008,0.0008
30.03.2021 06:51:45.068 GMT-0700,114.37200000000001,114.068,0.1,0.1
30.03.2021 06:51:49.297 GMT-0700,114.363,114.07700000000001,0.1,0.1
30.03.2021 06:51:49.683 GMT-0700,114.37299999999999,114.06700000000001,0.1,0.1
30.03.2021 06:51:53.136 GMT-0700,114.36200000000001,114.07799999999999,0.1,0.1
30.03.2021 06:51:53.255 GMT-0700,114.37200000000001,114.068,0.1,0.1
30.03.2021 06:51:54.130 GMT-0700,114.20200000000001,114.068,0.0008,0.1
30.03.2021 06:51:54.181 GMT-0700,114.37200000000001,114.038,0.1,0.1
30.03.2021 06:51:54.509 GMT-0700,114.37200000000001,114.02799999999999,0.1,0.1
30.03.2021 06:51:54.615 GMT-0700,114.37299999999999,114.01700000000001,0.1,0.1
30.03.2021 06:51:54.705 GMT-0700,114.363,114.01700000000001,0.0008,0.1
30.03.2021 06:51:54.806 GMT-0700,114.37299999999999,114.01700000000001,0.1,0.1
30.03.2021 06:51:55.525 GMT-0700,114.363,114.01700000000001,0.0008,0.1
30.03.2021 06:51:55.645 GMT-0700,114.37299999999999,114.037,0.1,0.1
30.03.2021 06:51:56.974 GMT-0700,114.37200000000001,114.018,0.1,0.1
30.03.2021 06:51:58.919 GMT-0700,114.36200000000001,114.02799999999999,0.1,0.1
30.03.2021 06:51:59.040 GMT-0700,114.37200000000001,114.018,0.1,0.1
30.03.2021 06:52:01.771 GMT-0700,114.37299999999999,114.04700000000001,0.1,0.1
30.03.2021 06:52:02.015 GMT-0700,114.363,114.04700000000001,0.0008,0.1
30.03.2021 06:52:02.271 GMT-0700,114.37299999999999,114.04700000000001,0.1,0.1
30.03.2021 06:52:02.485 GMT-0700,114.303,114.04700000000001,0.0008,0.1
30.03.2021 06:52:03.728 GMT-0700,114.29200000000002,114.048,0.075,0.1
30.03.2021 06:52:03.829 GMT-0700,114.302,114.048,0.1,0.1
30.03.2021 06:52:03.990 GMT-0700,114.303,114.01700000000001,0.1,0.1
30.03.2021 06:52:05.632 GMT-0700,114.17200000000001,114.02799999999999,0.0008,0.0008
30.03.2021 06:52:05.854 GMT-0700,114.17200000000001,114.018,0.1,0.1
30.03.2021 06:52:06.347 GMT-0700,114.132,114.018,0.075,0.1
30.03.2021 06:52:06.398 GMT-0700,114.162,114.018,0.1,0.1
30.03.2021 06:52:07.392 GMT-0700,114.303,114.01700000000001,0.1,0.1
30.03.2021 06:52:14.521 GMT-0700,114.17200000000001,114.018,0.0008,0.1
30.03.2021 06:52:20.511 GMT-0700,114.173,113.99700000000001,0.1,0.1
30.03.2021 06:52:20.834 GMT-0700,114.17200000000001,114.008,0.1,0.075
30.03.2021 06:52:31.173 GMT-0700,114.17200000000001,113.88799999999999,0.1,0.1
30.03.2021 06:52:32.628 GMT-0700,114.17200000000001,113.898,0.1,0.1
30.03.2021 06:52:32.859 GMT-0700,114.17200000000001,113.88799999999999,0.1,0.1
30.03.2021 06:52:40.008 GMT-0700,114.17200000000001,114.008,0.1,0.0008
30.03.2021 06:52:44.008 GMT-0700,114.17200000000001,114.018,0.1,0.0008
30.03.2021 06:52:53.104 GMT-0700,114.17200000000001,114.008,0.1,0.1
30.03.2021 06:52:53.347 GMT-0700,114.173,114.07700000000001,0.1,0.0008
30.03.2021 06:52:53.886 GMT-0700,114.173,114.10700000000001,0.1,0.075
30.03.2021 06:52:53.937 GMT-0700,114.17200000000001,114.07799999999999,0.1,0.1
30.03.2021 06:53:10.102 GMT-0700,114.17200000000001,114.068,0.1,0.1
30.03.2021 06:53:10.969 GMT-0700,114.17200000000001,114.008,0.1,0.1
30.03.2021 06:53:11.304 GMT-0700,114.17200000000001,114.118,0.1,0.1
30.03.2021 06:53:11.354 GMT-0700,114.29200000000002,114.118,0.1,0.1
30.03.2021 06:53:11.405 GMT-0700,114.303,114.117,0.1,0.1
30.03.2021 06:53:13.458 GMT-0700,114.303,114.147,0.1,0.0008
30.03.2021 06:53:13.508 GMT-0700,114.302,114.118,0.1,0.1
30.03.2021 06:53:13.927 GMT-0700,114.303,114.15700000000001,0.1,0.0008
30.03.2021 06:53:13.977 GMT-0700,114.302,114.128,0.1,0.1
30.03.2021 06:53:14.296 GMT-0700,114.302,114.16799999999999,0.1,0.0008
30.03.2021 06:53:21.575 GMT-0700,114.303,114.177,0.1,0.1
30.03.2021 06:53:21.626 GMT-0700,114.303,114.16700000000002,0.1,0.1
30.03.2021 06:53:21.700 GMT-0700,114.302,114.21799999999999,0.1,0.0008
30.03.2021 06:53:23.442 GMT-0700,114.253,114.12700000000001,0.1,0.1
30.03.2021 06:53:23.493 GMT-0700,114.303,114.13700000000001,0.1,0.1
30.03.2021 06:53:25.002 GMT-0700,114.302,114.128,0.1,0.1
30.03.2021 06:53:25.052 GMT-0700,114.242,114.128,0.1,0.1
30.03.2021 06:53:25.924 GMT-0700,114.23200000000001,114.13799999999999,0.075,0.075
30.03.2021 06:53:26.024 GMT-0700,114.302,114.18799999999999,0.1,0.1
30.03.2021 06:53:27.912 GMT-0700,114.25200000000001,114.158,0.075,0.075
30.03.2021 06:53:27.962 GMT-0700,114.303,114.15700000000001,0.1,0.1
30.03.2021 06:53:28.216 GMT-0700,114.303,114.147,0.1,0.1
30.03.2021 06:53:28.950 GMT-0700,114.303,114.12700000000001,0.1,0.1
30.03.2021 06:53:29.493 GMT-0700,114.243,114.13700000000001,0.0008,0.0008
30.03.2021 06:53:29.543 GMT-0700,114.29200000000002,114.13799999999999,0.1,0.1
30.03.2021 06:53:29.959 GMT-0700,114.29200000000002,114.128,0.1,0.1
30.03.2021 06:53:30.009 GMT-0700,114.29299999999999,114.13700000000001,0.1,0.1
30.03.2021 06:53:30.465 GMT-0700,114.29200000000002,114.148,0.1,0.0008
30.03.2021 06:53:30.759 GMT-0700,114.26299999999999,114.13700000000001,0.0008,0.1
30.03.2021 06:53:30.809 GMT-0700,114.42200000000001,114.13799999999999,0.1,0.1
30.03.2021 06:53:30.990 GMT-0700,114.43200000000002,114.21799999999999,0.1,0.075
30.03.2021 06:53:32.559 GMT-0700,114.42200000000001,114.21799999999999,0.0008,0.1
30.03.2021 06:53:32.714 GMT-0700,114.43299999999999,114.21700000000001,0.1,0.1
30.03.2021 06:53:33.058 GMT-0700,114.37299999999999,114.21700000000001,0.0008,0.1
30.03.2021 06:53:35.073 GMT-0700,114.363,114.21700000000001,0.0008,0.1
30.03.2021 06:53:35.414 GMT-0700,114.37299999999999,114.21700000000001,0.1,0.1
30.03.2021 06:53:37.313 GMT-0700,114.243,114.21700000000001,0.075,0.0008
30.03.2021 06:53:37.364 GMT-0700,114.243,114.13700000000001,0.1,0.1
30.03.2021 06:53:37.602 GMT-0700,114.363,114.13700000000001,0.1,0.075
30.03.2021 06:53:37.653 GMT-0700,114.363,114.12700000000001,0.1,0.1
30.03.2021 06:53:38.373 GMT-0700,114.37200000000001,114.128,0.1,0.1
30.03.2021 06:53:41.030 GMT-0700,114.37200000000001,114.13799999999999,0.1,0.1
30.03.2021 06:53:41.131 GMT-0700,114.37200000000001,114.128,0.1,0.1
30.03.2021 06:53:41.445 GMT-0700,114.36200000000001,114.128,0.075,0.1
30.03.2021 06:53:42.089 GMT-0700,114.353,114.13700000000001,0.1,0.1
30.03.2021 06:53:42.488 GMT-0700,114.37299999999999,114.12700000000001,0.1,0.1
30.03.2021 06:53:44.002 GMT-0700,114.29200000000002,114.128,0.0008,0.1
30.03.2021 06:53:44.386 GMT-0700,114.29200000000002,114.13799999999999,0.1,0.0008
30.03.2021 06:53:44.436 GMT-0700,114.29200000000002,114.128,0.1,0.1
30.03.2021 06:53:45.062 GMT-0700,114.37299999999999,114.12700000000001,0.1,0.1
30.03.2021 06:53:48.716 GMT-0700,114.243,114.12700000000001,0.075,0.0008
30.03.2021 06:53:48.766 GMT-0700,114.243,114.007,0.1,0.1
30.03.2021 06:53:49.716 GMT-0700,114.243,114.12700000000001,0.075,0.0008
30.03.2021 06:53:49.766 GMT-0700,114.33200000000001,114.128,0.1,0.1
30.03.2021 06:53:53.075 GMT-0700,114.212,114.018,0.1,0.1
30.03.2021 06:53:53.125 GMT-0700,114.33200000000001,114.008,0.1,0.1
30.03.2021 06:53:55.363 GMT-0700,114.333,114.12700000000001,0.1,0.0008
30.03.2021 06:53:57.913 GMT-0700,114.323,114.12700000000001,0.075,0.0008
30.03.2021 06:53:57.963 GMT-0700,114.333,114.01700000000001,0.1,0.1
30.03.2021 06:53:58.014 GMT-0700,114.333,114.12700000000001,0.1,0.0008
30.03.2021 06:54:02.133 GMT-0700,114.322,114.13799999999999,0.1,0.1
30.03.2021 06:54:02.256 GMT-0700,114.33200000000001,114.13799999999999,0.1,0.1
30.03.2021 06:54:03.105 GMT-0700,114.333,114.147,0.1,0.1
30.03.2021 06:54:03.217 GMT-0700,114.333,114.12700000000001,0.1,0.1
30.03.2021 06:54:03.657 GMT-0700,114.33200000000001,114.16799999999999,0.1,0.0008
30.03.2021 06:54:04.839 GMT-0700,114.322,114.16799999999999,0.1,0.1
30.03.2021 06:54:05.892 GMT-0700,114.33200000000001,114.16799999999999,0.1,0.1
30.03.2021 06:54:09.131 GMT-0700,114.243,114.16700000000002,0.0008,0.075
30.03.2021 06:54:09.182 GMT-0700,114.33200000000001,114.008,0.1,0.1
30.03.2021 06:54:14.462 GMT-0700,114.322,114.018,0.0008,0.0008
30.03.2021 06:54:14.513 GMT-0700,114.33200000000001,114.008,0.1,0.1
30.03.2021 06:54:15.735 GMT-0700,114.28200000000001,114.018,0.1,0.1
30.03.2021 06:54:15.785 GMT-0700,114.33200000000001,114.018,0.1,0.1
30.03.2021 06:54:15.860 GMT-0700,114.33200000000001,114.008,0.1,0.1
30.03.2021 06:54:18.433 GMT-0700,114.323,114.01700000000001,0.1,0.1
30.03.2021 06:54:19.169 GMT-0700,114.323,114.12700000000001,0.0008,0.1
30.03.2021 06:54:19.511 GMT-0700,114.333,114.12700000000001,0.1,0.1
30.03.2021 06:54:20.023 GMT-0700,114.322,114.128,0.075,0.1
30.03.2021 06:54:20.429 GMT-0700,114.333,114.12700000000001,0.1,0.1
30.03.2021 06:54:24.352 GMT-0700,114.322,114.128,0.1,0.1
30.03.2021 06:54:24.484 GMT-0700,114.33200000000001,114.128,0.1,0.1
30.03.2021 06:54:32.289 GMT-0700,114.322,114.128,0.0008,0.1
30.03.2021 06:54:32.566 GMT-0700,114.333,114.12700000000001,0.1,0.1
30.03.2021 06:54:33.870 GMT-0700,114.323,114.12700000000001,0.075,0.1
30.03.2021 06:54:33.971 GMT-0700,114.33200000000001,114.008,0.1,0.1
30.03.2021 06:54:34.660 GMT-0700,114.162,114.018,0.1,0.1
30.03.2021 06:54:34.710 GMT-0700,114.163,114.007,0.1,0.1
30.03.2021 06:54:35.714 GMT-0700,114.253,114.007,0.1,0.1
30.03.2021 06:54:37.613 GMT-0700,114.33200000000001,114.008,0.1,0.1
30.03.2021 06:54:38.881 GMT-0700,114.323,114.007,0.075,0.1
30.03.2021 06:54:38.932 GMT-0700,114.333,114.007,0.1,0.1
30.03.2021 06:54:40.234 GMT-0700,114.23299999999999,114.007,0.0008,0.1
30.03.2021 06:54:56.387 GMT-0700,114.223,114.01700000000001,0.1,0.1
30.03.2021 06:54:56.552 GMT-0700,114.23299999999999,114.01700000000001,0.1,0.1
30.03.2021 06:54:58.550 GMT-0700,114.223,114.01700000000001,0.0008,0.1
30.03.2021 06:54:58.651 GMT-0700,114.23200000000001,114.018,0.1,0.1
30.03.2021 06:55:06.839 GMT-0700,114.223,114.01700000000001,0.075,0.1
30.03.2021 06:55:07.081 GMT-0700,114.23200000000001,114.018,0.1,0.1
30.03.2021 06:55:07.697 GMT-0700,114.22200000000001,114.018,0.1,0.1
30.03.2021 06:55:08.106 GMT-0700,114.23200000000001,114.018,0.1,0.1
30.03.2021 06:55:11.898 GMT-0700,114.23299999999999,113.87700000000001,0.1,0.1
30.03.2021 06:55:13.157 GMT-0700,114.23200000000001,113.99799999999999,0.1,0.0008
30.03.2021 06:55:19.364 GMT-0700,114.223,113.99700000000001,0.1,0.1
30.03.2021 06:55:19.810 GMT-0700,114.23200000000001,113.99799999999999,0.1,0.1
30.03.2021 06:55:21.592 GMT-0700,114.22200000000001,113.99799999999999,0.0008,0.1
30.03.2021 06:55:22.720 GMT-0700,114.22200000000001,114.008,0.1,0.1
30.03.2021 06:55:22.918 GMT-0700,114.23200000000001,114.008,0.1,0.1
30.03.2021 06:55:23.828 GMT-0700,114.072,114.008,0.0008,0.075
30.03.2021 06:55:23.878 GMT-0700,114.23200000000001,113.878,0.1,0.1
30.03.2021 06:55:24.930 GMT-0700,114.11200000000001,113.878,0.075,0.1
30.03.2021 06:55:27.825 GMT-0700,113.993,113.88700000000001,0.0008,0.0008
30.03.2021 06:55:27.925 GMT-0700,114.072,113.878,0.1,0.1
30.03.2021 06:55:29.032 GMT-0700,114.06299999999999,113.87700000000001,0.1,0.1
30.03.2021 06:55:29.278 GMT-0700,114.073,113.87700000000001,0.1,0.1
30.03.2021 06:55:36.245 GMT-0700,114.072,113.838,0.1,0.1
30.03.2021 06:55:36.295 GMT-0700,114.06299999999999,113.84700000000001,0.1,0.1
30.03.2021 06:55:36.431 GMT-0700,114.073,113.837,0.1,0.1
30.03.2021 06:55:37.285 GMT-0700,114.06200000000001,113.848,0.075,0.075
30.03.2021 06:55:37.335 GMT-0700,114.073,113.837,0.1,0.1
30.03.2021 06:55:37.777 GMT-0700,114.073,113.80700000000002,0.1,0.1
30.03.2021 06:55:38.136 GMT-0700,114.06200000000001,113.818,0.0008,0.0008
30.03.2021 06:55:38.186 GMT-0700,114.073,113.80700000000002,0.1,0.1
30.03.2021 06:55:41.682 GMT-0700,114.073,113.81700000000001,0.1,0.0008
30.03.2021 06:55:42.630 GMT-0700,114.06200000000001,113.818,0.0008,0.1
30.03.2021 06:55:42.680 GMT-0700,114.073,113.81700000000001,0.1,0.1
30.03.2021 06:55:45.100 GMT-0700,114.06200000000001,113.818,0.0008,0.1
30.03.2021 06:55:45.373 GMT-0700,114.073,113.81700000000001,0.1,0.1
30.03.2021 06:55:46.683 GMT-0700,114.072,113.848,0.1,0.075
30.03.2021 06:55:51.729 GMT-0700,114.072,113.838,0.1,0.1
30.03.2021 06:55:53.108 GMT-0700,113.993,113.837,0.075,0.1
30.03.2021 06:55:53.158 GMT-0700,114.073,113.837,0.1,0.1
30.03.2021 06:55:56.681 GMT-0700,114.072,113.85799999999999,0.1,0.0008
30.03.2021 06:55:57.134 GMT-0700,114.072,113.91799999999999,0.1,0.1
30.03.2021 06:55:59.886 GMT-0700,114.162,113.91799999999999,0.1,0.1
30.03.2021 06:55:59.937 GMT-0700,114.15299999999999,113.91700000000002,0.1,0.1
30.03.2021 06:55:59.987 GMT-0700,114.162,113.91799999999999,0.1,0.1
30.03.2021 06:56:01.115 GMT-0700,114.15299999999999,113.91700000000002,0.0008,0.1
30.03.2021 06:56:01.216 GMT-0700,114.163,113.91700000000002,0.1,0.1
30.03.2021 06:56:02.425 GMT-0700,114.163,113.88700000000001,0.1,0.1
30.03.2021 06:56:07.231 GMT-0700,114.15299999999999,113.897,0.0008,0.0008
30.03.2021 06:56:07.507 GMT-0700,114.163,113.88700000000001,0.1,0.1
30.03.2021 06:56:09.165 GMT-0700,114.15200000000002,113.898,0.1,0.1
30.03.2021 06:56:12.223 GMT-0700,114.162,114.038,0.1,0.1
30.03.2021 06:56:30.102 GMT-0700,114.162,113.93799999999999,0.1,0.1
30.03.2021 06:56:30.155 GMT-0700,114.15299999999999,113.947,0.1,0.1
30.03.2021 06:56:30.206 GMT-0700,114.162,113.93799999999999,0.1,0.1
30.03.2021 06:56:34.890 GMT-0700,114.162,113.88799999999999,0.1,0.1
30.03.2021 06:56:37.726 GMT-0700,114.163,113.947,0.1,0.1
30.03.2021 06:56:38.171 GMT-0700,114.162,114.02799999999999,0.1,0.0008
30.03.2021 06:56:55.109 GMT-0700,114.163,113.947,0.1,0.1
30.03.2021 06:56:57.691 GMT-0700,114.163,114.04700000000001,0.1,0.1
30.03.2021 06:57:00.757 GMT-0700,114.162,114.038,0.1,0.1
30.03.2021 06:57:02.573 GMT-0700,114.113,114.037,0.1,0.1
30.03.2021 06:57:02.624 GMT-0700,114.162,114.038,0.1,0.1
30.03.2021 06:57:10.882 GMT-0700,114.11200000000001,114.038,0.0008,0.1
30.03.2021 06:57:10.932 GMT-0700,114.163,114.037,0.1,0.1
30.03.2021 06:57:12.910 GMT-0700,114.162,114.008,0.1,0.1
30.03.2021 06:57:13.102 GMT-0700,114.162,113.99799999999999,0.1,0.1
30.03.2021 06:57:13.612 GMT-0700,114.163,114.05700000000002,0.1,0.0008
30.03.2021 06:57:18.820 GMT-0700,114.33200000000001,114.128,0.1,0.1
30.03.2021 06:57:18.931 GMT-0700,114.26200000000001,114.07799999999999,0.0008,0.075
30.03.2021 06:57:18.982 GMT-0700,114.26200000000001,114.068,0.1,0.1
30.03.2021 06:57:19.189 GMT-0700,114.26200000000001,114.128,0.1,0.1
30.03.2021 06:57:41.674 GMT-0700,114.20299999999999,114.12700000000001,0.0008,0.075
30.03.2021 06:57:41.774 GMT-0700,114.26200000000001,114.098,0.1,0.1
30.03.2021 06:57:46.732 GMT-0700,114.26299999999999,114.07700000000001,0.1,0.1
30.03.2021 06:57:54.284 GMT-0700,114.26299999999999,114.10700000000001,0.1,0.1
30.03.2021 06:57:55.032 GMT-0700,114.253,114.10700000000001,0.0008,0.1
30.03.2021 06:57:55.082 GMT-0700,114.26299999999999,114.07700000000001,0.1,0.1
30.03.2021 06:57:55.208 GMT-0700,114.15299999999999,114.07700000000001,0.075,0.1
30.03.2021 06:57:55.258 GMT-0700,114.26299999999999,114.07700000000001,0.1,0.1
30.03.2021 06:57:56.711 GMT-0700,114.26200000000001,113.99799999999999,0.1,0.1
30.03.2021 06:57:57.331 GMT-0700,114.25200000000001,113.99799999999999,0.0008,0.1
30.03.2021 06:57:57.432 GMT-0700,114.26200000000001,113.99799999999999,0.1,0.1
30.03.2021 06:58:00.830 GMT-0700,114.253,113.99700000000001,0.075,0.1
30.03.2021 06:58:00.880 GMT-0700,114.26299999999999,113.99700000000001,0.1,0.1
30.03.2021 06:58:02.754 GMT-0700,114.25200000000001,113.99799999999999,0.075,0.1
30.03.2021 06:58:02.804 GMT-0700,114.26200000000001,113.99799999999999,0.1,0.1
30.03.2021 06:58:07.672 GMT-0700,114.253,113.99700000000001,0.075,0.1
30.03.2021 06:58:07.942 GMT-0700,114.26200000000001,113.99799999999999,0.1,0.1
30.03.2021 06:58:08.467 GMT-0700,114.26200000000001,114.02799999999999,0.1,0.0008
30.03.2021 06:58:11.703 GMT-0700,114.253,114.02700000000002,0.0008,0.1
30.03.2021 06:58:11.980 GMT-0700,114.26299999999999,114.02700000000002,0.1,0.1
30.03.2021 06:58:14.981 GMT-0700,114.253,114.02700000000002,0.0008,0.1
30.03.2021 06:58:15.165 GMT-0700,114.26200000000001,114.02799999999999,0.1,0.1
30.03.2021 06:58:17.151 GMT-0700,114.26200000000001,114.048,0.1,0.075
30.03.2021 06:58:17.562 GMT-0700,114.26299999999999,114.05700000000002,0.1,0.1
30.03.2021 06:58:22.915 GMT-0700,114.25200000000001,114.05799999999999,0.0008,0.1
30.03.2021 06:58:25.820 GMT-0700,114.243,114.05700000000002,0.1,0.1
30.03.2021 06:58:26.066 GMT-0700,114.25200000000001,114.05799999999999,0.1,0.1
30.03.2021 06:58:29.270 GMT-0700,114.242,114.05799999999999,0.0008,0.075
30.03.2021 06:58:29.320 GMT-0700,114.242,114.02799999999999,0.1,0.1
30.03.2021 06:58:29.540 GMT-0700,114.103,114.02700000000002,0.0008,0.1
30.03.2021 06:58:29.591 GMT-0700,114.26200000000001,114.02799999999999,0.1,0.1
30.03.2021 06:58:38.480 GMT-0700,114.25200000000001,114.02799999999999,0.1,0.1
30.03.2021 06:58:38.655 GMT-0700,114.26200000000001,114.02799999999999,0.1,0.1
30.03.2021 06:58:39.573 GMT-0700,114.25200000000001,114.02799999999999,0.075,0.1
30.03.2021 06:58:39.776 GMT-0700,114.26299999999999,114.02700000000002,0.1,0.1
30.03.2021 06:58:41.846 GMT-0700,114.25200000000001,114.02799999999999,0.0008,0.1
30.03.2021 06:58:42.325 GMT-0700,114.26299999999999,114.02700000000002,0.1,0.1
30.03.2021 06:58:47.168 GMT-0700,114.08500000000001,114.02700000000002,0.075,0.0008
30.03.2021 06:58:47.219 GMT-0700,114.132,113.988,0.1,0.1
30.03.2021 06:58:48.056 GMT-0700,114.133,113.99700000000001,0.1,0.0008
30.03.2021 06:58:49.836 GMT-0700,114.132,113.988,0.1,0.1
30.03.2021 06:58:52.010 GMT-0700,114.06299999999999,113.98700000000001,0.075,0.1
30.03.2021 06:58:52.061 GMT-0700,114.133,113.98700000000001,0.1,0.1
30.03.2021 06:58:56.692 GMT-0700,114.133,113.99700000000001,0.1,0.075
30.03.2021 06:59:01.700 GMT-0700,114.132,113.988,0.1,0.1
30.03.2021 06:59:03.500 GMT-0700,114.053,113.98700000000001,0.0008,0.1
30.03.2021 06:59:03.550 GMT-0700,114.133,113.98700000000001,0.1,0.1
30.03.2021 06:59:06.719 GMT-0700,114.132,113.96799999999999,0.1,0.1
30.03.2021 06:59:07.147 GMT-0700,114.04200000000002,113.96799999999999,0.075,0.1
30.03.2021 06:59:07.197 GMT-0700,114.133,113.96700000000001,0.1,0.1
30.03.2021 06:59:11.124 GMT-0700,114.04299999999999,113.96700000000001,0.0008,0.1
30.03.2021 06:59:11.175 GMT-0700,114.133,113.96700000000001,0.1,0.1
30.03.2021 06:59:11.701 GMT-0700,114.133,113.977,0.1,0.075
30.03.2021 06:59:12.036 GMT-0700,114.12299999999999,113.977,0.0008,0.1
30.03.2021 06:59:12.467 GMT-0700,114.132,113.978,0.1,0.1
30.03.2021 06:59:16.764 GMT-0700,114.133,113.95700000000001,0.1,0.1
30.03.2021 06:59:19.237 GMT-0700,114.12200000000001,113.958,0.0008,0.1
30.03.2021 06:59:19.673 GMT-0700,114.133,113.95700000000001,0.1,0.1
30.03.2021 06:59:21.746 GMT-0700,114.133,113.947,0.1,0.1
30.03.2021 06:59:26.696 GMT-0700,114.133,113.95700000000001,0.1,0.1
30.03.2021 06:59:28.660 GMT-0700,114.12299999999999,113.95700000000001,0.1,0.1
30.03.2021 06:59:28.711 GMT-0700,114.133,113.95700000000001,0.1,0.1
30.03.2021 06:59:31.011 GMT-0700,114.12200000000001,113.958,0.075,0.1
30.03.2021 06:59:31.061 GMT-0700,114.133,113.95700000000001,0.1,0.1
30.03.2021 06:59:31.672 GMT-0700,114.132,113.978,0.1,0.075
30.03.2021 06:59:32.575 GMT-0700,114.12200000000001,113.978,0.1,0.1
30.03.2021 06:59:32.711 GMT-0700,114.133,113.977,0.1,0.1
30.03.2021 06:59:32.976 GMT-0700,114.022,113.978,0.075,0.0008
30.03.2021 06:59:33.026 GMT-0700,114.133,113.90700000000001,0.1,0.1
30.03.2021 06:59:35.699 GMT-0700,114.132,113.91799999999999,0.1,0.1
30.03.2021 06:59:36.694 GMT-0700,114.133,113.93700000000001,0.1,0.0008
30.03.2021 06:59:39.902 GMT-0700,114.03200000000001,113.93799999999999,0.0008,0.075
30.03.2021 06:59:39.953 GMT-0700,114.132,113.91799999999999,0.1,0.1
30.03.2021 06:59:40.705 GMT-0700,114.133,113.897,0.1,0.1
30.03.2021 06:59:42.699 GMT-0700,114.12299999999999,113.897,0.0008,0.1
30.03.2021 06:59:52.650 GMT-0700,114.12299999999999,113.98700000000001,0.1,0.1
30.03.2021 06:59:55.685 GMT-0700,114.132,113.988,0.1,0.1
30.03.2021 06:59:58.100 GMT-0700,114.44200000000001,113.988,0.1,0.1
30.03.2021 07:00:00.217 GMT-0700,114.43299999999999,113.98700000000001,0.0008,0.1
30.03.2021 07:00:00.616 GMT-0700,114.443,113.98700000000001,0.1,0.1
30.03.2021 07:00:01.557 GMT-0700,114.382,113.988,0.0008,0.1
30.03.2021 07:00:02.311 GMT-0700,114.383,113.927,0.1,0.1
30.03.2021 07:00:04.119 GMT-0700,114.06299999999999,113.928,0.075,0.1
30.03.2021 07:00:04.170 GMT-0700,114.383,113.927,0.1,0.1
30.03.2021 07:00:04.717 GMT-0700,114.37200000000001,113.928,0.075,0.1
30.03.2021 07:00:05.349 GMT-0700,114.15200000000002,113.928,0.075,0.0008
30.03.2021 07:00:05.399 GMT-0700,114.37299999999999,113.88700000000001,0.1,0.1
30.03.2021 07:00:05.908 GMT-0700,114.03,113.88799999999999,0.075,0.1
30.03.2021 07:00:07.059 GMT-0700,114.363,113.88700000000001,0.1,0.1
30.03.2021 07:00:10.746 GMT-0700,114.303,113.88700000000001,0.1,0.1
30.03.2021 07:00:11.785 GMT-0700,114.163,113.88700000000001,0.0008,0.1
30.03.2021 07:00:11.940 GMT-0700,114.173,113.88700000000001,0.1,0.1
30.03.2021 07:00:13.907 GMT-0700,114.06299999999999,113.88700000000001,0.1,0.1
30.03.2021 07:00:20.918 GMT-0700,114.06200000000001,113.908,0.1,0.0008
30.03.2021 07:00:25.559 GMT-0700,114.173,113.90700000000001,0.1,0.1
30.03.2021 07:00:28.401 GMT-0700,114.162,113.908,0.0008,0.1
30.03.2021 07:00:28.502 GMT-0700,114.17200000000001,113.908,0.1,0.1
30.03.2021 07:00:29.327 GMT-0700,114.163,113.90700000000001,0.1,0.1
30.03.2021 07:00:29.378 GMT-0700,114.17200000000001,113.908,0.1,0.1
30.03.2021 07:00:30.089 GMT-0700,114.163,113.90700000000001,0.1,0.1
30.03.2021 07:00:30.139 GMT-0700,114.173,113.90700000000001,0.1,0.1
30.03.2021 07:00:33.161 GMT-0700,114.163,113.90700000000001,0.0008,0.1
30.03.2021 07:00:33.261 GMT-0700,114.17200000000001,113.908,0.1,0.1
30.03.2021 07:00:33.361 GMT-0700,114.053,113.90700000000001,0.0008,0.1
30.03.2021 07:00:42.215 GMT-0700,114.17200000000001,113.88799999999999,0.1,0.1
30.03.2021 07:00:42.471 GMT-0700,114.162,113.908,0.1,0.1
30.03.2021 07:00:42.731 GMT-0700,114.173,113.90700000000001,0.1,0.1
30.03.2021 07:00:42.781 GMT-0700,114.06200000000001,113.908,0.1,0.1
30.03.2021 07:00:43.886 GMT-0700,114.052,113.908,0.075,0.1
30.03.2021 07:00:43.987 GMT-0700,114.06200000000001,113.908,0.1,0.1
30.03.2021 07:00:47.551 GMT-0700,114.053,113.90700000000001,0.1,0.1
30.03.2021 07:00:47.703 GMT-0700,114.06200000000001,113.908,0.1,0.1
30.03.2021 07:00:48.378 GMT-0700,114.052,113.908,0.0008,0.1
30.03.2021 07:00:48.478 GMT-0700,114.06200000000001,113.908,0.1,0.1
30.03.2021 07:00:49.094 GMT-0700,114.052,113.908,0.075,0.1
30.03.2021 07:00:49.195 GMT-0700,114.06200000000001,113.908,0.1,0.1
30.03.2021 07:00:53.167 GMT-0700,114.053,113.90700000000001,0.1,0.1
30.03.2021 07:00:53.553 GMT-0700,114.06200000000001,113.908,0.1,0.1
30.03.2021 07:00:54.266 GMT-0700,114.053,113.947,0.075,0.075
30.03.2021 07:00:54.317 GMT-0700,114.06299999999999,113.947,0.1,0.1
30.03.2021 07:00:57.644 GMT-0700,114.003,113.947,0.075,0.0008
30.03.2021 07:00:57.695 GMT-0700,114.00200000000001,113.898,0.1,0.1
30.03.2021 07:01:01.759 GMT-0700,114.052,113.88799999999999,0.075,0.1
30.03.2021 07:01:02.856 GMT-0700,114.06200000000001,113.88799999999999,0.1,0.1
30.03.2021 07:01:04.763 GMT-0700,114.052,113.88799999999999,0.075,0.1
30.03.2021 07:01:04.925 GMT-0700,114.06299999999999,113.88700000000001,0.1,0.1
30.03.2021 07:01:05.942 GMT-0700,114.053,113.88700000000001,0.1,0.1
30.03.2021 07:01:06.314 GMT-0700,114.06299999999999,113.88700000000001,0.1,0.1
30.03.2021 07:01:10.677 GMT-0700,114.052,113.88799999999999,0.075,0.1
30.03.2021 07:01:10.778 GMT-0700,114.06200000000001,113.88799999999999,0.1,0.1
30.03.2021 07:01:16.748 GMT-0700,114.003,113.88700000000001,0.1,0.1
30.03.2021 07:01:16.798 GMT-0700,114.06200000000001,113.88799999999999,0.1,0.1
30.03.2021 07:01:18.799 GMT-0700,114.053,113.88700000000001,0.0008,0.1
30.03.2021 07:01:18.899 GMT-0700,114.06200000000001,113.88799999999999,0.1,0.1
30.03.2021 07:01:21.849 GMT-0700,114.052,113.88799999999999,0.0008,0.1
30.03.2021 07:01:22.100 GMT-0700,114.06299999999999,113.88700000000001,0.1,0.1
30.03.2021 07:01:29.317 GMT-0700,114.052,113.88799999999999,0.0008,0.1
30.03.2021 07:01:29.585 GMT-0700,114.06200000000001,113.88799999999999,0.1,0.1
30.03.2021 07:01:35.349 GMT-0700,114.053,113.88700000000001,0.1,0.1
30.03.2021 07:01:35.553 GMT-0700,114.06200000000001,113.88799999999999,0.1,0.1
30.03.2021 07:01:36.486 GMT-0700,114.052,113.88799999999999,0.1,0.1
30.03.2021 07:01:36.912 GMT-0700,114.06200000000001,113.88799999999999,0.1,0.1
30.03.2021 07:01:42.078 GMT-0700,114.052,113.88799999999999,0.075,0.1
30.03.2021 07:01:42.313 GMT-0700,114.06200000000001,113.88799999999999,0.1,0.1
30.03.2021 07:01:43.086 GMT-0700,114.053,113.91700000000002,0.0008,0.0008
30.03.2021 07:01:43.137 GMT-0700,114.06299999999999,113.88700000000001,0.1,0.1
30.03.2021 07:01:48.947 GMT-0700,114.053,113.88700000000001,0.075,0.1
30.03.2021 07:01:49.047 GMT-0700,114.06200000000001,113.88799999999999,0.1,0.1
30.03.2021 07:01:55.166 GMT-0700,114.052,113.88799999999999,0.0008,0.1
30.03.2021 07:01:55.217 GMT-0700,114.06200000000001,113.88799999999999,0.1,0.1
30.03.2021 07:02:00.688 GMT-0700,114.06200000000001,113.91799999999999,0.1,0.0008
30.03.2021 07:02:01.112 GMT-0700,114.06200000000001,113.928,0.1,0.0008
30.03.2021 07:02:01.162 GMT-0700,114.06200000000001,113.88799999999999,0.1,0.1
30.03.2021 07:02:01.272 GMT-0700,114.06200000000001,113.96799999999999,0.1,0.0008
30.03.2021 07:02:01.322 GMT-0700,114.06200000000001,113.88799999999999,0.1,0.1
30.03.2021 07:02:13.258 GMT-0700,114.053,113.88700000000001,0.1,0.1
30.03.2021 07:02:13.361 GMT-0700,114.06200000000001,113.88799999999999,0.1,0.1
30.03.2021 07:02:13.824 GMT-0700,114.06200000000001,113.91799999999999,0.1,0.0008
30.03.2021 07:02:13.977 GMT-0700,114.06200000000001,113.88799999999999,0.1,0.1
30.03.2021 07:02:14.028 GMT-0700,114.06200000000001,113.91799999999999,0.1,0.1
30.03.2021 07:02:15.069 GMT-0700,114.06200000000001,113.88799999999999,0.1,0.1
30.03.2021 07:02:15.953 GMT-0700,114.06299999999999,113.90700000000001,0.1,0.0008
30.03.2021 07:02:16.054 GMT-0700,114.04299999999999,113.90700000000001,0.1,0.1
30.03.2021 07:02:16.604 GMT-0700,114.01200000000001,113.908,0.0008,0.1
30.03.2021 07:02:16.946 GMT-0700,114.01299999999999,113.88700000000001,0.1,0.1
30.03.2021 07:02:25.692 GMT-0700,114.01200000000001,113.928,0.1,0.1
30.03.2021 07:02:26.090 GMT-0700,113.98200000000001,113.928,0.075,0.1
30.03.2021 07:02:29.777 GMT-0700,113.962,113.88799999999999,0.1,0.1
30.03.2021 07:02:30.685 GMT-0700,113.98200000000001,113.928,0.1,0.0008
30.03.2021 07:02:35.699 GMT-0700,113.98200000000001,113.93799999999999,0.1,0.1
30.03.2021 07:02:40.564 GMT-0700,113.99000000000001,113.978,0.0008,0.075
30.03.2021 07:02:40.614 GMT-0700,114.06200000000001,113.988,0.1,0.1
30.03.2021 07:02:42.480 GMT-0700,114.06299999999999,113.99700000000001,0.1,0.0008
30.03.2021 07:02:42.530 GMT-0700,114.12299999999999,113.99700000000001,0.1,0.1
30.03.2021 07:02:48.241 GMT-0700,114.163,114.04700000000001,0.1,0.1
30.03.2021 07:02:48.341 GMT-0700,114.173,114.04700000000001,0.1,0.1
30.03.2021 07:02:49.791 GMT-0700,114.162,114.048,0.0008,0.1
30.03.2021 07:02:52.887 GMT-0700,114.073,113.947,0.1,0.1
30.03.2021 07:02:53.114 GMT-0700,114.162,113.96799999999999,0.1,0.0008
30.03.2021 07:02:53.773 GMT-0700,114.072,113.96799999999999,0.0008,0.075
30.03.2021 07:02:53.824 GMT-0700,114.15299999999999,113.947,0.1,0.1
30.03.2021 07:02:55.701 GMT-0700,114.162,113.948,0.1,0.075
30.03.2021 07:02:55.753 GMT-0700,114.163,113.88700000000001,0.1,0.1
30.03.2021 07:02:56.393 GMT-0700,114.15200000000002,113.898,0.075,0.075
30.03.2021 07:02:56.557 GMT-0700,114.162,113.88799999999999,0.1,0.1
30.03.2021 07:02:58.665 GMT-0700,114.072,113.898,0.075,0.075
30.03.2021 07:02:58.716 GMT-0700,114.073,113.88700000000001,0.1,0.1
30.03.2021 07:02:59.006 GMT-0700,114.033,113.88700000000001,0.1,0.1
30.03.2021 07:02:59.056 GMT-0700,114.073,113.88700000000001,0.1,0.1
30.03.2021 07:02:59.303 GMT-0700,114.01200000000001,113.88799999999999,0.1,0.1
30.03.2021 07:02:59.885 GMT-0700,114.073,113.88700000000001,0.1,0.1
30.03.2021 07:03:01.264 GMT-0700,114.06299999999999,113.88700000000001,0.0008,0.1
30.03.2021 07:03:01.622 GMT-0700,114.072,113.88799999999999,0.1,0.1
30.03.2021 07:03:02.002 GMT-0700,114.06299999999999,113.88700000000001,0.075,0.1
30.03.2021 07:03:02.052 GMT-0700,114.072,113.88799999999999,0.1,0.1
30.03.2021 07:03:03.109 GMT-0700,113.94200000000001,113.758,0.1,0.1
30.03.2021 07:03:03.159 GMT-0700,114.073,113.74700000000001,0.1,0.1
30.03.2021 07:03:03.231 GMT-0700,114.072,113.818,0.1,0.0008
30.03.2021 07:03:06.094 GMT-0700,114.073,113.74700000000001,0.1,0.1
30.03.2021 07:03:07.508 GMT-0700,114.072,113.818,0.1,0.0008
30.03.2021 07:03:07.771 GMT-0700,114.06299999999999,113.81700000000001,0.075,0.0008
30.03.2021 07:03:07.821 GMT-0700,114.06200000000001,113.758,0.1,0.1
30.03.2021 07:03:07.871 GMT-0700,114.06299999999999,113.81700000000001,0.1,0.1
30.03.2021 07:03:08.137 GMT-0700,114.073,113.81700000000001,0.1,0.1
30.03.2021 07:03:11.608 GMT-0700,114.06299999999999,113.81700000000001,0.0008,0.1
30.03.2021 07:03:11.709 GMT-0700,114.072,113.818,0.1,0.1
30.03.2021 07:03:12.206 GMT-0700,113.98200000000001,113.818,0.0008,0.1
30.03.2021 07:03:12.256 GMT-0700,114.072,113.818,0.1,0.1
30.03.2021 07:03:15.465 GMT-0700,114.06200000000001,113.818,0.0008,0.1
30.03.2021 07:03:15.625 GMT-0700,114.073,113.81700000000001,0.1,0.1
30.03.2021 07:03:19.046 GMT-0700,114.06200000000001,113.82799999999999,0.1,0.1
30.03.2021 07:03:19.097 GMT-0700,114.072,113.82799999999999,0.1,0.1
30.03.2021 07:03:19.506 GMT-0700,114.073,113.81700000000001,0.1,0.1
30.03.2021 07:03:23.577 GMT-0700,114.06200000000001,113.82799999999999,0.0008,0.0008
30.03.2021 07:03:23.917 GMT-0700,114.073,113.81700000000001,0.1,0.1
30.03.2021 07:03:24.859 GMT-0700,114.06299999999999,113.81700000000001,0.0008,0.1
30.03.2021 07:03:25.190 GMT-0700,114.073,113.81700000000001,0.1,0.1
30.03.2021 07:03:27.693 GMT-0700,114.06299999999999,113.81700000000001,0.0008,0.1
30.03.2021 07:03:27.886 GMT-0700,114.073,113.81700000000001,0.1,0.1
30.03.2021 07:03:31.378 GMT-0700,113.95299999999999,113.81700000000001,0.0008,0.075
30.03.2021 07:03:31.428 GMT-0700,113.973,113.757,0.1,0.1
30.03.2021 07:03:32.805 GMT-0700,114.06200000000001,113.74799999999999,0.1,0.1
30.03.2021 07:03:33.145 GMT-0700,114.072,113.74799999999999,0.1,0.1
30.03.2021 07:03:34.764 GMT-0700,114.073,113.71700000000001,0.1,0.1
30.03.2021 07:03:35.084 GMT-0700,114.06200000000001,113.728,0.0008,0.0008
30.03.2021 07:03:35.185 GMT-0700,114.06299999999999,113.74700000000001,0.1,0.075
30.03.2021 07:03:35.235 GMT-0700,114.06200000000001,113.71799999999999,0.1,0.1
30.03.2021 07:03:35.317 GMT-0700,114.06200000000001,113.74799999999999,0.1,0.1
30.03.2021 07:03:35.455 GMT-0700,114.073,113.74700000000001,0.1,0.1
30.03.2021 07:03:35.650 GMT-0700,114.073,113.71700000000001,0.1,0.1
30.03.2021 07:03:35.769 GMT-0700,114.073,113.74700000000001,0.1,0.0008
30.03.2021 07:03:36.000 GMT-0700,114.072,113.71799999999999,0.1,0.1
30.03.2021 07:03:36.050 GMT-0700,114.072,113.74799999999999,0.1,0.1
30.03.2021 07:03:36.101 GMT-0700,114.072,113.71799999999999,0.1,0.1
30.03.2021 07:03:36.151 GMT-0700,114.072,113.74799999999999,0.1,0.1
30.03.2021 07:03:36.240 GMT-0700,114.072,113.71799999999999,0.1,0.1
30.03.2021 07:03:36.290 GMT-0700,114.072,113.74799999999999,0.1,0.1
30.03.2021 07:03:37.145 GMT-0700,114.073,113.71700000000001,0.1,0.1
30.03.2021 07:03:37.308 GMT-0700,114.073,113.74700000000001,0.1,0.075
30.03.2021 07:03:41.015 GMT-0700,114.01299999999999,113.74700000000001,0.075,0.1
30.03.2021 07:03:42.831 GMT-0700,113.883,113.757,0.0008,0.0008
30.03.2021 07:03:42.882 GMT-0700,114.00200000000001,113.818,0.1,0.1
30.03.2021 07:03:44.113 GMT-0700,114.072,113.758,0.1,0.075
30.03.2021 07:03:44.164 GMT-0700,114.073,113.74700000000001,0.1,0.1
30.03.2021 07:03:47.002 GMT-0700,113.973,113.74700000000001,0.0008,0.1
30.03.2021 07:03:47.353 GMT-0700,113.94200000000001,113.74799999999999,0.1,0.1
30.03.2021 07:03:47.404 GMT-0700,113.97200000000001,113.74799999999999,0.1,0.1
30.03.2021 07:03:47.881 GMT-0700,113.973,113.757,0.1,0.1
30.03.2021 07:03:48.309 GMT-0700,113.97200000000001,113.74799999999999,0.1,0.1
30.03.2021 07:03:57.237 GMT-0700,113.973,113.757,0.1,0.075
30.03.2021 07:03:57.535 GMT-0700,114.073,113.74700000000001,0.1,0.1
30.03.2021 07:03:59.360 GMT-0700,113.973,113.74700000000001,0.0008,0.1
30.03.2021 07:04:01.088 GMT-0700,113.962,113.758,0.1,0.1
30.03.2021 07:04:01.139 GMT-0700,113.962,113.74799999999999,0.1,0.1
30.03.2021 07:04:01.241 GMT-0700,113.963,113.71700000000001,0.1,0.1
30.03.2021 07:04:01.355 GMT-0700,113.962,113.74799999999999,0.1,0.075
30.03.2021 07:04:01.697 GMT-0700,113.963,113.71700000000001,0.1,0.1
30.03.2021 07:04:04.104 GMT-0700,113.963,113.73700000000001,0.1,0.0008
30.03.2021 07:04:04.624 GMT-0700,113.893,113.647,0.1,0.1
30.03.2021 07:04:04.817 GMT-0700,113.893,113.70700000000001,0.1,0.0008
30.03.2021 07:04:09.187 GMT-0700,113.89200000000001,113.728,0.1,0.075
30.03.2021 07:04:11.519 GMT-0700,113.893,113.73700000000001,0.1,0.075
30.03.2021 07:04:12.234 GMT-0700,113.84200000000001,113.728,0.0008,0.1
30.03.2021 07:04:12.284 GMT-0700,113.973,113.727,0.1,0.1
30.03.2021 07:04:14.980 GMT-0700,113.973,113.76700000000001,0.1,0.0008
30.03.2021 07:04:16.062 GMT-0700,113.962,113.768,0.0008,0.1
30.03.2021 07:04:16.112 GMT-0700,113.97200000000001,113.768,0.1,0.1
30.03.2021 07:04:16.318 GMT-0700,113.93200000000002,113.768,0.0008,0.1
30.03.2021 07:04:16.368 GMT-0700,113.97200000000001,113.768,0.1,0.1
30.03.2021 07:04:16.419 GMT-0700,114.072,113.768,0.1,0.1
30.03.2021 07:04:18.822 GMT-0700,113.962,113.768,0.0008,0.1
30.03.2021 07:04:20.364 GMT-0700,113.963,113.73700000000001,0.1,0.1
30.03.2021 07:04:20.685 GMT-0700,113.962,113.82799999999999,0.1,0.075
30.03.2021 07:04:21.162 GMT-0700,114.073,113.82700000000001,0.1,0.1
30.03.2021 07:04:23.838 GMT-0700,114.06299999999999,113.82700000000001,0.0008,0.1
30.03.2021 07:04:24.259 GMT-0700,114.073,113.82700000000001,0.1,0.1
30.03.2021 07:04:26.279 GMT-0700,113.963,113.82700000000001,0.0008,0.1
30.03.2021 07:04:30.679 GMT-0700,113.95200000000001,113.82799999999999,0.075,0.1
30.03.2021 07:04:30.843 GMT-0700,113.963,113.82700000000001,0.1,0.1
30.03.2021 07:04:32.716 GMT-0700,114.073,113.82700000000001,0.1,0.1
30.03.2021 07:04:33.859 GMT-0700,113.963,113.82700000000001,0.0008,0.1
30.03.2021 07:04:34.276 GMT-0700,113.95200000000001,113.80799999999999,0.1,0.1
30.03.2021 07:04:34.327 GMT-0700,113.962,113.80799999999999,0.1,0.1
30.03.2021 07:04:34.387 GMT-0700,113.93200000000002,113.80799999999999,0.0008,0.1
30.03.2021 07:04:38.034 GMT-0700,113.923,113.80700000000002,0.1,0.1
30.03.2021 07:04:38.266 GMT-0700,113.93200000000002,113.80799999999999,0.1,0.1
30.03.2021 07:04:39.033 GMT-0700,113.87299999999999,113.80700000000002,0.0008,0.075
30.03.2021 07:04:39.084 GMT-0700,113.93200000000002,113.71799999999999,0.1,0.1
30.03.2021 07:04:42.664 GMT-0700,113.92200000000001,113.71799999999999,0.075,0.075
30.03.2021 07:04:42.714 GMT-0700,113.93299999999999,113.70700000000001,0.1,0.1
30.03.2021 07:04:48.151 GMT-0700,113.823,113.71700000000001,0.0008,0.0008
30.03.2021 07:04:48.202 GMT-0700,113.93200000000002,113.728,0.1,0.1
30.03.2021 07:04:53.366 GMT-0700,113.92200000000001,113.728,0.0008,0.1
30.03.2021 07:04:53.416 GMT-0700,113.92200000000001,113.678,0.1,0.1
30.03.2021 07:04:53.577 GMT-0700,113.93299999999999,113.697,0.1,0.0008
30.03.2021 07:04:55.994 GMT-0700,113.863,113.697,0.1,0.1
30.03.2021 07:04:56.393 GMT-0700,113.86200000000001,113.66799999999999,0.1,0.1
30.03.2021 07:04:56.871 GMT-0700,113.86200000000001,113.678,0.1,0.075
30.03.2021 07:04:56.971 GMT-0700,113.863,113.66700000000002,0.1,0.1
30.03.2021 07:04:57.410 GMT-0700,113.93299999999999,113.66700000000002,0.1,0.1
30.03.2021 07:04:57.846 GMT-0700,113.93200000000002,113.708,0.1,0.0008
30.03.2021 07:05:03.714 GMT-0700,113.92200000000001,113.708,0.0008,0.1
30.03.2021 07:05:03.966 GMT-0700,113.93200000000002,113.708,0.1,0.1
30.03.2021 07:05:04.514 GMT-0700,113.84200000000001,113.708,0.075,0.0008
30.03.2021 07:05:04.564 GMT-0700,113.93200000000002,113.658,0.1,0.1
30.03.2021 07:05:05.100 GMT-0700,113.923,113.66700000000002,0.0008,0.0008
30.03.2021 07:05:05.200 GMT-0700,113.93200000000002,113.658,0.1,0.1
30.03.2021 07:05:06.083 GMT-0700,113.76200000000001,113.658,0.1,0.1
30.03.2021 07:05:06.414 GMT-0700,113.833,113.65700000000001,0.1,0.1
30.03.2021 07:05:06.649 GMT-0700,113.822,113.658,0.0008,0.1
30.03.2021 07:05:06.699 GMT-0700,113.83200000000001,113.618,0.1,0.1
30.03.2021 07:05:06.951 GMT-0700,113.743,113.62700000000001,0.1,0.1
30.03.2021 07:05:07.001 GMT-0700,113.833,113.617,0.1,0.1
30.03.2021 07:05:08.352 GMT-0700,113.73200000000001,113.628,0.075,0.075
30.03.2021 07:05:08.402 GMT-0700,113.833,113.617,0.1,0.1
30.03.2021 07:05:10.411 GMT-0700,113.743,113.617,0.0008,0.1
30.03.2021 07:05:11.744 GMT-0700,113.742,113.60799999999999,0.1,0.1
30.03.2021 07:05:15.971 GMT-0700,113.742,113.678,0.1,0.0008
30.03.2021 07:05:18.158 GMT-0700,113.743,113.70700000000001,0.075,0.0008
30.03.2021 07:05:18.208 GMT-0700,113.83200000000001,113.74799999999999,0.1,0.1
30.03.2021 07:05:20.209 GMT-0700,113.83200000000001,113.758,0.1,0.0008
30.03.2021 07:05:20.259 GMT-0700,113.833,113.74700000000001,0.1,0.1
30.03.2021 07:05:20.368 GMT-0700,113.93299999999999,113.74700000000001,0.1,0.1
30.03.2021 07:05:20.817 GMT-0700,113.93200000000002,113.798,0.1,0.075
30.03.2021 07:05:20.917 GMT-0700,113.923,113.757,0.1,0.1
30.03.2021 07:05:22.701 GMT-0700,113.93299999999999,113.76700000000001,0.1,0.0008
30.03.2021 07:05:23.572 GMT-0700,113.923,113.76700000000001,0.0008,0.1
30.03.2021 07:05:23.623 GMT-0700,113.93299999999999,113.76700000000001,0.1,0.1
30.03.2021 07:05:27.572 GMT-0700,113.923,113.787,0.1,0.1
30.03.2021 07:05:27.623 GMT-0700,113.92200000000001,113.768,0.1,0.1
30.03.2021 07:05:27.755 GMT-0700,113.93299999999999,113.76700000000001,0.1,0.1
30.03.2021 07:05:31.699 GMT-0700,113.93299999999999,113.80700000000002,0.1,0.1
30.03.2021 07:05:35.732 GMT-0700,113.93200000000002,113.768,0.1,0.1
30.03.2021 07:05:41.025 GMT-0700,114.073,113.77700000000002,0.1,0.1
30.03.2021 07:05:41.075 GMT-0700,114.06299999999999,113.787,0.1,0.1
30.03.2021 07:05:41.195 GMT-0700,114.073,113.787,0.1,0.1
30.03.2021 07:05:41.485 GMT-0700,114.072,113.818,0.1,0.0008
30.03.2021 07:05:44.082 GMT-0700,114.072,113.838,0.1,0.0008
30.03.2021 07:05:45.634 GMT-0700,114.06200000000001,113.838,0.0008,0.1
30.03.2021 07:05:45.788 GMT-0700,114.072,113.838,0.1,0.1
30.03.2021 07:05:49.109 GMT-0700,114.06299999999999,113.837,0.0008,0.1
30.03.2021 07:05:49.764 GMT-0700,114.072,113.838,0.1,0.1
30.03.2021 07:05:53.792 GMT-0700,114.06299999999999,113.837,0.075,0.1
30.03.2021 07:05:54.304 GMT-0700,114.072,113.838,0.1,0.1
30.03.2021 07:05:56.084 GMT-0700,114.06200000000001,113.838,0.0008,0.1
30.03.2021 07:05:56.134 GMT-0700,114.073,113.837,0.1,0.1
30.03.2021 07:05:59.141 GMT-0700,114.073,113.81700000000001,0.1,0.1
30.03.2021 07:06:00.054 GMT-0700,114.072,113.848,0.1,0.1
30.03.2021 07:06:10.684 GMT-0700,114.06200000000001,113.848,0.0008,0.1
30.03.2021 07:06:10.965 GMT-0700,114.072,113.848,0.1,0.1
30.03.2021 07:06:11.748 GMT-0700,114.06299999999999,113.85700000000001,0.075,0.075
30.03.2021 07:06:12.739 GMT-0700,113.98299999999999,113.85700000000001,0.1,0.0008
30.03.2021 07:06:12.790 GMT-0700,113.98200000000001,113.848,0.1,0.1
30.03.2021 07:06:15.564 GMT-0700,113.98200000000001,113.82799999999999,0.1,0.1
30.03.2021 07:06:15.727 GMT-0700,113.98299999999999,113.867,0.1,0.075
30.03.2021 07:06:24.334 GMT-0700,113.98200000000001,113.88799999999999,0.1,0.0008
30.03.2021 07:06:31.213 GMT-0700,113.93200000000002,113.88799999999999,0.0008,0.075
30.03.2021 07:06:31.264 GMT-0700,113.97200000000001,113.85799999999999,0.1,0.1
30.03.2021 07:06:41.641 GMT-0700,113.962,113.85799999999999,0.0008,0.1
30.03.2021 07:06:41.691 GMT-0700,113.97200000000001,113.728,0.1,0.1
30.03.2021 07:06:43.748 GMT-0700,113.963,113.73700000000001,0.0008,0.0008
30.03.2021 07:06:44.101 GMT-0700,113.973,113.73700000000001,0.1,0.1
30.03.2021 07:06:47.449 GMT-0700,113.912,113.74799999999999,0.1,0.1
30.03.2021 07:06:47.499 GMT-0700,113.973,113.74700000000001,0.1,0.1
30.03.2021 07:06:56.082 GMT-0700,113.84299999999999,113.73700000000001,0.075,0.075
30.03.2021 07:06:56.406 GMT-0700,113.84200000000001,113.728,0.1,0.1
30.03.2021 07:06:56.528 GMT-0700,113.833,113.727,0.075,0.1
30.03.2021 07:06:56.578 GMT-0700,113.84200000000001,113.728,0.1,0.1
30.03.2021 07:06:57.166 GMT-0700,113.973,113.727,0.1,0.1
30.03.2021 07:06:58.561 GMT-0700,113.963,113.73700000000001,0.075,0.075
30.03.2021 07:06:58.612 GMT-0700,113.97200000000001,113.728,0.1,0.1
30.03.2021 07:07:01.351 GMT-0700,113.963,113.73700000000001,0.0008,0.0008
30.03.2021 07:07:01.460 GMT-0700,113.962,113.77799999999999,0.075,0.1
30.03.2021 07:07:01.511 GMT-0700,113.973,113.77700000000002,0.1,0.1
30.03.2021 07:07:01.881 GMT-0700,113.973,113.727,0.1,0.1
30.03.2021 07:07:02.716 GMT-0700,113.962,113.738,0.1,0.1
30.03.2021 07:07:02.842 GMT-0700,113.97200000000001,113.728,0.1,0.1
30.03.2021 07:07:02.995 GMT-0700,113.97200000000001,113.738,0.1,0.0008
30.03.2021 07:07:04.436 GMT-0700,113.962,113.74799999999999,0.0008,0.0008
30.03.2021 07:07:04.958 GMT-0700,113.973,113.73700000000001,0.1,0.1
30.03.2021 07:07:05.898 GMT-0700,113.963,113.74700000000001,0.075,0.075
30.03.2021 07:07:06.051 GMT-0700,113.97200000000001,113.728,0.1,0.1
30.03.2021 07:07:08.528 GMT-0700,113.963,113.73700000000001,0.075,0.075
30.03.2021 07:07:08.629 GMT-0700,113.973,113.727,0.1,0.1
30.03.2021 07:07:11.687 GMT-0700,113.97200000000001,113.738,0.1,0.075
30.03.2021 07:07:18.403 GMT-0700,113.963,113.74700000000001,0.075,0.075
30.03.2021 07:07:18.861 GMT-0700,113.973,113.73700000000001,0.1,0.1
30.03.2021 07:07:20.492 GMT-0700,113.97200000000001,113.848,0.1,0.1
30.03.2021 07:07:20.543 GMT-0700,113.97200000000001,113.77799999999999,0.1,0.1
30.03.2021 07:07:20.923 GMT-0700,114.072,113.77799999999999,0.1,0.1
30.03.2021 07:07:21.036 GMT-0700,114.06200000000001,113.788,0.075,0.075
30.03.2021 07:07:21.136 GMT-0700,114.073,113.77700000000002,0.1,0.1
30.03.2021 07:07:22.700 GMT-0700,114.073,113.84700000000001,0.1,0.1
30.03.2021 07:07:26.427 GMT-0700,114.06299999999999,113.84700000000001,0.0008,0.1
30.03.2021 07:07:26.528 GMT-0700,114.072,113.848,0.1,0.1
30.03.2021 07:07:27.313 GMT-0700,114.06200000000001,113.848,0.0008,0.1
30.03.2021 07:07:27.476 GMT-0700,114.072,113.848,0.1,0.1
30.03.2021 07:07:32.736 GMT-0700,114.073,113.85700000000001,0.1,0.075
30.03.2021 07:07:32.839 GMT-0700,114.072,113.88799999999999,0.1,0.1
30.03.2021 07:07:34.353 GMT-0700,114.06200000000001,113.898,0.075,0.075
30.03.2021 07:07:34.404 GMT-0700,114.072,113.88799999999999,0.1,0.1
30.03.2021 07:07:34.857 GMT-0700,114.073,113.897,0.1,0.0008
30.03.2021 07:07:38.827 GMT-0700,114.06200000000001,113.898,0.0008,0.1
30.03.2021 07:07:38.927 GMT-0700,114.072,113.898,0.1,0.1
30.03.2021 07:07:45.064 GMT-0700,114.06299999999999,113.897,0.1,0.1
30.03.2021 07:07:45.458 GMT-0700,114.072,113.898,0.1,0.1
30.03.2021 07:07:50.291 GMT-0700,114.06299999999999,113.897,0.1,0.1
30.03.2021 07:07:50.403 GMT-0700,114.072,113.898,0.1,0.1
30.03.2021 07:07:53.752 GMT-0700,114.06200000000001,113.898,0.1,0.1
30.03.2021 07:07:54.036 GMT-0700,114.073,113.897,0.1,0.1
30.03.2021 07:08:01.049 GMT-0700,113.962,113.898,0.0008,0.1
30.03.2021 07:08:01.100 GMT-0700,114.072,113.898,0.1,0.1
30.03.2021 07:08:04.743 GMT-0700,113.98200000000001,113.898,0.0008,0.075
30.03.2021 07:08:04.793 GMT-0700,114.06200000000001,113.838,0.1,0.1
30.03.2021 07:08:04.962 GMT-0700,114.072,113.838,0.1,0.1
30.03.2021 07:08:12.663 GMT-0700,114.06200000000001,113.838,0.1,0.1
30.03.2021 07:08:12.714 GMT-0700,114.072,113.838,0.1,0.1
30.03.2021 07:08:13.848 GMT-0700,114.06200000000001,113.838,0.075,0.1
30.03.2021 07:08:14.057 GMT-0700,114.072,113.838,0.1,0.1
30.03.2021 07:08:17.374 GMT-0700,114.06299999999999,113.837,0.0008,0.1
30.03.2021 07:08:17.840 GMT-0700,114.072,113.838,0.1,0.1
30.03.2021 07:08:22.507 GMT-0700,114.06200000000001,113.838,0.0008,0.1
30.03.2021 07:08:22.625 GMT-0700,114.06299999999999,113.84700000000001,0.075,0.075
30.03.2021 07:08:22.675 GMT-0700,114.072,113.838,0.1,0.1
30.03.2021 07:08:23.351 GMT-0700,114.06299999999999,113.84700000000001,0.0008,0.0008
30.03.2021 07:08:23.593 GMT-0700,114.072,113.838,0.1,0.1
30.03.2021 07:08:26.013 GMT-0700,114.06200000000001,113.848,0.075,0.075
30.03.2021 07:08:26.064 GMT-0700,114.073,113.837,0.1,0.1
30.03.2021 07:08:26.651 GMT-0700,113.963,113.837,0.0008,0.1
30.03.2021 07:08:26.702 GMT-0700,114.072,113.838,0.1,0.1
30.03.2021 07:08:29.815 GMT-0700,114.072,113.868,0.1,0.1
30.03.2021 07:08:29.946 GMT-0700,114.06299999999999,113.867,0.075,0.1
30.03.2021 07:08:29.996 GMT-0700,114.072,113.868,0.1,0.1
30.03.2021 07:08:33.362 GMT-0700,114.06299999999999,113.867,0.0008,0.1
30.03.2021 07:08:33.462 GMT-0700,114.072,113.868,0.1,0.1
30.03.2021 07:08:43.943 GMT-0700,114.06200000000001,113.868,0.1,0.1
30.03.2021 07:08:44.064 GMT-0700,114.072,113.868,0.1,0.1
30.03.2021 07:08:47.638 GMT-0700,114.06299999999999,113.867,0.0008,0.1
30.03.2021 07:08:47.952 GMT-0700,114.073,113.867,0.1,0.1
30.03.2021 07:08:54.216 GMT-0700,114.06299999999999,113.867,0.075,0.1
30.03.2021 07:08:54.316 GMT-0700,114.073,113.867,0.1,0.1
30.03.2021 07:08:58.215 GMT-0700,114.06200000000001,113.868,0.075,0.1
30.03.2021 07:08:58.329 GMT-0700,114.073,113.867,0.1,0.1
30.03.2021 07:09:03.392 GMT-0700,113.94200000000001,113.868,0.075,0.0008
30.03.2021 07:09:03.442 GMT-0700,114.072,113.77799999999999,0.1,0.1
30.03.2021 07:09:03.514 GMT-0700,114.073,113.82700000000001,0.1,0.0008
30.03.2021 07:09:04.858 GMT-0700,113.90299999999999,113.82700000000001,0.0008,0.075
30.03.2021 07:09:04.908 GMT-0700,114.072,113.77799999999999,0.1,0.1
30.03.2021 07:09:05.001 GMT-0700,114.072,113.82799999999999,0.1,0.075
30.03.2021 07:09:06.427 GMT-0700,114.06200000000001,113.82799999999999,0.1,0.1
30.03.2021 07:09:06.573 GMT-0700,114.072,113.82799999999999,0.1,0.1
30.03.2021 07:09:08.264 GMT-0700,114.06299999999999,113.82700000000001,0.0008,0.1
30.03.2021 07:09:08.365 GMT-0700,114.072,113.82799999999999,0.1,0.1
30.03.2021 07:09:15.751 GMT-0700,114.06200000000001,113.82799999999999,0.0008,0.1
30.03.2021 07:09:15.868 GMT-0700,114.072,113.82799999999999,0.1,0.1
30.03.2021 07:09:23.770 GMT-0700,114.06200000000001,113.82799999999999,0.075,0.1
30.03.2021 07:09:23.977 GMT-0700,114.072,113.82799999999999,0.1,0.1
30.03.2021 07:09:25.836 GMT-0700,114.06299999999999,113.82700000000001,0.075,0.1
30.03.2021 07:09:26.204 GMT-0700,114.073,113.82700000000001,0.1,0.1
30.03.2021 07:09:31.392 GMT-0700,114.06200000000001,113.82799999999999,0.1,0.1
30.03.2021 07:09:31.520 GMT-0700,114.073,113.82700000000001,0.1,0.1
30.03.2021 07:09:35.963 GMT-0700,113.962,113.838,0.075,0.075
30.03.2021 07:09:36.155 GMT-0700,113.963,113.82700000000001,0.1,0.1
30.03.2021 07:09:36.920 GMT-0700,113.962,113.788,0.1,0.1
30.03.2021 07:09:36.988 GMT-0700,113.962,113.818,0.1,0.1
30.03.2021 07:09:37.809 GMT-0700,113.90299999999999,113.81700000000001,0.075,0.0008
30.03.2021 07:09:37.859 GMT-0700,113.962,113.768,0.1,0.1
30.03.2021 07:09:37.910 GMT-0700,113.963,113.757,0.1,0.1
30.03.2021 07:09:38.515 GMT-0700,113.963,113.81700000000001,0.1,0.075
30.03.2021 07:09:41.528 GMT-0700,113.963,113.757,0.1,0.1
30.03.2021 07:09:41.745 GMT-0700,113.962,113.738,0.1,0.1
30.03.2021 07:09:43.526 GMT-0700,113.962,113.818,0.1,0.1
30.03.2021 07:09:52.998 GMT-0700,113.962,113.848,0.1,0.075
30.03.2021 07:09:58.170 GMT-0700,113.95299999999999,113.84700000000001,0.075,0.0008
30.03.2021 07:09:58.220 GMT-0700,113.95200000000001,113.818,0.1,0.1
30.03.2021 07:10:01.863 GMT-0700,113.882,113.818,0.0008,0.1
30.03.2021 07:10:01.913 GMT-0700,113.95299999999999,113.74700000000001,0.1,0.1
30.03.2021 07:10:01.964 GMT-0700,113.963,113.73700000000001,0.1,0.1
30.03.2021 07:10:02.745 GMT-0700,113.853,113.73700000000001,0.1,0.1
30.03.2021 07:10:02.815 GMT-0700,113.963,113.73700000000001,0.1,0.1
30.03.2021 07:10:03.046 GMT-0700,113.912,113.738,0.075,0.1
30.03.2021 07:10:04.585 GMT-0700,113.84200000000001,113.738,0.075,0.1
30.03.2021 07:10:04.635 GMT-0700,113.912,113.738,0.1,0.1
30.03.2021 07:10:04.690 GMT-0700,113.90299999999999,113.73700000000001,0.0008,0.1
30.03.2021 07:10:04.740 GMT-0700,113.912,113.738,0.1,0.1
30.03.2021 07:10:05.218 GMT-0700,113.833,113.73700000000001,0.0008,0.1
30.03.2021 07:10:05.268 GMT-0700,113.912,113.738,0.1,0.1
