Local time,Ask,Bid,AskVolume,BidVolume
31.03.2021 06:30:02.086 GMT-0700,116.42200000000001,115.948,0.1,0.1
31.03.2021 06:30:39.366 GMT-0700,116.29200000000002,115.958,0.1,0.075
31.03.2021 06:30:40.765 GMT-0700,116.273,115.95700000000001,0.075,0.1
31.03.2021 06:30:43.061 GMT-0700,116.26200000000001,115.958,0.075,0.1
31.03.2021 06:30:43.111 GMT-0700,116.29200000000002,115.958,0.1,0.1
31.03.2021 06:30:43.220 GMT-0700,116.26200000000001,115.958,0.075,0.1
31.03.2021 06:30:46.688 GMT-0700,116.29299999999999,115.95700000000001,0.1,0.1
31.03.2021 06:30:46.845 GMT-0700,116.253,115.95700000000001,0.0008,0.1
31.03.2021 06:30:46.895 GMT-0700,116.29200000000002,115.958,0.1,0.1
31.03.2021 06:30:47.122 GMT-0700,116.25200000000001,115.958,0.1,0.1
31.03.2021 06:30:47.174 GMT-0700,116.29299999999999,115.95700000000001,0.1,0.1
31.03.2021 06:30:48.244 GMT-0700,116.253,115.95700000000001,0.075,0.1
31.03.2021 06:30:50.784 GMT-0700,116.29200000000002,115.958,0.1,0.1
31.03.2021 06:30:51.571 GMT-0700,116.25200000000001,115.958,0.0008,0.1
31.03.2021 06:30:51.995 GMT-0700,116.29299999999999,115.95700000000001,0.1,0.1
31.03.2021 06:30:52.188 GMT-0700,116.25200000000001,115.958,0.1,0.1
31.03.2021 06:30:52.505 GMT-0700,116.29200000000002,115.958,0.1,0.1
31.03.2021 06:30:52.560 GMT-0700,116.25200000000001,115.958,0.0008,0.1
31.03.2021 06:30:52.670 GMT-0700,116.29299999999999,115.95700000000001,0.1,0.1
31.03.2021 06:30:52.928 GMT-0700,116.253,115.95700000000001,0.1,0.1
31.03.2021 06:30:52.979 GMT-0700,116.29299999999999,115.95700000000001,0.1,0.1
31.03.2021 06:30:56.286 GMT-0700,116.253,115.95700000000001,0.1,0.1
31.03.2021 06:30:56.336 GMT-0700,116.29200000000002,115.958,0.1,0.1
31.03.2021 06:30:59.098 GMT-0700,116.25200000000001,115.958,0.0008,0.1
31.03.2021 06:30:59.149 GMT-0700,116.29299999999999,115.95700000000001,0.1,0.1
31.03.2021 06:31:00.340 GMT-0700,116.253,115.95700000000001,0.0008,0.1
31.03.2021 06:31:00.390 GMT-0700,116.29299999999999,115.95700000000001,0.1,0.1
31.03.2021 06:31:00.441 GMT-0700,116.25200000000001,115.958,0.1,0.1
31.03.2021 06:31:00.491 GMT-0700,116.29299999999999,115.95700000000001,0.1,0.1
31.03.2021 06:31:01.075 GMT-0700,116.253,115.95700000000001,0.0008,0.1
31.03.2021 06:31:04.114 GMT-0700,116.242,115.958,0.1,0.1
31.03.2021 06:31:04.222 GMT-0700,116.29200000000002,115.958,0.1,0.1
31.03.2021 06:31:05.111 GMT-0700,116.242,115.958,0.0008,0.1
31.03.2021 06:31:05.221 GMT-0700,116.23200000000001,115.958,0.0008,0.1
31.03.2021 06:31:05.389 GMT-0700,116.29299999999999,115.95700000000001,0.1,0.1
31.03.2021 06:31:07.017 GMT-0700,116.242,115.958,0.1,0.1
31.03.2021 06:31:07.335 GMT-0700,116.29200000000002,115.958,0.1,0.1
31.03.2021 06:31:07.385 GMT-0700,116.243,115.95700000000001,0.1,0.1
31.03.2021 06:31:07.574 GMT-0700,116.253,115.95700000000001,0.1,0.1
31.03.2021 06:31:07.737 GMT-0700,116.29200000000002,115.958,0.1,0.1
31.03.2021 06:31:08.179 GMT-0700,116.23299999999999,115.95700000000001,0.1,0.1
31.03.2021 06:31:08.230 GMT-0700,116.25200000000001,115.958,0.1,0.1
31.03.2021 06:31:08.368 GMT-0700,116.29299999999999,115.95700000000001,0.1,0.1
31.03.2021 06:31:08.418 GMT-0700,116.253,115.95700000000001,0.1,0.1
31.03.2021 06:31:08.568 GMT-0700,116.29299999999999,115.95700000000001,0.1,0.1
31.03.2021 06:31:09.302 GMT-0700,116.253,115.95700000000001,0.0008,0.1
31.03.2021 06:31:09.475 GMT-0700,116.29200000000002,115.958,0.1,0.1
31.03.2021 06:31:09.560 GMT-0700,116.25200000000001,115.958,0.1,0.1
31.03.2021 06:31:09.868 GMT-0700,116.25200000000001,115.96799999999999,0.1,0.075
31.03.2021 06:31:09.969 GMT-0700,116.243,115.95700000000001,0.1,0.1
31.03.2021 06:31:10.019 GMT-0700,116.29299999999999,115.95700000000001,0.1,0.1
31.03.2021 06:31:10.078 GMT-0700,116.25200000000001,115.958,0.075,0.1
31.03.2021 06:31:10.178 GMT-0700,116.29200000000002,115.958,0.1,0.1
31.03.2021 06:31:11.238 GMT-0700,116.29200000000002,115.96799999999999,0.1,0.0008
31.03.2021 06:31:11.289 GMT-0700,116.29200000000002,115.958,0.1,0.1
31.03.2021 06:31:11.352 GMT-0700,116.242,115.958,0.1,0.1
31.03.2021 06:31:11.445 GMT-0700,116.29299999999999,115.95700000000001,0.1,0.1
31.03.2021 06:31:13.317 GMT-0700,116.242,115.958,0.1,0.1
31.03.2021 06:31:13.479 GMT-0700,116.29200000000002,116.148,0.1,0.1
31.03.2021 06:31:14.152 GMT-0700,116.23200000000001,116.148,0.075,0.1
31.03.2021 06:31:14.287 GMT-0700,116.29299999999999,116.147,0.1,0.1
31.03.2021 06:31:22.149 GMT-0700,116.29200000000002,116.008,0.1,0.1
31.03.2021 06:31:22.265 GMT-0700,116.29299999999999,115.99700000000001,0.1,0.1
31.03.2021 06:31:32.293 GMT-0700,116.283,115.99700000000001,0.1,0.1
31.03.2021 06:31:32.343 GMT-0700,116.29299999999999,115.99700000000001,0.1,0.1
31.03.2021 06:31:53.073 GMT-0700,116.29200000000002,116.008,0.1,0.075
31.03.2021 06:31:53.208 GMT-0700,116.29299999999999,115.99700000000001,0.1,0.1
31.03.2021 06:31:54.050 GMT-0700,116.283,115.99700000000001,0.0008,0.1
31.03.2021 06:31:54.185 GMT-0700,116.29200000000002,115.99799999999999,0.1,0.1
31.03.2021 06:31:54.682 GMT-0700,116.163,115.99700000000001,0.0008,0.1
31.03.2021 06:31:56.979 GMT-0700,116.162,115.758,0.1,0.1
31.03.2021 06:32:04.490 GMT-0700,116.15299999999999,115.76700000000001,0.0008,0.0008
31.03.2021 06:32:04.540 GMT-0700,116.15299999999999,115.757,0.1,0.1
31.03.2021 06:32:05.377 GMT-0700,116.12200000000001,115.758,0.075,0.1
31.03.2021 06:32:19.091 GMT-0700,116.12200000000001,115.99799999999999,0.1,0.1
31.03.2021 06:32:21.073 GMT-0700,116.163,115.98700000000001,0.1,0.1
31.03.2021 06:32:21.285 GMT-0700,116.01200000000001,115.98200000000001,0.0008,0.075
31.03.2021 06:32:21.335 GMT-0700,116.01200000000001,115.768,0.1,0.1
31.03.2021 06:32:21.614 GMT-0700,116.163,115.80700000000002,0.1,0.0008
31.03.2021 06:32:22.087 GMT-0700,116.03200000000001,115.818,0.0008,0.0008
31.03.2021 06:32:22.138 GMT-0700,116.162,115.80799999999999,0.1,0.1
31.03.2021 06:32:22.674 GMT-0700,116.102,115.80799999999999,0.075,0.1
31.03.2021 06:32:24.982 GMT-0700,116.103,115.81700000000001,0.1,0.0008
31.03.2021 06:32:25.288 GMT-0700,116.102,115.80799999999999,0.1,0.1
31.03.2021 06:32:27.074 GMT-0700,116.103,115.87700000000001,0.1,0.1
31.03.2021 06:32:27.125 GMT-0700,116.103,115.80700000000002,0.1,0.1
31.03.2021 06:32:30.214 GMT-0700,116.033,115.80700000000002,0.075,0.1
31.03.2021 06:32:30.401 GMT-0700,116.103,115.80700000000002,0.1,0.1
31.03.2021 06:32:32.181 GMT-0700,116.09299999999999,115.81700000000001,0.0008,0.0008
31.03.2021 06:32:32.282 GMT-0700,116.103,115.80700000000002,0.1,0.1
31.03.2021 06:32:32.365 GMT-0700,116.04200000000002,115.80799999999999,0.075,0.1
31.03.2021 06:32:32.502 GMT-0700,116.102,115.80799999999999,0.1,0.1
31.03.2021 06:32:32.909 GMT-0700,116.053,115.80700000000002,0.0008,0.1
31.03.2021 06:32:35.396 GMT-0700,116.103,115.80700000000002,0.1,0.1
31.03.2021 06:32:35.446 GMT-0700,116.053,115.80700000000002,0.1,0.1
31.03.2021 06:32:37.225 GMT-0700,116.103,115.80700000000002,0.1,0.1
31.03.2021 06:32:37.336 GMT-0700,116.053,115.80700000000002,0.0008,0.1
31.03.2021 06:32:37.386 GMT-0700,116.103,115.80700000000002,0.1,0.1
31.03.2021 06:32:37.479 GMT-0700,116.052,115.80799999999999,0.1,0.1
31.03.2021 06:32:38.243 GMT-0700,116.102,115.80799999999999,0.1,0.1
31.03.2021 06:32:38.663 GMT-0700,116.04299999999999,115.80700000000002,0.075,0.1
31.03.2021 06:32:39.302 GMT-0700,116.04299999999999,115.867,0.1,0.075
31.03.2021 06:32:39.890 GMT-0700,116.103,115.867,0.1,0.1
31.03.2021 06:32:41.684 GMT-0700,115.94200000000001,115.868,0.0008,0.075
31.03.2021 06:32:41.734 GMT-0700,116.103,115.80700000000002,0.1,0.1
31.03.2021 06:32:41.830 GMT-0700,115.98200000000001,115.80799999999999,0.075,0.1
31.03.2021 06:32:42.580 GMT-0700,115.97200000000001,115.80799999999999,0.1,0.1
31.03.2021 06:32:42.697 GMT-0700,115.963,115.80700000000002,0.075,0.1
31.03.2021 06:32:43.742 GMT-0700,115.97200000000001,115.80799999999999,0.1,0.1
31.03.2021 06:32:50.155 GMT-0700,115.943,115.80700000000002,0.075,0.1
31.03.2021 06:32:53.603 GMT-0700,115.962,115.568,0.1,0.1
31.03.2021 06:32:53.726 GMT-0700,115.992,115.548,0.1,0.1
31.03.2021 06:32:53.897 GMT-0700,115.87299999999999,115.54700000000001,0.1,0.1
31.03.2021 06:32:54.494 GMT-0700,115.87299999999999,115.63700000000001,0.1,0.075
31.03.2021 06:33:04.351 GMT-0700,115.86200000000001,115.648,0.075,0.075
31.03.2021 06:33:04.401 GMT-0700,115.87200000000001,115.648,0.1,0.1
31.03.2021 06:33:05.198 GMT-0700,115.852,115.648,0.075,0.075
31.03.2021 06:33:05.249 GMT-0700,115.87299999999999,115.63700000000001,0.1,0.1
31.03.2021 06:33:05.344 GMT-0700,115.87200000000001,115.77799999999999,0.0008,0.075
31.03.2021 06:33:05.394 GMT-0700,115.94200000000001,115.63799999999999,0.1,0.1
31.03.2021 06:33:05.878 GMT-0700,115.94200000000001,115.648,0.1,0.0008
31.03.2021 06:33:07.771 GMT-0700,115.94200000000001,115.658,0.1,0.0008
31.03.2021 06:33:09.472 GMT-0700,115.94200000000001,115.85799999999999,0.075,0.0008
31.03.2021 06:33:10.092 GMT-0700,116.12200000000001,115.63799999999999,0.1,0.1
31.03.2021 06:33:10.541 GMT-0700,116.023,115.63700000000001,0.1,0.1
31.03.2021 06:33:10.592 GMT-0700,116.12200000000001,115.63799999999999,0.1,0.1
31.03.2021 06:33:10.754 GMT-0700,116.03200000000001,115.63799999999999,0.0008,0.1
31.03.2021 06:33:10.804 GMT-0700,116.11200000000001,115.648,0.1,0.1
31.03.2021 06:33:10.920 GMT-0700,116.12299999999999,115.63700000000001,0.1,0.1
31.03.2021 06:33:11.673 GMT-0700,115.963,115.63700000000001,0.0008,0.1
31.03.2021 06:33:11.834 GMT-0700,116.12200000000001,115.63799999999999,0.1,0.1
31.03.2021 06:33:16.380 GMT-0700,116.12299999999999,115.81700000000001,0.1,0.075
31.03.2021 06:33:17.730 GMT-0700,115.98299999999999,115.81700000000001,0.075,0.1
31.03.2021 06:33:17.780 GMT-0700,116.12200000000001,115.818,0.1,0.1
31.03.2021 06:33:18.380 GMT-0700,115.993,115.81700000000001,0.0008,0.1
31.03.2021 06:33:18.430 GMT-0700,116.12299999999999,115.81700000000001,0.1,0.1
31.03.2021 06:33:18.485 GMT-0700,115.973,115.81700000000001,0.0008,0.1
31.03.2021 06:33:18.960 GMT-0700,116.12200000000001,115.818,0.1,0.1
31.03.2021 06:33:20.487 GMT-0700,116.11200000000001,115.818,0.0008,0.1
31.03.2021 06:33:20.538 GMT-0700,116.12299999999999,115.63700000000001,0.1,0.1
31.03.2021 06:33:21.603 GMT-0700,116.11200000000001,115.648,0.1,0.1
31.03.2021 06:33:21.784 GMT-0700,116.12200000000001,115.63799999999999,0.1,0.1
31.03.2021 06:33:21.841 GMT-0700,116.06200000000001,115.63799999999999,0.1,0.1
31.03.2021 06:33:21.891 GMT-0700,116.12299999999999,115.63700000000001,0.1,0.1
31.03.2021 06:33:25.385 GMT-0700,116.12200000000001,115.728,0.1,0.0008
31.03.2021 06:33:26.911 GMT-0700,116.12200000000001,115.63799999999999,0.1,0.1
31.03.2021 06:33:27.872 GMT-0700,116.12200000000001,115.728,0.1,0.0008
31.03.2021 06:33:34.865 GMT-0700,115.993,115.727,0.0008,0.1
31.03.2021 06:33:35.869 GMT-0700,115.992,115.63799999999999,0.1,0.1
31.03.2021 06:33:36.860 GMT-0700,115.992,115.728,0.1,0.0008
31.03.2021 06:33:40.106 GMT-0700,115.992,115.738,0.1,0.1
31.03.2021 06:33:40.156 GMT-0700,115.992,115.728,0.1,0.1
31.03.2021 06:33:40.843 GMT-0700,115.992,115.738,0.1,0.0008
31.03.2021 06:33:40.893 GMT-0700,115.992,115.728,0.1,0.1
31.03.2021 06:33:41.429 GMT-0700,115.992,115.738,0.1,0.075
31.03.2021 06:33:41.556 GMT-0700,115.992,115.728,0.1,0.1
31.03.2021 06:33:45.214 GMT-0700,115.993,115.80700000000002,0.1,0.075
31.03.2021 06:33:51.773 GMT-0700,115.992,115.71799999999999,0.1,0.1
31.03.2021 06:33:52.336 GMT-0700,115.992,115.77799999999999,0.1,0.1
31.03.2021 06:33:59.018 GMT-0700,115.94200000000001,115.77799999999999,0.1,0.1
31.03.2021 06:34:00.092 GMT-0700,115.993,115.77700000000002,0.1,0.1
31.03.2021 06:34:00.174 GMT-0700,115.98299999999999,115.647,0.1,0.1
31.03.2021 06:34:01.128 GMT-0700,115.92200000000001,115.63799999999999,0.075,0.1
31.03.2021 06:34:01.768 GMT-0700,115.92200000000001,115.648,0.1,0.0008
31.03.2021 06:34:02.309 GMT-0700,115.92200000000001,115.74799999999999,0.1,0.0008
31.03.2021 06:34:02.788 GMT-0700,115.992,115.74799999999999,0.1,0.1
31.03.2021 06:34:08.433 GMT-0700,115.98299999999999,115.74700000000001,0.0008,0.1
31.03.2021 06:34:08.533 GMT-0700,115.992,115.74799999999999,0.1,0.1
31.03.2021 06:34:08.584 GMT-0700,115.92200000000001,115.74799999999999,0.1,0.1
31.03.2021 06:34:08.634 GMT-0700,115.992,115.74799999999999,0.1,0.1
31.03.2021 06:34:08.735 GMT-0700,115.993,115.63700000000001,0.1,0.1
31.03.2021 06:34:08.920 GMT-0700,115.923,115.63700000000001,0.1,0.1
31.03.2021 06:34:10.445 GMT-0700,115.923,115.647,0.075,0.0008
31.03.2021 06:34:10.496 GMT-0700,115.98200000000001,115.648,0.1,0.1
31.03.2021 06:34:12.222 GMT-0700,115.993,115.647,0.1,0.1
31.03.2021 06:34:12.617 GMT-0700,115.993,115.63700000000001,0.1,0.1
31.03.2021 06:34:12.676 GMT-0700,115.92200000000001,115.63799999999999,0.075,0.1
31.03.2021 06:34:28.856 GMT-0700,115.923,115.647,0.1,0.0008
31.03.2021 06:34:32.741 GMT-0700,115.95299999999999,115.65700000000001,0.1,0.1
31.03.2021 06:34:33.040 GMT-0700,115.95299999999999,115.63700000000001,0.1,0.1
31.03.2021 06:34:33.941 GMT-0700,115.95299999999999,115.697,0.1,0.1
31.03.2021 06:34:34.133 GMT-0700,115.92200000000001,115.698,0.0008,0.1
31.03.2021 06:34:34.183 GMT-0700,115.95200000000001,115.698,0.1,0.1
31.03.2021 06:34:34.336 GMT-0700,115.92200000000001,115.698,0.075,0.1
31.03.2021 06:34:35.450 GMT-0700,115.79299999999999,115.697,0.075,0.0008
31.03.2021 06:34:35.501 GMT-0700,115.943,115.647,0.1,0.1
31.03.2021 06:34:35.551 GMT-0700,115.86200000000001,115.648,0.1,0.1
31.03.2021 06:34:38.500 GMT-0700,115.86200000000001,115.63799999999999,0.1,0.1
31.03.2021 06:34:51.281 GMT-0700,115.863,115.647,0.1,0.0008
31.03.2021 06:34:57.358 GMT-0700,115.86200000000001,115.658,0.1,0.0008
31.03.2021 06:34:59.157 GMT-0700,115.863,115.66700000000002,0.1,0.0008
31.03.2021 06:34:59.257 GMT-0700,115.993,115.867,0.1,0.1
31.03.2021 06:35:00.126 GMT-0700,115.992,115.898,0.0008,0.075
31.03.2021 06:35:00.176 GMT-0700,116.12200000000001,115.868,0.1,0.1
31.03.2021 06:35:00.846 GMT-0700,116.113,115.867,0.0008,0.1
31.03.2021 06:35:00.946 GMT-0700,116.12299999999999,115.867,0.1,0.1
31.03.2021 06:35:00.997 GMT-0700,116.162,115.868,0.1,0.1
31.03.2021 06:35:01.160 GMT-0700,116.022,115.868,0.075,0.1
31.03.2021 06:35:01.211 GMT-0700,116.162,115.868,0.1,0.1
31.03.2021 06:35:02.306 GMT-0700,116.15299999999999,115.867,0.075,0.1
31.03.2021 06:35:02.357 GMT-0700,116.163,115.867,0.1,0.1
31.03.2021 06:35:02.974 GMT-0700,116.162,115.798,0.1,0.1
31.03.2021 06:35:03.024 GMT-0700,116.163,115.927,0.1,0.1
31.03.2021 06:35:04.029 GMT-0700,116.163,115.79700000000001,0.1,0.1
31.03.2021 06:35:04.079 GMT-0700,116.162,115.93799999999999,0.1,0.1
31.03.2021 06:35:04.672 GMT-0700,116.072,115.93799999999999,0.0008,0.1
31.03.2021 06:35:04.723 GMT-0700,116.162,115.93799999999999,0.1,0.1
31.03.2021 06:35:05.138 GMT-0700,116.15299999999999,115.93700000000001,0.0008,0.1
31.03.2021 06:35:05.243 GMT-0700,116.162,115.93799999999999,0.1,0.1
31.03.2021 06:35:05.550 GMT-0700,116.083,115.93700000000001,0.0008,0.1
31.03.2021 06:35:09.425 GMT-0700,116.162,115.93799999999999,0.1,0.1
31.03.2021 06:35:09.758 GMT-0700,116.15299999999999,115.93700000000001,0.075,0.1
31.03.2021 06:35:09.871 GMT-0700,116.162,115.93799999999999,0.1,0.1
31.03.2021 06:35:13.489 GMT-0700,116.162,115.85799999999999,0.1,0.1
31.03.2021 06:35:13.561 GMT-0700,116.163,115.91700000000002,0.1,0.0008
31.03.2021 06:35:16.012 GMT-0700,116.162,115.85799999999999,0.1,0.1
31.03.2021 06:35:17.784 GMT-0700,116.173,115.85700000000001,0.1,0.1
31.03.2021 06:35:17.897 GMT-0700,116.09200000000001,115.85799999999999,0.075,0.1
31.03.2021 06:35:18.156 GMT-0700,116.09299999999999,115.98700000000001,0.1,0.075
31.03.2021 06:35:18.383 GMT-0700,116.173,115.98700000000001,0.1,0.1
31.03.2021 06:35:20.224 GMT-0700,116.19200000000001,115.948,0.1,0.1
31.03.2021 06:35:20.275 GMT-0700,116.19200000000001,116.018,0.1,0.1
31.03.2021 06:35:20.419 GMT-0700,116.12299999999999,116.01700000000001,0.1,0.1
31.03.2021 06:35:20.683 GMT-0700,116.19200000000001,116.018,0.1,0.1
31.03.2021 06:35:22.938 GMT-0700,116.31299999999999,116.01700000000001,0.1,0.1
31.03.2021 06:35:24.716 GMT-0700,116.132,116.018,0.075,0.1
31.03.2021 06:35:29.157 GMT-0700,116.03200000000001,116.008,0.1,0.1
31.03.2021 06:35:29.207 GMT-0700,116.022,115.798,0.1,0.1
31.03.2021 06:35:29.277 GMT-0700,116.022,115.82799999999999,0.1,0.1
31.03.2021 06:35:29.495 GMT-0700,116.173,115.82700000000001,0.1,0.1
31.03.2021 06:35:29.603 GMT-0700,116.12200000000001,115.82799999999999,0.075,0.1
31.03.2021 06:35:29.810 GMT-0700,116.04200000000002,115.82799999999999,0.0008,0.1
31.03.2021 06:35:30.033 GMT-0700,116.12299999999999,115.82700000000001,0.1,0.1
31.03.2021 06:35:30.083 GMT-0700,116.04299999999999,115.82700000000001,0.1,0.1
31.03.2021 06:35:30.190 GMT-0700,116.113,115.82700000000001,0.1,0.1
31.03.2021 06:35:31.482 GMT-0700,116.00200000000001,115.82799999999999,0.1,0.1
31.03.2021 06:35:31.601 GMT-0700,115.963,115.82700000000001,0.0008,0.075
31.03.2021 06:35:31.651 GMT-0700,116.113,115.79700000000001,0.1,0.1
31.03.2021 06:35:31.709 GMT-0700,115.923,115.79700000000001,0.075,0.1
31.03.2021 06:35:31.995 GMT-0700,115.87200000000001,115.798,0.0008,0.075
31.03.2021 06:35:32.045 GMT-0700,115.92200000000001,115.68799999999999,0.1,0.1
31.03.2021 06:35:33.943 GMT-0700,115.912,115.68799999999999,0.0008,0.1
31.03.2021 06:35:34.763 GMT-0700,115.923,115.68700000000001,0.1,0.1
31.03.2021 06:35:40.109 GMT-0700,115.92200000000001,115.698,0.1,0.0008
31.03.2021 06:35:40.262 GMT-0700,115.92200000000001,115.68799999999999,0.1,0.1
31.03.2021 06:35:40.503 GMT-0700,115.923,115.80700000000002,0.1,0.0008
31.03.2021 06:35:42.137 GMT-0700,115.913,115.80700000000002,0.1,0.1
31.03.2021 06:35:42.460 GMT-0700,115.912,115.68799999999999,0.1,0.1
31.03.2021 06:35:44.062 GMT-0700,115.913,115.697,0.1,0.075
31.03.2021 06:35:44.163 GMT-0700,115.913,115.68700000000001,0.1,0.1
31.03.2021 06:35:44.447 GMT-0700,115.87200000000001,115.68799999999999,0.075,0.1
31.03.2021 06:35:46.815 GMT-0700,115.87299999999999,115.697,0.1,0.1
31.03.2021 06:35:47.328 GMT-0700,115.913,115.68700000000001,0.1,0.1
31.03.2021 06:35:47.379 GMT-0700,115.882,115.68799999999999,0.1,0.1
31.03.2021 06:35:47.722 GMT-0700,115.882,115.788,0.0008,0.075
31.03.2021 06:35:47.772 GMT-0700,115.913,115.787,0.1,0.1
31.03.2021 06:35:52.342 GMT-0700,115.90299999999999,115.65700000000001,0.1,0.1
31.03.2021 06:35:52.396 GMT-0700,115.90299999999999,115.73700000000001,0.075,0.0008
31.03.2021 06:35:52.446 GMT-0700,115.913,115.73700000000001,0.1,0.1
31.03.2021 06:35:59.135 GMT-0700,115.853,115.73700000000001,0.1,0.1
31.03.2021 06:36:00.934 GMT-0700,115.852,115.74799999999999,0.1,0.1
31.03.2021 06:36:05.922 GMT-0700,115.803,115.74700000000001,0.0008,0.075
31.03.2021 06:36:05.972 GMT-0700,115.84299999999999,115.54700000000001,0.1,0.1
31.03.2021 06:36:06.022 GMT-0700,115.783,115.54700000000001,0.1,0.1
31.03.2021 06:36:06.228 GMT-0700,115.853,115.54700000000001,0.1,0.1
31.03.2021 06:36:06.287 GMT-0700,115.773,115.54700000000001,0.075,0.1
31.03.2021 06:36:06.905 GMT-0700,115.723,115.54700000000001,0.0008,0.1
31.03.2021 06:36:06.956 GMT-0700,115.773,115.54700000000001,0.1,0.1
31.03.2021 06:36:10.929 GMT-0700,115.76200000000001,115.548,0.1,0.1
31.03.2021 06:36:11.211 GMT-0700,115.772,115.548,0.1,0.1
31.03.2021 06:36:11.261 GMT-0700,115.742,115.55799999999999,0.1,0.1
31.03.2021 06:36:11.311 GMT-0700,115.772,115.548,0.1,0.1
31.03.2021 06:36:11.362 GMT-0700,115.772,115.658,0.1,0.1
31.03.2021 06:36:11.466 GMT-0700,115.75200000000001,115.658,0.075,0.1
31.03.2021 06:36:11.516 GMT-0700,115.773,115.52700000000002,0.1,0.1
31.03.2021 06:36:13.642 GMT-0700,115.68200000000002,115.52799999999999,0.075,0.1
31.03.2021 06:36:13.962 GMT-0700,115.773,115.52700000000002,0.1,0.1
31.03.2021 06:36:15.729 GMT-0700,115.772,115.46799999999999,0.1,0.1
31.03.2021 06:36:16.069 GMT-0700,115.772,115.478,0.1,0.1
31.03.2021 06:36:19.993 GMT-0700,115.69200000000001,115.478,0.1,0.1
31.03.2021 06:36:33.732 GMT-0700,115.693,115.48700000000001,0.1,0.0008
31.03.2021 06:36:41.246 GMT-0700,115.613,115.48700000000001,0.075,0.0008
31.03.2021 06:36:41.297 GMT-0700,115.773,115.46700000000001,0.1,0.1
31.03.2021 06:36:41.447 GMT-0700,115.772,115.55799999999999,0.1,0.1
31.03.2021 06:36:41.598 GMT-0700,115.773,115.46700000000001,0.1,0.1
31.03.2021 06:36:43.143 GMT-0700,115.662,115.46799999999999,0.0008,0.1
31.03.2021 06:36:43.656 GMT-0700,115.663,115.477,0.1,0.0008
31.03.2021 06:36:45.404 GMT-0700,115.772,115.398,0.1,0.1
31.03.2021 06:36:45.454 GMT-0700,115.773,115.477,0.1,0.1
31.03.2021 06:36:45.757 GMT-0700,115.783,115.477,0.1,0.1
31.03.2021 06:36:48.508 GMT-0700,115.772,115.478,0.0008,0.1
31.03.2021 06:36:48.954 GMT-0700,115.78200000000001,115.478,0.1,0.1
31.03.2021 06:36:49.446 GMT-0700,115.632,115.478,0.075,0.1
31.03.2021 06:36:51.123 GMT-0700,115.632,115.41799999999999,0.1,0.1
31.03.2021 06:36:56.504 GMT-0700,115.62200000000001,115.41799999999999,0.075,0.0008
31.03.2021 06:36:56.555 GMT-0700,115.633,115.38700000000001,0.1,0.1
31.03.2021 06:36:56.687 GMT-0700,115.53200000000001,115.38799999999999,0.075,0.1
31.03.2021 06:37:05.543 GMT-0700,115.48299999999999,115.38700000000001,0.0008,0.075
31.03.2021 06:37:05.593 GMT-0700,115.533,115.30700000000002,0.1,0.1
31.03.2021 06:37:05.644 GMT-0700,115.533,115.29700000000001,0.1,0.1
31.03.2021 06:37:05.945 GMT-0700,115.522,115.298,0.075,0.1
31.03.2021 06:37:07.691 GMT-0700,115.522,115.30799999999999,0.1,0.0008
31.03.2021 06:37:11.473 GMT-0700,115.473,115.38700000000001,0.0008,0.075
31.03.2021 06:37:11.523 GMT-0700,115.51299999999999,115.31700000000001,0.1,0.1
31.03.2021 06:37:13.505 GMT-0700,115.51200000000001,115.32799999999999,0.1,0.0008
31.03.2021 06:37:13.661 GMT-0700,115.51200000000001,115.318,0.1,0.1
31.03.2021 06:37:15.021 GMT-0700,115.51200000000001,115.32799999999999,0.1,0.0008
31.03.2021 06:37:15.121 GMT-0700,115.51200000000001,115.318,0.1,0.1
31.03.2021 06:37:26.489 GMT-0700,115.51299999999999,115.32700000000001,0.1,0.1
31.03.2021 06:37:26.786 GMT-0700,115.51200000000001,115.318,0.1,0.1
31.03.2021 06:37:33.912 GMT-0700,115.51200000000001,115.32799999999999,0.1,0.1
31.03.2021 06:37:33.962 GMT-0700,115.51200000000001,115.30799999999999,0.1,0.1
31.03.2021 06:37:36.921 GMT-0700,115.51200000000001,115.298,0.1,0.1
31.03.2021 06:37:37.930 GMT-0700,115.51299999999999,115.30700000000002,0.1,0.0008
31.03.2021 06:37:38.031 GMT-0700,115.51200000000001,115.298,0.1,0.1
31.03.2021 06:37:38.894 GMT-0700,115.523,115.29700000000001,0.1,0.1
31.03.2021 06:37:41.811 GMT-0700,115.523,115.30700000000002,0.1,0.075
31.03.2021 06:37:42.049 GMT-0700,115.522,115.298,0.1,0.1
31.03.2021 06:37:44.941 GMT-0700,115.47200000000001,115.298,0.075,0.1
31.03.2021 06:37:46.284 GMT-0700,115.522,115.298,0.1,0.1
31.03.2021 06:37:47.950 GMT-0700,115.51200000000001,115.298,0.075,0.1
31.03.2021 06:37:48.001 GMT-0700,115.522,115.298,0.1,0.1
31.03.2021 06:37:57.961 GMT-0700,115.443,115.29700000000001,0.1,0.1
31.03.2021 06:38:00.871 GMT-0700,115.44200000000001,115.398,0.075,0.0008
31.03.2021 06:38:00.921 GMT-0700,115.522,115.398,0.1,0.1
31.03.2021 06:38:01.061 GMT-0700,115.693,115.54700000000001,0.1,0.0008
31.03.2021 06:38:01.112 GMT-0700,115.783,115.447,0.1,0.1
31.03.2021 06:38:01.871 GMT-0700,115.773,115.45700000000001,0.1,0.1
31.03.2021 06:38:01.921 GMT-0700,115.783,115.447,0.1,0.1
31.03.2021 06:38:02.654 GMT-0700,115.62299999999999,115.447,0.0008,0.1
31.03.2021 06:38:02.755 GMT-0700,115.783,115.447,0.1,0.1
31.03.2021 06:38:02.900 GMT-0700,115.772,115.548,0.1,0.1
31.03.2021 06:38:02.950 GMT-0700,115.783,115.447,0.1,0.1
31.03.2021 06:38:03.116 GMT-0700,115.643,115.447,0.0008,0.1
31.03.2021 06:38:04.357 GMT-0700,115.783,115.447,0.1,0.1
31.03.2021 06:38:14.916 GMT-0700,115.773,115.45700000000001,0.075,0.075
31.03.2021 06:38:15.133 GMT-0700,115.783,115.45700000000001,0.1,0.1
31.03.2021 06:38:15.933 GMT-0700,115.78200000000001,115.448,0.1,0.1
31.03.2021 06:38:18.102 GMT-0700,115.772,115.458,0.075,0.075
31.03.2021 06:38:18.533 GMT-0700,115.78200000000001,115.448,0.1,0.1
31.03.2021 06:38:20.123 GMT-0700,115.773,115.45700000000001,0.075,0.075
31.03.2021 06:38:20.174 GMT-0700,115.783,115.447,0.1,0.1
31.03.2021 06:38:20.771 GMT-0700,115.663,115.447,0.0008,0.1
31.03.2021 06:38:20.821 GMT-0700,115.783,115.447,0.1,0.1
31.03.2021 06:38:21.084 GMT-0700,115.662,115.448,0.0008,0.1
31.03.2021 06:38:21.185 GMT-0700,115.783,115.447,0.1,0.1
31.03.2021 06:38:22.938 GMT-0700,115.662,115.448,0.1,0.1
31.03.2021 06:38:23.411 GMT-0700,115.783,115.447,0.1,0.1
31.03.2021 06:38:24.085 GMT-0700,115.663,115.447,0.1,0.1
31.03.2021 06:38:24.677 GMT-0700,115.783,115.447,0.1,0.1
31.03.2021 06:38:25.933 GMT-0700,115.772,115.458,0.075,0.075
31.03.2021 06:38:25.983 GMT-0700,115.78200000000001,115.448,0.1,0.1
31.03.2021 06:38:41.867 GMT-0700,115.773,115.45700000000001,0.1,0.1
31.03.2021 06:38:42.377 GMT-0700,115.783,115.447,0.1,0.1
31.03.2021 06:38:43.802 GMT-0700,115.773,115.45700000000001,0.0008,0.0008
31.03.2021 06:38:43.902 GMT-0700,115.783,115.447,0.1,0.1
31.03.2021 06:38:47.007 GMT-0700,115.68200000000002,115.448,0.0008,0.1
31.03.2021 06:38:49.257 GMT-0700,115.68200000000002,115.458,0.1,0.1
31.03.2021 06:39:07.066 GMT-0700,115.68299999999999,115.46700000000001,0.1,0.0008
31.03.2021 06:39:07.578 GMT-0700,115.68299999999999,115.447,0.1,0.1
31.03.2021 06:39:09.915 GMT-0700,115.67200000000001,115.458,0.0008,0.0008
31.03.2021 06:39:10.971 GMT-0700,115.62299999999999,115.447,0.075,0.1
31.03.2021 06:39:11.022 GMT-0700,115.65299999999999,115.447,0.1,0.1
31.03.2021 06:39:12.882 GMT-0700,115.62299999999999,115.447,0.1,0.1
31.03.2021 06:39:13.291 GMT-0700,115.65200000000002,115.448,0.1,0.1
31.03.2021 06:39:22.966 GMT-0700,115.632,115.448,0.1,0.1
31.03.2021 06:39:29.785 GMT-0700,115.54299999999999,115.31700000000001,0.1,0.1
31.03.2021 06:39:29.898 GMT-0700,115.54200000000002,115.30799999999999,0.1,0.1
31.03.2021 06:39:30.224 GMT-0700,115.54200000000002,115.298,0.1,0.1
31.03.2021 06:39:30.274 GMT-0700,115.48299999999999,115.29700000000001,0.1,0.1
31.03.2021 06:39:30.688 GMT-0700,115.44200000000001,115.298,0.0008,0.1
31.03.2021 06:39:30.739 GMT-0700,115.48299999999999,115.27700000000002,0.1,0.1
31.03.2021 06:39:32.530 GMT-0700,115.48299999999999,115.287,0.1,0.0008
31.03.2021 06:39:32.731 GMT-0700,115.48200000000001,115.27799999999999,0.1,0.1
31.03.2021 06:39:35.854 GMT-0700,115.45200000000001,115.27799999999999,0.075,0.1
31.03.2021 06:39:37.494 GMT-0700,115.412,115.27799999999999,0.0008,0.075
31.03.2021 06:39:37.545 GMT-0700,115.45299999999999,115.257,0.1,0.1
31.03.2021 06:39:37.679 GMT-0700,115.45299999999999,115.227,0.1,0.1
31.03.2021 06:39:37.729 GMT-0700,115.45200000000001,115.268,0.1,0.1
31.03.2021 06:39:37.831 GMT-0700,115.45299999999999,115.227,0.1,0.1
31.03.2021 06:39:37.979 GMT-0700,115.45200000000001,115.268,0.1,0.0008
31.03.2021 06:39:38.190 GMT-0700,115.423,115.26700000000001,0.1,0.1
31.03.2021 06:39:39.070 GMT-0700,115.42200000000001,115.228,0.1,0.1
31.03.2021 06:39:39.142 GMT-0700,115.423,115.26700000000001,0.0008,0.075
31.03.2021 06:39:39.192 GMT-0700,115.45200000000001,115.268,0.1,0.1
31.03.2021 06:39:40.671 GMT-0700,115.412,115.268,0.0008,0.1
31.03.2021 06:39:41.887 GMT-0700,115.412,115.238,0.1,0.1
31.03.2021 06:39:50.251 GMT-0700,115.37299999999999,115.23700000000001,0.0008,0.075
31.03.2021 06:39:50.301 GMT-0700,115.413,115.117,0.1,0.1
31.03.2021 06:39:53.272 GMT-0700,115.352,115.118,0.1,0.1
31.03.2021 06:39:53.404 GMT-0700,115.352,115.128,0.1,0.1
31.03.2021 06:39:53.455 GMT-0700,115.353,115.117,0.1,0.1
31.03.2021 06:40:00.582 GMT-0700,115.353,115.12700000000001,0.1,0.075
31.03.2021 06:40:00.737 GMT-0700,115.34200000000001,115.128,0.1,0.1
31.03.2021 06:40:02.997 GMT-0700,115.34299999999999,115.23700000000001,0.075,0.0008
31.03.2021 06:40:03.047 GMT-0700,115.352,115.238,0.1,0.1
31.03.2021 06:40:08.697 GMT-0700,115.352,115.337,0.075,0.0008
31.03.2021 06:40:08.750 GMT-0700,115.413,115.30700000000002,0.1,0.1
31.03.2021 06:40:08.850 GMT-0700,115.393,115.23700000000001,0.1,0.1
31.03.2021 06:40:08.900 GMT-0700,115.413,115.27700000000002,0.1,0.1
31.03.2021 06:40:09.130 GMT-0700,115.413,115.287,0.1,0.075
31.03.2021 06:40:13.151 GMT-0700,115.413,115.27700000000002,0.1,0.1
31.03.2021 06:40:16.106 GMT-0700,115.412,115.298,0.1,0.0008
31.03.2021 06:40:22.101 GMT-0700,115.413,115.27700000000002,0.1,0.1
31.03.2021 06:40:22.512 GMT-0700,115.413,115.287,0.1,0.0008
31.03.2021 06:40:22.701 GMT-0700,115.413,115.27700000000002,0.1,0.1
31.03.2021 06:40:22.804 GMT-0700,115.412,115.338,0.075,0.0008
31.03.2021 06:40:22.855 GMT-0700,115.53200000000001,115.338,0.1,0.1
31.03.2021 06:40:23.206 GMT-0700,115.54200000000002,115.378,0.1,0.0008
31.03.2021 06:40:24.198 GMT-0700,115.54299999999999,115.427,0.1,0.0008
31.03.2021 06:40:24.248 GMT-0700,115.67200000000001,115.378,0.1,0.1
31.03.2021 06:40:25.106 GMT-0700,115.662,115.38799999999999,0.1,0.1
31.03.2021 06:40:25.242 GMT-0700,115.673,115.37700000000001,0.1,0.1
31.03.2021 06:40:36.867 GMT-0700,115.663,115.38700000000001,0.075,0.075
31.03.2021 06:40:37.058 GMT-0700,115.67200000000001,115.35799999999999,0.1,0.1
31.03.2021 06:40:37.677 GMT-0700,115.673,115.43700000000001,0.1,0.0008
31.03.2021 06:40:43.671 GMT-0700,115.662,115.43799999999999,0.0008,0.1
31.03.2021 06:40:43.772 GMT-0700,115.67200000000001,115.43799999999999,0.1,0.1
31.03.2021 06:40:45.210 GMT-0700,115.51299999999999,115.43799999999999,0.0008,0.1
31.03.2021 06:40:45.311 GMT-0700,115.503,115.35700000000001,0.1,0.1
31.03.2021 06:40:45.472 GMT-0700,115.503,115.32700000000001,0.1,0.1
31.03.2021 06:40:46.243 GMT-0700,115.633,115.32700000000001,0.1,0.1
31.03.2021 06:40:49.145 GMT-0700,115.62299999999999,115.337,0.1,0.1
31.03.2021 06:40:49.279 GMT-0700,115.632,115.338,0.1,0.1
31.03.2021 06:40:51.481 GMT-0700,115.633,115.32700000000001,0.1,0.1
31.03.2021 06:41:00.406 GMT-0700,115.632,115.35799999999999,0.075,0.0008
31.03.2021 06:41:00.456 GMT-0700,115.673,115.35700000000001,0.1,0.1
31.03.2021 06:41:01.237 GMT-0700,115.633,115.35700000000001,0.0008,0.1
31.03.2021 06:41:10.981 GMT-0700,115.62200000000001,115.35799999999999,0.075,0.1
31.03.2021 06:41:11.329 GMT-0700,115.633,115.35700000000001,0.1,0.1
31.03.2021 06:41:11.463 GMT-0700,115.633,115.367,0.1,0.1
31.03.2021 06:41:11.743 GMT-0700,115.633,115.35700000000001,0.1,0.1
31.03.2021 06:41:15.143 GMT-0700,115.493,115.35700000000001,0.1,0.1
31.03.2021 06:41:15.330 GMT-0700,115.492,115.32799999999999,0.1,0.1
31.03.2021 06:41:16.204 GMT-0700,115.633,115.32700000000001,0.1,0.1
31.03.2021 06:41:16.254 GMT-0700,115.62299999999999,115.337,0.1,0.1
31.03.2021 06:41:16.305 GMT-0700,115.632,115.338,0.1,0.1
31.03.2021 06:41:17.509 GMT-0700,115.632,115.32799999999999,0.1,0.1
31.03.2021 06:41:19.241 GMT-0700,115.633,115.337,0.1,0.1
31.03.2021 06:41:19.401 GMT-0700,115.633,115.32700000000001,0.1,0.1
31.03.2021 06:41:32.445 GMT-0700,115.56299999999999,115.32700000000001,0.075,0.1
31.03.2021 06:41:37.831 GMT-0700,115.56299999999999,115.337,0.1,0.1
31.03.2021 06:41:47.387 GMT-0700,115.56200000000001,115.32799999999999,0.1,0.1
31.03.2021 06:41:49.239 GMT-0700,115.56299999999999,115.337,0.1,0.0008
31.03.2021 06:41:49.471 GMT-0700,115.56200000000001,115.32799999999999,0.1,0.1
31.03.2021 06:41:51.373 GMT-0700,115.56299999999999,115.23700000000001,0.1,0.1
31.03.2021 06:41:53.261 GMT-0700,115.572,115.238,0.1,0.1
31.03.2021 06:41:55.149 GMT-0700,115.572,115.378,0.1,0.075
31.03.2021 06:41:55.199 GMT-0700,115.51299999999999,115.24700000000001,0.1,0.1
31.03.2021 06:41:55.250 GMT-0700,115.67200000000001,115.238,0.1,0.1
31.03.2021 06:42:02.417 GMT-0700,115.663,115.24700000000001,0.1,0.1
31.03.2021 06:42:02.631 GMT-0700,115.67200000000001,115.238,0.1,0.1
31.03.2021 06:42:04.164 GMT-0700,115.663,115.24700000000001,0.0008,0.0008
31.03.2021 06:42:04.425 GMT-0700,115.673,115.23700000000001,0.1,0.1
31.03.2021 06:42:04.809 GMT-0700,115.662,115.238,0.1,0.1
31.03.2021 06:42:04.970 GMT-0700,115.65200000000002,115.238,0.0008,0.1
31.03.2021 06:42:05.276 GMT-0700,115.663,115.23700000000001,0.1,0.1
31.03.2021 06:42:05.854 GMT-0700,115.673,115.23700000000001,0.1,0.1
31.03.2021 06:42:09.427 GMT-0700,115.662,115.238,0.1,0.1
31.03.2021 06:42:09.554 GMT-0700,115.67200000000001,115.238,0.1,0.1
31.03.2021 06:42:11.314 GMT-0700,115.663,115.23700000000001,0.0008,0.1
31.03.2021 06:42:15.062 GMT-0700,115.305,115.238,0.0008,0.075
31.03.2021 06:42:15.113 GMT-0700,115.37299999999999,115.09700000000001,0.1,0.1
31.03.2021 06:42:15.197 GMT-0700,115.37299999999999,115.21700000000001,0.1,0.0008
31.03.2021 06:42:15.247 GMT-0700,115.37200000000001,115.098,0.1,0.1
31.03.2021 06:42:18.733 GMT-0700,115.34200000000001,115.098,0.1,0.1
31.03.2021 06:42:22.749 GMT-0700,115.302,115.098,0.075,0.1
31.03.2021 06:42:31.630 GMT-0700,115.56200000000001,115.21799999999999,0.1,0.1
31.03.2021 06:42:31.684 GMT-0700,115.45299999999999,115.21700000000001,0.0008,0.1
31.03.2021 06:42:32.734 GMT-0700,115.45299999999999,115.09700000000001,0.1,0.1
31.03.2021 06:42:33.971 GMT-0700,115.44200000000001,115.10799999999999,0.1,0.1
31.03.2021 06:42:34.057 GMT-0700,115.45200000000001,115.098,0.1,0.1
31.03.2021 06:42:35.260 GMT-0700,115.443,115.30700000000002,0.075,0.075
31.03.2021 06:42:35.310 GMT-0700,115.533,115.30700000000002,0.1,0.1
31.03.2021 06:42:35.389 GMT-0700,115.533,115.29700000000001,0.1,0.1
31.03.2021 06:42:35.440 GMT-0700,115.603,115.29700000000001,0.1,0.1
31.03.2021 06:42:38.786 GMT-0700,115.59200000000001,115.10799999999999,0.0008,0.0008
31.03.2021 06:42:39.033 GMT-0700,115.603,115.10700000000001,0.1,0.1
31.03.2021 06:42:39.541 GMT-0700,115.53200000000001,115.38799999999999,0.075,0.075
31.03.2021 06:42:39.591 GMT-0700,115.533,115.26700000000001,0.1,0.1
31.03.2021 06:42:40.744 GMT-0700,115.59200000000001,115.268,0.1,0.1
31.03.2021 06:42:40.951 GMT-0700,115.59299999999999,115.27700000000002,0.1,0.075
31.03.2021 06:42:41.002 GMT-0700,115.602,115.27799999999999,0.1,0.1
31.03.2021 06:42:41.063 GMT-0700,115.603,115.337,0.1,0.1
31.03.2021 06:42:41.932 GMT-0700,115.602,115.348,0.1,0.075
31.03.2021 06:42:41.983 GMT-0700,115.603,115.337,0.1,0.1
31.03.2021 06:42:43.439 GMT-0700,115.603,115.34700000000001,0.1,0.0008
31.03.2021 06:42:43.539 GMT-0700,115.603,115.337,0.1,0.1
31.03.2021 06:42:43.688 GMT-0700,115.67200000000001,115.338,0.1,0.1
31.03.2021 06:42:43.890 GMT-0700,115.64200000000001,115.338,0.075,0.1
31.03.2021 06:42:44.701 GMT-0700,115.643,115.34700000000001,0.1,0.0008
31.03.2021 06:42:44.898 GMT-0700,115.643,115.337,0.1,0.1
31.03.2021 06:42:46.144 GMT-0700,115.643,115.34700000000001,0.1,0.1
31.03.2021 06:42:46.284 GMT-0700,115.64200000000001,115.338,0.1,0.1
31.03.2021 06:42:47.266 GMT-0700,115.64200000000001,115.348,0.1,0.075
31.03.2021 06:42:47.633 GMT-0700,115.64200000000001,115.338,0.1,0.1
31.03.2021 06:42:56.455 GMT-0700,115.59299999999999,115.337,0.075,0.1
31.03.2021 06:42:58.280 GMT-0700,115.59299999999999,115.34700000000001,0.1,0.1
31.03.2021 06:42:58.375 GMT-0700,115.59299999999999,115.337,0.1,0.1
31.03.2021 06:43:00.081 GMT-0700,115.59299999999999,115.34700000000001,0.1,0.1
31.03.2021 06:43:00.182 GMT-0700,115.553,115.337,0.1,0.1
31.03.2021 06:43:05.121 GMT-0700,115.54200000000002,115.338,0.1,0.1
31.03.2021 06:43:19.245 GMT-0700,115.54299999999999,115.397,0.1,0.1
31.03.2021 06:43:21.472 GMT-0700,115.54299999999999,115.34700000000001,0.1,0.1
31.03.2021 06:43:21.579 GMT-0700,115.54299999999999,115.337,0.1,0.1
31.03.2021 06:43:23.639 GMT-0700,115.54299999999999,115.46700000000001,0.0008,0.075
31.03.2021 06:43:23.690 GMT-0700,115.663,115.397,0.1,0.1
31.03.2021 06:43:23.791 GMT-0700,115.67200000000001,115.398,0.1,0.1
31.03.2021 06:43:26.153 GMT-0700,115.663,115.397,0.1,0.1
31.03.2021 06:43:26.361 GMT-0700,115.673,115.397,0.1,0.1
31.03.2021 06:43:27.915 GMT-0700,115.662,115.398,0.1,0.1
31.03.2021 06:43:28.077 GMT-0700,115.67200000000001,115.398,0.1,0.1
31.03.2021 06:43:28.818 GMT-0700,115.662,115.408,0.075,0.075
31.03.2021 06:43:28.868 GMT-0700,115.67200000000001,115.398,0.1,0.1
31.03.2021 06:43:29.318 GMT-0700,115.59200000000001,115.398,0.075,0.1
31.03.2021 06:43:34.351 GMT-0700,115.59299999999999,115.48700000000001,0.075,0.0008
31.03.2021 06:43:34.402 GMT-0700,115.663,115.48700000000001,0.1,0.1
31.03.2021 06:43:35.232 GMT-0700,115.662,115.408,0.0008,0.0008
31.03.2021 06:43:35.283 GMT-0700,115.673,115.397,0.1,0.1
31.03.2021 06:43:36.160 GMT-0700,115.603,115.397,0.1,0.1
31.03.2021 06:43:38.792 GMT-0700,115.603,115.40700000000001,0.1,0.1
31.03.2021 06:43:38.928 GMT-0700,115.602,115.398,0.1,0.1
31.03.2021 06:43:41.649 GMT-0700,115.67200000000001,115.398,0.1,0.1
31.03.2021 06:43:42.182 GMT-0700,115.602,115.398,0.075,0.1
31.03.2021 06:43:46.427 GMT-0700,115.602,115.408,0.0008,0.075
31.03.2021 06:43:46.477 GMT-0700,115.663,115.40700000000001,0.1,0.1
31.03.2021 06:43:46.592 GMT-0700,115.673,115.397,0.1,0.1
31.03.2021 06:43:46.643 GMT-0700,115.523,115.397,0.075,0.0008
31.03.2021 06:43:46.693 GMT-0700,115.523,115.337,0.1,0.1
31.03.2021 06:43:46.744 GMT-0700,115.64200000000001,115.338,0.1,0.1
31.03.2021 06:43:50.056 GMT-0700,115.59200000000001,115.338,0.1,0.1
31.03.2021 06:43:52.270 GMT-0700,115.583,115.337,0.0008,0.1
31.03.2021 06:43:52.436 GMT-0700,115.59200000000001,115.338,0.1,0.1
31.03.2021 06:43:53.816 GMT-0700,115.58200000000001,115.338,0.1,0.1
31.03.2021 06:43:53.957 GMT-0700,115.64200000000001,115.338,0.1,0.1
31.03.2021 06:43:54.027 GMT-0700,115.51200000000001,115.338,0.075,0.1
31.03.2021 06:43:54.078 GMT-0700,115.643,115.337,0.1,0.1
31.03.2021 06:44:00.170 GMT-0700,115.51200000000001,115.338,0.1,0.1
31.03.2021 06:44:00.490 GMT-0700,115.632,115.338,0.1,0.1
31.03.2021 06:44:00.974 GMT-0700,115.64200000000001,115.338,0.1,0.1
31.03.2021 06:44:03.705 GMT-0700,115.633,115.337,0.0008,0.1
31.03.2021 06:44:03.806 GMT-0700,115.643,115.337,0.1,0.1
31.03.2021 06:44:03.904 GMT-0700,115.51299999999999,115.337,0.0008,0.1
31.03.2021 06:44:09.390 GMT-0700,115.64200000000001,115.338,0.1,0.1
31.03.2021 06:44:10.828 GMT-0700,115.51200000000001,115.338,0.0008,0.1
31.03.2021 06:44:16.099 GMT-0700,115.64200000000001,115.338,0.1,0.1
31.03.2021 06:44:18.998 GMT-0700,115.51200000000001,115.338,0.0008,0.1
31.03.2021 06:44:19.317 GMT-0700,115.64200000000001,115.338,0.1,0.1
31.03.2021 06:44:19.487 GMT-0700,115.51299999999999,115.337,0.0008,0.1
31.03.2021 06:44:20.759 GMT-0700,115.64200000000001,115.338,0.1,0.1
31.03.2021 06:44:20.883 GMT-0700,115.51200000000001,115.338,0.075,0.1
31.03.2021 06:44:23.636 GMT-0700,115.64200000000001,115.338,0.1,0.1
31.03.2021 06:44:28.967 GMT-0700,115.632,115.338,0.075,0.1
31.03.2021 06:44:29.326 GMT-0700,115.643,115.337,0.1,0.1
31.03.2021 06:44:33.429 GMT-0700,115.633,115.337,0.0008,0.1
31.03.2021 06:44:33.838 GMT-0700,115.64200000000001,115.338,0.1,0.1
31.03.2021 06:44:37.060 GMT-0700,115.533,115.337,0.0008,0.1
31.03.2021 06:44:44.685 GMT-0700,115.53200000000001,115.348,0.1,0.075
31.03.2021 06:44:45.111 GMT-0700,115.53200000000001,115.338,0.1,0.1
31.03.2021 06:44:46.643 GMT-0700,115.533,115.40700000000001,0.1,0.075
31.03.2021 06:44:53.575 GMT-0700,115.53200000000001,115.458,0.075,0.0008
31.03.2021 06:44:53.625 GMT-0700,115.59200000000001,115.408,0.1,0.1
31.03.2021 06:44:53.683 GMT-0700,115.533,115.40700000000001,0.0008,0.1
31.03.2021 06:44:53.784 GMT-0700,115.59200000000001,115.408,0.1,0.1
31.03.2021 06:44:53.834 GMT-0700,115.583,115.40700000000001,0.1,0.1
31.03.2021 06:44:54.349 GMT-0700,115.58200000000001,115.38799999999999,0.1,0.1
31.03.2021 06:44:54.543 GMT-0700,115.59299999999999,115.38700000000001,0.1,0.1
31.03.2021 06:44:58.805 GMT-0700,115.59200000000001,115.41799999999999,0.1,0.0008
31.03.2021 06:45:03.098 GMT-0700,115.54299999999999,115.41700000000002,0.0008,0.1
31.03.2021 06:45:04.826 GMT-0700,115.42200000000001,115.375,0.075,0.0008
31.03.2021 06:45:04.877 GMT-0700,115.54200000000002,115.10799999999999,0.1,0.1
31.03.2021 06:45:04.954 GMT-0700,115.54299999999999,115.197,0.1,0.075
31.03.2021 06:45:05.821 GMT-0700,115.522,115.198,0.075,0.1
31.03.2021 06:45:06.277 GMT-0700,115.54299999999999,115.197,0.1,0.1
31.03.2021 06:45:06.808 GMT-0700,115.522,115.198,0.0008,0.1
31.03.2021 06:45:06.908 GMT-0700,115.54200000000002,115.198,0.1,0.1
31.03.2021 06:45:07.701 GMT-0700,115.48200000000001,115.198,0.1,0.1
31.03.2021 06:45:07.856 GMT-0700,115.48299999999999,115.32700000000001,0.1,0.0008
31.03.2021 06:45:09.028 GMT-0700,115.48299999999999,115.337,0.1,0.0008
31.03.2021 06:45:09.631 GMT-0700,115.48299999999999,115.34700000000001,0.1,0.1
31.03.2021 06:45:11.551 GMT-0700,115.382,115.348,0.075,0.0008
31.03.2021 06:45:11.602 GMT-0700,115.48299999999999,115.20700000000001,0.1,0.1
31.03.2021 06:45:13.637 GMT-0700,115.552,115.208,0.1,0.1
31.03.2021 06:45:22.683 GMT-0700,115.493,115.20700000000001,0.0008,0.075
31.03.2021 06:45:22.733 GMT-0700,115.493,115.197,0.1,0.1
31.03.2021 06:45:26.320 GMT-0700,115.45200000000001,115.198,0.075,0.1
31.03.2021 06:45:26.421 GMT-0700,115.492,115.198,0.1,0.1
31.03.2021 06:45:26.500 GMT-0700,115.45299999999999,115.197,0.0008,0.1
31.03.2021 06:45:26.550 GMT-0700,115.492,115.198,0.1,0.1
31.03.2021 06:45:26.771 GMT-0700,115.493,115.20700000000001,0.1,0.1
31.03.2021 06:45:26.940 GMT-0700,115.493,115.197,0.1,0.1
31.03.2021 06:45:26.990 GMT-0700,115.45200000000001,115.198,0.1,0.1
31.03.2021 06:45:29.453 GMT-0700,115.492,115.198,0.1,0.1
31.03.2021 06:45:29.503 GMT-0700,115.45200000000001,115.198,0.1,0.1
31.03.2021 06:45:29.554 GMT-0700,115.493,115.197,0.1,0.1
31.03.2021 06:45:29.604 GMT-0700,115.45299999999999,115.197,0.1,0.1
31.03.2021 06:45:29.961 GMT-0700,115.492,115.198,0.1,0.1
31.03.2021 06:45:37.383 GMT-0700,115.493,115.20700000000001,0.1,0.1
31.03.2021 06:45:37.519 GMT-0700,115.493,115.197,0.1,0.1
31.03.2021 06:45:37.968 GMT-0700,115.412,115.198,0.1,0.1
31.03.2021 06:45:40.494 GMT-0700,115.493,115.197,0.1,0.1
31.03.2021 06:45:41.915 GMT-0700,115.48200000000001,115.208,0.1,0.1
31.03.2021 06:45:42.056 GMT-0700,115.353,115.197,0.1,0.1
31.03.2021 06:45:42.523 GMT-0700,115.34200000000001,115.068,0.1,0.1
31.03.2021 06:45:46.205 GMT-0700,115.26200000000001,115.068,0.0008,0.1
31.03.2021 06:45:46.255 GMT-0700,115.34299999999999,115.07700000000001,0.1,0.1
31.03.2021 06:45:57.633 GMT-0700,115.34299999999999,115.06700000000001,0.0008,0.1
31.03.2021 06:45:57.684 GMT-0700,115.352,115.068,0.1,0.1
31.03.2021 06:45:59.224 GMT-0700,115.34299999999999,115.07700000000001,0.1,0.1
31.03.2021 06:45:59.274 GMT-0700,115.353,115.07700000000001,0.1,0.1
31.03.2021 06:46:02.837 GMT-0700,115.22200000000001,115.07799999999999,0.1,0.1
31.03.2021 06:46:02.887 GMT-0700,115.31200000000001,114.93799999999999,0.1,0.1
31.03.2021 06:46:03.472 GMT-0700,115.19200000000001,114.93799999999999,0.0008,0.1
31.03.2021 06:46:03.522 GMT-0700,115.31299999999999,114.93700000000001,0.1,0.1
31.03.2021 06:46:04.211 GMT-0700,115.22200000000001,114.93799999999999,0.075,0.1
31.03.2021 06:46:04.370 GMT-0700,115.31200000000001,114.93799999999999,0.1,0.1
31.03.2021 06:46:05.903 GMT-0700,115.303,114.947,0.075,0.075
31.03.2021 06:46:06.081 GMT-0700,115.31200000000001,114.93799999999999,0.1,0.1
31.03.2021 06:46:07.088 GMT-0700,115.212,114.93799999999999,0.075,0.1
31.03.2021 06:46:08.831 GMT-0700,115.31299999999999,114.93700000000001,0.1,0.1
31.03.2021 06:46:09.054 GMT-0700,115.212,114.93799999999999,0.1,0.1
31.03.2021 06:46:09.833 GMT-0700,115.31299999999999,114.93700000000001,0.1,0.1
31.03.2021 06:46:11.816 GMT-0700,115.23299999999999,114.93700000000001,0.1,0.1
31.03.2021 06:46:13.205 GMT-0700,115.31299999999999,115.18700000000001,0.1,0.1
31.03.2021 06:46:13.412 GMT-0700,115.29299999999999,115.18700000000001,0.1,0.1
31.03.2021 06:46:14.636 GMT-0700,115.29299999999999,115.07700000000001,0.1,0.1
31.03.2021 06:46:15.491 GMT-0700,115.31200000000001,115.07799999999999,0.1,0.1
31.03.2021 06:46:16.019 GMT-0700,115.29200000000002,115.07799999999999,0.0008,0.1
31.03.2021 06:46:16.277 GMT-0700,115.31200000000001,115.07799999999999,0.1,0.1
31.03.2021 06:46:16.732 GMT-0700,115.29200000000002,115.07799999999999,0.1,0.1
31.03.2021 06:46:17.066 GMT-0700,115.31200000000001,115.07799999999999,0.1,0.1
31.03.2021 06:46:20.291 GMT-0700,115.29299999999999,115.07700000000001,0.1,0.1
31.03.2021 06:46:20.341 GMT-0700,115.31299999999999,115.07700000000001,0.1,0.1
31.03.2021 06:46:21.705 GMT-0700,115.31200000000001,115.088,0.1,0.1
31.03.2021 06:46:21.755 GMT-0700,115.31299999999999,115.07700000000001,0.1,0.1
31.03.2021 06:46:21.926 GMT-0700,115.29299999999999,115.07700000000001,0.1,0.1
31.03.2021 06:46:25.256 GMT-0700,115.29200000000002,115.088,0.0008,0.075
31.03.2021 06:46:25.306 GMT-0700,115.31299999999999,115.087,0.1,0.1
31.03.2021 06:46:25.357 GMT-0700,115.31299999999999,115.07700000000001,0.1,0.1
31.03.2021 06:46:25.556 GMT-0700,115.29200000000002,115.07799999999999,0.1,0.1
31.03.2021 06:46:25.902 GMT-0700,115.26200000000001,115.07799999999999,0.075,0.1
31.03.2021 06:46:25.952 GMT-0700,115.29299999999999,115.07700000000001,0.1,0.1
31.03.2021 06:46:27.097 GMT-0700,115.26200000000001,115.07799999999999,0.1,0.1
31.03.2021 06:46:27.147 GMT-0700,115.29200000000002,115.07799999999999,0.1,0.1
31.03.2021 06:46:27.972 GMT-0700,115.31200000000001,115.07799999999999,0.1,0.1
31.03.2021 06:46:28.115 GMT-0700,115.26299999999999,115.07700000000001,0.1,0.1
31.03.2021 06:46:30.419 GMT-0700,115.31200000000001,115.07799999999999,0.1,0.1
31.03.2021 06:46:30.565 GMT-0700,115.26200000000001,115.07799999999999,0.075,0.1
31.03.2021 06:46:33.651 GMT-0700,115.26200000000001,115.088,0.1,0.075
31.03.2021 06:46:33.985 GMT-0700,115.26200000000001,115.07799999999999,0.1,0.1
31.03.2021 06:46:39.306 GMT-0700,115.26299999999999,115.087,0.1,0.1
31.03.2021 06:46:39.596 GMT-0700,115.26200000000001,115.07799999999999,0.1,0.1
31.03.2021 06:46:40.135 GMT-0700,115.31200000000001,115.07799999999999,0.1,0.1
31.03.2021 06:46:40.507 GMT-0700,115.26200000000001,115.07799999999999,0.075,0.1
31.03.2021 06:46:40.622 GMT-0700,115.26299999999999,115.087,0.1,0.1
31.03.2021 06:46:40.739 GMT-0700,115.26299999999999,115.07700000000001,0.1,0.1
31.03.2021 06:46:42.546 GMT-0700,115.302,115.07799999999999,0.1,0.1
31.03.2021 06:46:42.651 GMT-0700,115.31299999999999,115.07700000000001,0.1,0.1
31.03.2021 06:46:43.994 GMT-0700,115.31299999999999,115.197,0.1,0.075
31.03.2021 06:46:44.045 GMT-0700,115.31299999999999,115.18700000000001,0.1,0.1
31.03.2021 06:46:44.149 GMT-0700,115.31200000000001,115.10799999999999,0.1,0.1
31.03.2021 06:46:44.204 GMT-0700,115.31299999999999,115.24700000000001,0.075,0.0008
31.03.2021 06:46:44.255 GMT-0700,115.48299999999999,115.10700000000001,0.1,0.1
31.03.2021 06:46:44.467 GMT-0700,115.40200000000002,115.10799999999999,0.0008,0.1
31.03.2021 06:46:44.567 GMT-0700,115.493,115.10700000000001,0.1,0.1
31.03.2021 06:46:44.618 GMT-0700,115.492,115.098,0.1,0.1
31.03.2021 06:46:46.864 GMT-0700,115.40200000000002,115.098,0.075,0.1
31.03.2021 06:46:52.908 GMT-0700,115.40299999999999,115.10700000000001,0.1,0.1
31.03.2021 06:46:56.478 GMT-0700,115.40200000000002,115.118,0.1,0.1
31.03.2021 06:47:00.116 GMT-0700,115.40299999999999,115.09700000000001,0.1,0.1
31.03.2021 06:47:01.076 GMT-0700,115.40200000000002,115.10799999999999,0.1,0.0008
31.03.2021 06:47:01.126 GMT-0700,115.40200000000002,115.098,0.1,0.1
31.03.2021 06:47:01.185 GMT-0700,115.383,115.09700000000001,0.0008,0.1
31.03.2021 06:47:01.235 GMT-0700,115.40299999999999,115.09700000000001,0.1,0.1
31.03.2021 06:47:01.285 GMT-0700,115.382,115.098,0.1,0.1
31.03.2021 06:47:01.888 GMT-0700,115.493,115.09700000000001,0.1,0.1
31.03.2021 06:47:02.485 GMT-0700,115.382,115.098,0.0008,0.1
31.03.2021 06:47:03.947 GMT-0700,115.493,115.09700000000001,0.1,0.1
31.03.2021 06:47:07.313 GMT-0700,115.353,115.09700000000001,0.0008,0.1
31.03.2021 06:47:07.442 GMT-0700,115.352,115.10799999999999,0.1,0.1
31.03.2021 06:47:07.603 GMT-0700,115.352,115.098,0.1,0.1
31.03.2021 06:47:07.786 GMT-0700,115.34200000000001,115.098,0.1,0.1
31.03.2021 06:47:07.837 GMT-0700,115.352,115.098,0.1,0.1
31.03.2021 06:47:07.888 GMT-0700,115.322,115.098,0.0008,0.1
31.03.2021 06:47:09.769 GMT-0700,115.352,115.098,0.1,0.1
31.03.2021 06:47:09.928 GMT-0700,115.34299999999999,115.10700000000001,0.075,0.075
31.03.2021 06:47:10.095 GMT-0700,115.34200000000001,115.098,0.1,0.1
31.03.2021 06:47:12.262 GMT-0700,115.22200000000001,115.098,0.1,0.1
31.03.2021 06:47:12.313 GMT-0700,115.302,115.07799999999999,0.1,0.1
31.03.2021 06:47:13.357 GMT-0700,115.302,115.118,0.0008,0.0008
31.03.2021 06:47:13.408 GMT-0700,115.31200000000001,115.07799999999999,0.1,0.1
31.03.2021 06:47:18.266 GMT-0700,115.31200000000001,115.088,0.1,0.075
31.03.2021 06:47:18.524 GMT-0700,115.31299999999999,115.07700000000001,0.1,0.1
31.03.2021 06:47:21.120 GMT-0700,115.26200000000001,115.07799999999999,0.075,0.1
31.03.2021 06:47:28.971 GMT-0700,115.25200000000001,115.07799999999999,0.0008,0.1
31.03.2021 06:47:30.196 GMT-0700,115.26299999999999,115.07700000000001,0.1,0.1
31.03.2021 06:47:31.233 GMT-0700,115.253,115.07700000000001,0.075,0.0008
31.03.2021 06:47:31.283 GMT-0700,115.26200000000001,114.93799999999999,0.1,0.1
31.03.2021 06:47:31.340 GMT-0700,115.26200000000001,115.068,0.1,0.075
31.03.2021 06:47:31.441 GMT-0700,115.26200000000001,114.93799999999999,0.1,0.1
31.03.2021 06:47:31.777 GMT-0700,115.31200000000001,115.05799999999999,0.1,0.1
31.03.2021 06:47:31.932 GMT-0700,115.213,115.05700000000002,0.1,0.1
31.03.2021 06:47:32.206 GMT-0700,115.213,114.93700000000001,0.1,0.1
31.03.2021 06:47:32.634 GMT-0700,115.143,114.947,0.1,0.1
31.03.2021 06:47:32.685 GMT-0700,115.212,114.93799999999999,0.1,0.1
31.03.2021 06:47:34.954 GMT-0700,115.212,115.048,0.1,0.0008
31.03.2021 06:47:38.479 GMT-0700,115.213,114.93700000000001,0.1,0.1
31.03.2021 06:47:38.656 GMT-0700,115.213,115.037,0.1,0.075
31.03.2021 06:47:38.707 GMT-0700,115.212,114.93799999999999,0.1,0.1
31.03.2021 06:47:38.931 GMT-0700,115.212,115.038,0.1,0.0008
31.03.2021 06:47:42.972 GMT-0700,115.212,114.93799999999999,0.1,0.1
31.03.2021 06:47:43.092 GMT-0700,115.213,115.037,0.1,0.1
31.03.2021 06:47:43.255 GMT-0700,115.212,114.93799999999999,0.1,0.1
31.03.2021 06:47:43.369 GMT-0700,115.31200000000001,114.93799999999999,0.1,0.1
31.03.2021 06:47:43.419 GMT-0700,115.18299999999999,114.93700000000001,0.1,0.1
31.03.2021 06:47:43.525 GMT-0700,115.18200000000002,115.038,0.1,0.1
31.03.2021 06:47:44.929 GMT-0700,115.18200000000002,114.948,0.1,0.1
31.03.2021 06:47:55.538 GMT-0700,115.18200000000002,114.958,0.1,0.0008
31.03.2021 06:47:57.514 GMT-0700,115.18299999999999,114.96700000000001,0.1,0.1
31.03.2021 06:47:57.647 GMT-0700,115.18299999999999,114.95700000000001,0.1,0.1
31.03.2021 06:47:59.994 GMT-0700,115.18299999999999,115.15,0.0008,0.075
31.03.2021 06:48:00.044 GMT-0700,115.303,115.15700000000001,0.1,0.1
31.03.2021 06:48:00.414 GMT-0700,115.31200000000001,115.198,0.1,0.0008
31.03.2021 06:48:00.465 GMT-0700,115.492,115.238,0.1,0.1
31.03.2021 06:48:00.532 GMT-0700,115.493,115.16700000000002,0.1,0.1
31.03.2021 06:48:01.413 GMT-0700,115.492,115.05799999999999,0.1,0.1
31.03.2021 06:48:03.523 GMT-0700,115.492,115.118,0.1,0.1
31.03.2021 06:48:08.532 GMT-0700,115.272,115.128,0.0008,0.0008
31.03.2021 06:48:08.582 GMT-0700,115.363,115.117,0.1,0.1
31.03.2021 06:48:09.715 GMT-0700,115.26200000000001,115.118,0.075,0.1
31.03.2021 06:48:09.765 GMT-0700,115.353,115.05700000000002,0.1,0.1
31.03.2021 06:48:09.816 GMT-0700,115.36200000000001,115.05799999999999,0.1,0.1
31.03.2021 06:48:09.866 GMT-0700,115.36200000000001,115.068,0.1,0.1
31.03.2021 06:48:10.080 GMT-0700,115.363,115.07700000000001,0.1,0.075
31.03.2021 06:48:10.180 GMT-0700,115.363,115.06700000000001,0.1,0.1
31.03.2021 06:48:12.233 GMT-0700,115.352,115.068,0.0008,0.1
31.03.2021 06:48:12.333 GMT-0700,115.36200000000001,115.068,0.1,0.1
31.03.2021 06:48:18.578 GMT-0700,115.352,115.068,0.1,0.1
31.03.2021 06:48:18.781 GMT-0700,115.36200000000001,115.068,0.1,0.1
31.03.2021 06:48:20.703 GMT-0700,115.353,115.06700000000001,0.075,0.1
31.03.2021 06:48:21.076 GMT-0700,115.363,115.06700000000001,0.1,0.1
31.03.2021 06:48:25.418 GMT-0700,115.353,115.06700000000001,0.075,0.1
31.03.2021 06:48:25.528 GMT-0700,115.36200000000001,115.068,0.1,0.1
31.03.2021 06:48:27.169 GMT-0700,115.29200000000002,115.068,0.1,0.1
31.03.2021 06:48:29.245 GMT-0700,115.363,115.06700000000001,0.1,0.1
31.03.2021 06:48:32.693 GMT-0700,115.29200000000002,115.068,0.1,0.1
31.03.2021 06:48:37.177 GMT-0700,115.36200000000001,115.068,0.1,0.1
31.03.2021 06:48:37.301 GMT-0700,115.353,115.07700000000001,0.1,0.1
31.03.2021 06:48:37.439 GMT-0700,115.36200000000001,115.068,0.1,0.1
31.03.2021 06:48:37.499 GMT-0700,115.29200000000002,115.068,0.0008,0.1
31.03.2021 06:48:39.828 GMT-0700,115.363,115.06700000000001,0.1,0.1
31.03.2021 06:48:39.881 GMT-0700,115.29200000000002,115.068,0.1,0.1
31.03.2021 06:48:49.460 GMT-0700,115.29299999999999,115.07700000000001,0.1,0.075
31.03.2021 06:48:49.828 GMT-0700,115.29200000000002,115.068,0.1,0.1
31.03.2021 06:48:50.480 GMT-0700,115.36200000000001,115.068,0.1,0.1
31.03.2021 06:48:50.591 GMT-0700,115.29299999999999,115.06700000000001,0.075,0.1
31.03.2021 06:48:52.132 GMT-0700,115.29299999999999,115.07700000000001,0.1,0.075
31.03.2021 06:48:52.431 GMT-0700,115.36200000000001,115.068,0.1,0.1
31.03.2021 06:48:54.168 GMT-0700,115.26200000000001,115.068,0.075,0.1
31.03.2021 06:48:54.467 GMT-0700,115.212,115.068,0.075,0.1
31.03.2021 06:48:54.577 GMT-0700,115.20299999999999,114.93700000000001,0.1,0.1
31.03.2021 06:48:54.913 GMT-0700,115.20299999999999,115.06700000000001,0.1,0.1
31.03.2021 06:48:55.203 GMT-0700,115.20299999999999,114.93700000000001,0.1,0.1
31.03.2021 06:48:55.253 GMT-0700,115.20299999999999,115.06700000000001,0.1,0.1
31.03.2021 06:48:55.465 GMT-0700,115.20299999999999,114.93700000000001,0.1,0.1
31.03.2021 06:48:55.566 GMT-0700,115.303,114.93700000000001,0.1,0.1
31.03.2021 06:48:56.110 GMT-0700,115.29200000000002,114.948,0.075,0.075
31.03.2021 06:48:56.161 GMT-0700,115.303,114.93700000000001,0.1,0.1
31.03.2021 06:48:56.219 GMT-0700,115.303,115.06700000000001,0.1,0.0008
31.03.2021 06:48:57.034 GMT-0700,115.29200000000002,115.068,0.0008,0.1
31.03.2021 06:48:57.134 GMT-0700,115.302,115.068,0.1,0.1
31.03.2021 06:49:07.217 GMT-0700,115.243,115.06700000000001,0.075,0.1
31.03.2021 06:49:07.371 GMT-0700,115.303,115.06700000000001,0.1,0.1
31.03.2021 06:49:09.419 GMT-0700,115.253,115.06700000000001,0.0008,0.1
31.03.2021 06:49:10.079 GMT-0700,115.302,114.948,0.1,0.1
31.03.2021 06:49:11.019 GMT-0700,115.29299999999999,114.947,0.0008,0.0008
31.03.2021 06:49:11.069 GMT-0700,115.303,114.93700000000001,0.1,0.1
31.03.2021 06:49:12.027 GMT-0700,115.162,114.948,0.1,0.1
31.03.2021 06:49:12.077 GMT-0700,115.302,114.93799999999999,0.1,0.1
31.03.2021 06:49:12.266 GMT-0700,115.302,115.068,0.1,0.1
31.03.2021 06:49:12.619 GMT-0700,115.20299999999999,115.06700000000001,0.0008,0.1
31.03.2021 06:49:14.175 GMT-0700,115.303,115.06700000000001,0.1,0.1
31.03.2021 06:49:14.339 GMT-0700,115.18200000000002,115.068,0.075,0.0008
31.03.2021 06:49:16.249 GMT-0700,115.303,115.06700000000001,0.1,0.1
31.03.2021 06:49:18.397 GMT-0700,115.303,114.93700000000001,0.1,0.1
31.03.2021 06:49:18.481 GMT-0700,115.23299999999999,114.93700000000001,0.0008,0.1
31.03.2021 06:49:18.586 GMT-0700,115.20299999999999,115.06700000000001,0.0008,0.1
31.03.2021 06:49:19.313 GMT-0700,115.23200000000001,114.93799999999999,0.1,0.1
31.03.2021 06:49:19.377 GMT-0700,115.23299999999999,115.06700000000001,0.1,0.1
31.03.2021 06:49:19.502 GMT-0700,115.302,115.068,0.1,0.1
31.03.2021 06:49:19.553 GMT-0700,115.302,115.05799999999999,0.1,0.1
31.03.2021 06:49:21.025 GMT-0700,115.223,115.05700000000002,0.1,0.1
31.03.2021 06:49:21.138 GMT-0700,115.23200000000001,115.05799999999999,0.1,0.1
31.03.2021 06:49:21.758 GMT-0700,115.20200000000001,115.05799999999999,0.1,0.1
31.03.2021 06:49:21.892 GMT-0700,115.20200000000001,115.068,0.1,0.1
31.03.2021 06:49:22.044 GMT-0700,115.23200000000001,114.93799999999999,0.1,0.1
31.03.2021 06:49:22.098 GMT-0700,115.20299999999999,114.93700000000001,0.0008,0.1
31.03.2021 06:49:22.148 GMT-0700,115.23200000000001,114.93799999999999,0.1,0.1
31.03.2021 06:49:22.201 GMT-0700,115.20200000000001,114.93799999999999,0.0008,0.1
31.03.2021 06:49:22.702 GMT-0700,115.23200000000001,114.93799999999999,0.1,0.1
31.03.2021 06:49:22.764 GMT-0700,115.23200000000001,115.068,0.1,0.075
31.03.2021 06:49:25.539 GMT-0700,115.083,115.06700000000001,0.0008,0.075
31.03.2021 06:49:25.590 GMT-0700,115.09200000000001,114.93799999999999,0.1,0.1
31.03.2021 06:49:25.682 GMT-0700,115.04200000000002,114.93799999999999,0.0008,0.075
31.03.2021 06:49:25.732 GMT-0700,115.09200000000001,114.878,0.1,0.1
31.03.2021 06:49:26.543 GMT-0700,115.173,114.87700000000001,0.1,0.1
31.03.2021 06:49:27.371 GMT-0700,115.132,114.878,0.1,0.1
31.03.2021 06:49:33.029 GMT-0700,115.133,114.88700000000001,0.1,0.0008
31.03.2021 06:49:36.642 GMT-0700,115.132,114.898,0.1,0.0008
31.03.2021 06:49:37.126 GMT-0700,115.132,114.88799999999999,0.1,0.1
31.03.2021 06:49:41.046 GMT-0700,115.12299999999999,114.897,0.075,0.075
31.03.2021 06:49:41.147 GMT-0700,115.133,114.88700000000001,0.1,0.1
31.03.2021 06:49:44.033 GMT-0700,115.12299999999999,114.897,0.075,0.075
31.03.2021 06:49:44.084 GMT-0700,115.133,114.87700000000001,0.1,0.1
31.03.2021 06:49:44.268 GMT-0700,115.133,114.98700000000001,0.1,0.1
31.03.2021 06:49:44.318 GMT-0700,115.133,114.947,0.1,0.1
31.03.2021 06:49:44.472 GMT-0700,115.083,114.947,0.1,0.1
31.03.2021 06:49:52.592 GMT-0700,115.053,114.87700000000001,0.1,0.1
31.03.2021 06:49:52.958 GMT-0700,115.08200000000001,114.878,0.1,0.1
31.03.2021 06:49:55.459 GMT-0700,115.14200000000001,114.878,0.1,0.1
31.03.2021 06:49:57.842 GMT-0700,115.133,114.88700000000001,0.0008,0.0008
31.03.2021 06:49:57.993 GMT-0700,115.14200000000001,114.878,0.1,0.1
31.03.2021 06:50:00.191 GMT-0700,115.132,114.878,0.0008,0.1
31.03.2021 06:50:00.292 GMT-0700,115.14200000000001,114.878,0.1,0.1
31.03.2021 06:50:00.751 GMT-0700,115.133,114.88700000000001,0.1,0.1
31.03.2021 06:50:00.904 GMT-0700,115.14200000000001,114.878,0.1,0.1
31.03.2021 06:50:03.899 GMT-0700,115.133,114.88700000000001,0.0008,0.0008
31.03.2021 06:50:04.067 GMT-0700,115.143,114.87700000000001,0.1,0.1
31.03.2021 06:50:04.922 GMT-0700,115.14200000000001,114.82799999999999,0.1,0.1
31.03.2021 06:50:04.973 GMT-0700,115.14200000000001,114.848,0.1,0.1
31.03.2021 06:50:05.505 GMT-0700,115.133,114.85700000000001,0.0008,0.0008
31.03.2021 06:50:05.606 GMT-0700,115.143,114.84700000000001,0.1,0.1
31.03.2021 06:50:06.492 GMT-0700,114.993,114.82700000000001,0.1,0.1
31.03.2021 06:50:06.542 GMT-0700,115.143,114.82700000000001,0.1,0.1
31.03.2021 06:50:06.635 GMT-0700,115.033,114.82700000000001,0.1,0.1
31.03.2021 06:50:06.809 GMT-0700,115.023,114.82700000000001,0.0008,0.1
31.03.2021 06:50:11.846 GMT-0700,115.01200000000001,114.82799999999999,0.0008,0.1
31.03.2021 06:50:12.667 GMT-0700,115.023,114.82700000000001,0.1,0.1
31.03.2021 06:50:14.084 GMT-0700,115.022,114.838,0.1,0.1
31.03.2021 06:50:14.178 GMT-0700,115.023,114.82700000000001,0.1,0.1
31.03.2021 06:50:16.369 GMT-0700,114.962,114.82799999999999,0.075,0.1
31.03.2021 06:50:16.420 GMT-0700,115.022,114.82799999999999,0.1,0.1
31.03.2021 06:50:16.961 GMT-0700,115.01200000000001,114.82799999999999,0.0008,0.1
31.03.2021 06:50:18.992 GMT-0700,115.00200000000001,114.82799999999999,0.075,0.1
31.03.2021 06:50:22.105 GMT-0700,114.992,114.82799999999999,0.0008,0.1
31.03.2021 06:50:22.707 GMT-0700,114.943,114.82700000000001,0.0008,0.1
31.03.2021 06:50:22.944 GMT-0700,114.993,114.82700000000001,0.1,0.1
31.03.2021 06:50:23.166 GMT-0700,115.003,114.82700000000001,0.1,0.1
31.03.2021 06:50:25.102 GMT-0700,114.93200000000002,114.82799999999999,0.0008,0.1
31.03.2021 06:50:26.152 GMT-0700,114.92200000000001,114.82799999999999,0.075,0.1
31.03.2021 06:50:26.338 GMT-0700,114.93200000000002,114.82799999999999,0.1,0.1
31.03.2021 06:50:29.106 GMT-0700,114.92200000000001,114.82799999999999,0.1,0.1
31.03.2021 06:50:41.487 GMT-0700,114.93200000000002,114.82799999999999,0.1,0.1
31.03.2021 06:50:42.344 GMT-0700,114.863,114.82700000000001,0.0008,0.075
31.03.2021 06:50:42.394 GMT-0700,114.913,114.74700000000001,0.1,0.1
31.03.2021 06:50:44.976 GMT-0700,114.86200000000001,114.74799999999999,0.0008,0.1
31.03.2021 06:50:45.027 GMT-0700,114.93200000000002,114.74799999999999,0.1,0.1
31.03.2021 06:50:48.355 GMT-0700,114.92200000000001,114.74799999999999,0.1,0.1
31.03.2021 06:50:48.511 GMT-0700,114.93299999999999,114.74700000000001,0.1,0.1
31.03.2021 06:50:50.112 GMT-0700,114.92200000000001,114.74799999999999,0.075,0.1
31.03.2021 06:50:52.442 GMT-0700,114.93200000000002,114.74799999999999,0.1,0.1
31.03.2021 06:50:52.495 GMT-0700,114.92200000000001,114.74799999999999,0.075,0.1
31.03.2021 06:50:52.545 GMT-0700,114.93200000000002,114.74799999999999,0.1,0.1
31.03.2021 06:50:55.291 GMT-0700,114.93200000000002,114.82799999999999,0.1,0.0008
31.03.2021 06:50:55.341 GMT-0700,114.93299999999999,114.74700000000001,0.1,0.1
31.03.2021 06:50:59.769 GMT-0700,114.93299999999999,114.87200000000001,0.1,0.0008
31.03.2021 06:50:59.819 GMT-0700,115.04299999999999,114.90700000000001,0.1,0.1
31.03.2021 06:50:59.870 GMT-0700,115.052,114.908,0.1,0.1
31.03.2021 06:50:59.970 GMT-0700,114.95200000000001,114.788,0.1,0.1
31.03.2021 06:51:00.720 GMT-0700,114.95299999999999,114.82700000000001,0.1,0.075
31.03.2021 06:51:04.933 GMT-0700,115.052,114.82799999999999,0.1,0.1
31.03.2021 06:51:05.043 GMT-0700,115.052,114.85799999999999,0.1,0.1
31.03.2021 06:51:05.194 GMT-0700,115.053,114.82700000000001,0.1,0.1
31.03.2021 06:51:05.245 GMT-0700,114.97200000000001,114.82799999999999,0.1,0.1
31.03.2021 06:51:17.321 GMT-0700,114.973,114.787,0.1,0.1
31.03.2021 06:51:17.429 GMT-0700,114.973,114.837,0.1,0.075
31.03.2021 06:51:25.693 GMT-0700,114.97200000000001,114.88799999999999,0.1,0.0008
31.03.2021 06:51:25.743 GMT-0700,114.97200000000001,114.838,0.1,0.1
31.03.2021 06:51:26.716 GMT-0700,115.053,114.837,0.1,0.1
31.03.2021 06:51:26.860 GMT-0700,115.04200000000002,114.838,0.075,0.1
31.03.2021 06:51:26.910 GMT-0700,115.053,114.837,0.1,0.1
31.03.2021 06:51:27.451 GMT-0700,115.04299999999999,114.837,0.1,0.1
31.03.2021 06:51:27.540 GMT-0700,115.052,114.838,0.1,0.1
31.03.2021 06:51:29.319 GMT-0700,114.97200000000001,114.838,0.0008,0.1
31.03.2021 06:51:29.370 GMT-0700,115.052,114.838,0.1,0.1
31.03.2021 06:51:29.805 GMT-0700,114.95299999999999,114.837,0.1,0.1
31.03.2021 06:51:29.856 GMT-0700,115.052,114.838,0.1,0.1
31.03.2021 06:51:29.909 GMT-0700,115.01299999999999,114.837,0.0008,0.1
31.03.2021 06:51:30.064 GMT-0700,115.052,114.838,0.1,0.1
31.03.2021 06:51:30.117 GMT-0700,114.95299999999999,114.837,0.0008,0.1
31.03.2021 06:51:30.167 GMT-0700,115.01200000000001,114.838,0.1,0.1
31.03.2021 06:51:30.982 GMT-0700,114.973,114.837,0.0008,0.1
31.03.2021 06:51:34.241 GMT-0700,114.923,114.74700000000001,0.1,0.1
31.03.2021 06:51:34.292 GMT-0700,115.01200000000001,114.74799999999999,0.1,0.1
31.03.2021 06:51:34.389 GMT-0700,115.052,114.74799999999999,0.1,0.1
31.03.2021 06:51:34.501 GMT-0700,114.943,114.79700000000001,0.0008,0.0008
31.03.2021 06:51:39.603 GMT-0700,114.97200000000001,114.798,0.1,0.1
31.03.2021 06:51:39.685 GMT-0700,114.90299999999999,114.79700000000001,0.0008,0.1
31.03.2021 06:51:48.753 GMT-0700,114.86200000000001,114.798,0.0008,0.1
31.03.2021 06:51:48.804 GMT-0700,114.852,114.738,0.1,0.1
31.03.2021 06:51:51.805 GMT-0700,114.89200000000001,114.738,0.1,0.1
31.03.2021 06:51:52.242 GMT-0700,114.84299999999999,114.73700000000001,0.1,0.1
31.03.2021 06:51:52.293 GMT-0700,114.89200000000001,114.738,0.1,0.1
31.03.2021 06:51:53.147 GMT-0700,114.882,114.738,0.0008,0.1
31.03.2021 06:51:53.248 GMT-0700,114.89200000000001,114.738,0.1,0.1
31.03.2021 06:51:53.752 GMT-0700,114.81200000000001,114.738,0.0008,0.1
31.03.2021 06:51:53.944 GMT-0700,114.89200000000001,114.738,0.1,0.1
31.03.2021 06:51:53.994 GMT-0700,114.81200000000001,114.738,0.1,0.1
31.03.2021 06:51:54.253 GMT-0700,114.893,114.76700000000001,0.1,0.1
31.03.2021 06:51:54.991 GMT-0700,114.893,114.73700000000001,0.1,0.0008
31.03.2021 06:51:57.901 GMT-0700,114.893,114.68700000000001,0.1,0.1
31.03.2021 06:51:58.120 GMT-0700,114.87299999999999,114.68700000000001,0.075,0.1
31.03.2021 06:52:02.115 GMT-0700,114.87200000000001,114.698,0.1,0.0008
31.03.2021 06:52:02.426 GMT-0700,114.87200000000001,114.68799999999999,0.1,0.1
31.03.2021 06:52:03.379 GMT-0700,114.87299999999999,114.697,0.1,0.0008
31.03.2021 06:52:03.479 GMT-0700,114.87299999999999,114.68700000000001,0.1,0.1
31.03.2021 06:52:04.450 GMT-0700,114.833,114.68700000000001,0.0008,0.1
31.03.2021 06:52:04.501 GMT-0700,114.87299999999999,114.68700000000001,0.1,0.1
31.03.2021 06:52:06.262 GMT-0700,114.87299999999999,114.697,0.1,0.0008
31.03.2021 06:52:06.426 GMT-0700,114.87299999999999,114.68700000000001,0.1,0.1
31.03.2021 06:52:07.195 GMT-0700,114.87200000000001,114.80799999999999,0.1,0.0008
31.03.2021 06:52:07.246 GMT-0700,114.87299999999999,114.697,0.1,0.1
31.03.2021 06:52:10.914 GMT-0700,114.87299999999999,114.77700000000002,0.075,0.0008
31.03.2021 06:52:10.964 GMT-0700,114.90299999999999,114.697,0.1,0.1
31.03.2021 06:52:12.979 GMT-0700,114.852,114.698,0.0008,0.1
31.03.2021 06:52:13.029 GMT-0700,114.90299999999999,114.68700000000001,0.1,0.1
31.03.2021 06:52:13.180 GMT-0700,114.84299999999999,114.68700000000001,0.0008,0.1
31.03.2021 06:52:13.423 GMT-0700,114.84200000000001,114.768,0.1,0.0008
31.03.2021 06:52:13.909 GMT-0700,114.84200000000001,114.798,0.075,0.0008
31.03.2021 06:52:13.959 GMT-0700,115.04299999999999,114.867,0.1,0.1
31.03.2021 06:52:14.010 GMT-0700,115.04200000000002,114.798,0.1,0.1
31.03.2021 06:52:14.111 GMT-0700,115.053,114.79700000000001,0.1,0.1
31.03.2021 06:52:15.054 GMT-0700,115.04200000000002,114.798,0.075,0.1
31.03.2021 06:52:16.085 GMT-0700,115.03200000000001,114.80799999999999,0.1,0.1
31.03.2021 06:52:16.185 GMT-0700,115.053,114.79700000000001,0.1,0.1
31.03.2021 06:52:16.236 GMT-0700,115.053,114.80700000000002,0.1,0.1
31.03.2021 06:52:17.252 GMT-0700,115.052,114.798,0.1,0.1
31.03.2021 06:52:17.330 GMT-0700,115.033,114.79700000000001,0.0008,0.1
31.03.2021 06:52:17.430 GMT-0700,115.052,114.798,0.1,0.1
31.03.2021 06:52:17.501 GMT-0700,115.01299999999999,114.79700000000001,0.0008,0.1
31.03.2021 06:52:18.003 GMT-0700,115.053,114.79700000000001,0.1,0.1
31.03.2021 06:52:18.141 GMT-0700,115.052,114.838,0.1,0.1
31.03.2021 06:52:18.191 GMT-0700,115.052,114.798,0.1,0.1
31.03.2021 06:52:18.243 GMT-0700,115.053,114.84700000000001,0.1,0.075
31.03.2021 06:52:18.293 GMT-0700,115.052,114.798,0.1,0.1
31.03.2021 06:52:18.972 GMT-0700,115.01200000000001,114.798,0.1,0.1
31.03.2021 06:52:20.597 GMT-0700,114.993,114.79700000000001,0.0008,0.1
31.03.2021 06:52:23.316 GMT-0700,114.912,114.80799999999999,0.075,0.075
31.03.2021 06:52:23.367 GMT-0700,114.98200000000001,114.68799999999999,0.1,0.1
31.03.2021 06:52:24.535 GMT-0700,114.992,114.80799999999999,0.1,0.075
31.03.2021 06:52:30.381 GMT-0700,114.98200000000001,114.80799999999999,0.1,0.1
31.03.2021 06:52:30.772 GMT-0700,114.993,114.80700000000002,0.1,0.1
31.03.2021 06:52:33.388 GMT-0700,114.912,114.80799999999999,0.1,0.1
31.03.2021 06:52:43.085 GMT-0700,114.992,114.68799999999999,0.1,0.1
31.03.2021 06:52:43.185 GMT-0700,115.052,114.80799999999999,0.1,0.1
31.03.2021 06:52:44.002 GMT-0700,114.93200000000002,114.80799999999999,0.1,0.1
31.03.2021 06:52:44.153 GMT-0700,115.053,114.80700000000002,0.1,0.1
31.03.2021 06:52:45.649 GMT-0700,115.04299999999999,114.80700000000002,0.0008,0.1
31.03.2021 06:52:46.126 GMT-0700,115.053,114.80700000000002,0.1,0.1
31.03.2021 06:52:47.794 GMT-0700,114.93200000000002,114.80799999999999,0.1,0.1
31.03.2021 06:52:48.283 GMT-0700,114.93200000000002,114.68799999999999,0.1,0.1
31.03.2021 06:52:53.183 GMT-0700,114.93299999999999,114.837,0.1,0.0008
31.03.2021 06:52:54.495 GMT-0700,115.04299999999999,114.837,0.1,0.1
31.03.2021 06:52:57.687 GMT-0700,114.87200000000001,114.838,0.075,0.0008
31.03.2021 06:52:57.737 GMT-0700,114.87200000000001,114.68799999999999,0.1,0.1
31.03.2021 06:52:58.361 GMT-0700,114.87299999999999,114.697,0.1,0.0008
31.03.2021 06:52:58.462 GMT-0700,114.87200000000001,114.68799999999999,0.1,0.1
31.03.2021 06:52:58.733 GMT-0700,114.95299999999999,114.68700000000001,0.1,0.1
31.03.2021 06:52:58.783 GMT-0700,114.943,114.68700000000001,0.1,0.1
31.03.2021 06:52:58.933 GMT-0700,114.95299999999999,114.68700000000001,0.1,0.1
31.03.2021 06:52:59.837 GMT-0700,114.95200000000001,114.698,0.1,0.0008
31.03.2021 06:52:59.937 GMT-0700,114.95200000000001,114.68799999999999,0.1,0.1
31.03.2021 06:53:00.991 GMT-0700,114.803,114.68700000000001,0.1,0.1
31.03.2021 06:53:01.041 GMT-0700,114.95299999999999,114.62700000000001,0.1,0.1
31.03.2021 06:53:01.108 GMT-0700,114.95200000000001,114.618,0.1,0.1
31.03.2021 06:53:01.661 GMT-0700,114.923,114.617,0.0008,0.1
31.03.2021 06:53:10.145 GMT-0700,114.913,114.62700000000001,0.1,0.1
31.03.2021 06:53:10.425 GMT-0700,114.92200000000001,114.618,0.1,0.1
31.03.2021 06:53:14.444 GMT-0700,114.92200000000001,114.68799999999999,0.1,0.1
31.03.2021 06:53:15.775 GMT-0700,114.913,114.68700000000001,0.0008,0.1
31.03.2021 06:53:16.006 GMT-0700,114.923,114.68700000000001,0.1,0.1
31.03.2021 06:53:16.431 GMT-0700,114.95200000000001,114.68799999999999,0.1,0.1
31.03.2021 06:53:16.781 GMT-0700,114.94200000000001,114.68799999999999,0.0008,0.1
31.03.2021 06:53:20.688 GMT-0700,114.93299999999999,114.68700000000001,0.1,0.1
31.03.2021 06:53:20.738 GMT-0700,114.943,114.68700000000001,0.1,0.1
31.03.2021 06:53:22.800 GMT-0700,114.853,114.68700000000001,0.1,0.1
31.03.2021 06:53:26.381 GMT-0700,114.803,114.68700000000001,0.0008,0.075
31.03.2021 06:53:26.432 GMT-0700,114.93200000000002,114.648,0.1,0.1
31.03.2021 06:53:26.552 GMT-0700,114.94200000000001,114.63799999999999,0.1,0.1
31.03.2021 06:53:27.052 GMT-0700,114.93299999999999,114.63700000000001,0.0008,0.1
31.03.2021 06:53:27.222 GMT-0700,114.943,114.63700000000001,0.1,0.1
31.03.2021 06:53:28.050 GMT-0700,114.81200000000001,114.74799999999999,0.0008,0.0008
31.03.2021 06:53:28.101 GMT-0700,114.81200000000001,114.68799999999999,0.1,0.1
31.03.2021 06:53:28.153 GMT-0700,114.81200000000001,114.63799999999999,0.1,0.1
31.03.2021 06:53:28.481 GMT-0700,114.803,114.63700000000001,0.075,0.1
31.03.2021 06:53:31.812 GMT-0700,114.802,114.618,0.1,0.1
31.03.2021 06:53:32.198 GMT-0700,114.79200000000002,114.618,0.0008,0.1
31.03.2021 06:53:35.536 GMT-0700,114.73200000000001,114.618,0.075,0.1
31.03.2021 06:53:35.586 GMT-0700,114.743,114.617,0.1,0.1
31.03.2021 06:53:36.048 GMT-0700,114.69200000000001,114.618,0.0008,0.1
31.03.2021 06:53:36.099 GMT-0700,114.743,114.617,0.1,0.1
31.03.2021 06:53:36.817 GMT-0700,114.742,114.508,0.1,0.1
31.03.2021 06:53:37.359 GMT-0700,114.68200000000002,114.508,0.0008,0.1
31.03.2021 06:53:37.547 GMT-0700,114.68200000000002,114.518,0.1,0.0008
31.03.2021 06:53:37.933 GMT-0700,114.67200000000001,114.508,0.1,0.1
31.03.2021 06:53:38.943 GMT-0700,114.68200000000002,114.508,0.1,0.1
31.03.2021 06:53:45.379 GMT-0700,114.68200000000002,114.518,0.1,0.1
31.03.2021 06:53:45.429 GMT-0700,114.68200000000002,114.508,0.1,0.1
31.03.2021 06:53:46.910 GMT-0700,114.68200000000002,114.60799999999999,0.1,0.075
31.03.2021 06:53:47.506 GMT-0700,114.70200000000001,114.658,0.1,0.1
31.03.2021 06:53:47.556 GMT-0700,114.923,114.56700000000001,0.1,0.1
31.03.2021 06:53:47.607 GMT-0700,114.943,114.55700000000002,0.1,0.1
31.03.2021 06:53:50.035 GMT-0700,114.70200000000001,114.568,0.1,0.1
31.03.2021 06:53:50.086 GMT-0700,114.943,114.55700000000002,0.1,0.1
31.03.2021 06:53:50.922 GMT-0700,114.93200000000002,114.568,0.0008,0.0008
31.03.2021 06:53:51.023 GMT-0700,114.94200000000001,114.55799999999999,0.1,0.1
31.03.2021 06:53:52.456 GMT-0700,114.93200000000002,114.55799999999999,0.1,0.1
31.03.2021 06:53:54.203 GMT-0700,114.72200000000001,114.55799999999999,0.1,0.1
31.03.2021 06:54:00.476 GMT-0700,114.723,114.56700000000001,0.1,0.075
31.03.2021 06:54:00.825 GMT-0700,114.72200000000001,114.55799999999999,0.1,0.1
31.03.2021 06:54:01.756 GMT-0700,114.723,114.56700000000001,0.1,0.0008
31.03.2021 06:54:01.908 GMT-0700,114.723,114.55700000000002,0.1,0.1
31.03.2021 06:54:06.155 GMT-0700,114.72200000000001,114.568,0.1,0.1
31.03.2021 06:54:06.624 GMT-0700,114.723,114.55700000000002,0.1,0.1
31.03.2021 06:54:16.788 GMT-0700,114.833,114.60700000000001,0.1,0.1
31.03.2021 06:54:18.875 GMT-0700,114.83200000000001,114.55799999999999,0.1,0.1
31.03.2021 06:54:25.197 GMT-0700,114.83200000000001,114.60799999999999,0.1,0.0008
31.03.2021 06:54:38.496 GMT-0700,114.833,114.617,0.1,0.0008
31.03.2021 06:54:38.596 GMT-0700,114.833,114.60700000000001,0.1,0.1
31.03.2021 06:54:40.142 GMT-0700,114.83200000000001,114.738,0.1,0.0008
31.03.2021 06:54:40.193 GMT-0700,114.943,114.70700000000001,0.1,0.1
31.03.2021 06:54:40.348 GMT-0700,114.95299999999999,114.71700000000001,0.1,0.075
31.03.2021 06:54:40.398 GMT-0700,114.95200000000001,114.60799999999999,0.1,0.1
31.03.2021 06:54:40.954 GMT-0700,114.95200000000001,114.708,0.1,0.075
31.03.2021 06:54:47.822 GMT-0700,114.95200000000001,114.71799999999999,0.1,0.075
31.03.2021 06:54:52.090 GMT-0700,114.95299999999999,114.727,0.1,0.075
31.03.2021 06:54:52.438 GMT-0700,114.95200000000001,114.71799999999999,0.1,0.1
31.03.2021 06:54:52.488 GMT-0700,115.03200000000001,114.85799999999999,0.1,0.1
31.03.2021 06:54:52.538 GMT-0700,115.052,114.85799999999999,0.1,0.1
31.03.2021 06:54:53.511 GMT-0700,115.052,114.71799999999999,0.1,0.1
31.03.2021 06:54:53.870 GMT-0700,114.93200000000002,114.728,0.0008,0.0008
31.03.2021 06:54:53.921 GMT-0700,115.052,114.71799999999999,0.1,0.1
31.03.2021 06:54:54.861 GMT-0700,115.04200000000002,114.728,0.075,0.075
31.03.2021 06:54:55.019 GMT-0700,115.04299999999999,114.71700000000001,0.1,0.1
31.03.2021 06:54:58.441 GMT-0700,115.033,114.727,0.075,0.075
31.03.2021 06:54:58.491 GMT-0700,115.033,114.71700000000001,0.1,0.1
31.03.2021 06:55:01.144 GMT-0700,115.023,114.727,0.075,0.075
31.03.2021 06:55:01.195 GMT-0700,115.022,114.71799999999999,0.1,0.1
31.03.2021 06:55:02.698 GMT-0700,115.033,114.71700000000001,0.1,0.1
31.03.2021 06:55:06.621 GMT-0700,115.033,114.837,0.1,0.075
31.03.2021 06:55:08.912 GMT-0700,115.053,114.84700000000001,0.1,0.1
31.03.2021 06:55:10.929 GMT-0700,115.052,114.71799999999999,0.1,0.1
31.03.2021 06:55:10.980 GMT-0700,115.053,114.85700000000001,0.1,0.1
31.03.2021 06:55:11.088 GMT-0700,115.052,114.728,0.1,0.1
31.03.2021 06:55:11.200 GMT-0700,115.052,114.71799999999999,0.1,0.1
31.03.2021 06:55:11.602 GMT-0700,114.95299999999999,114.727,0.0008,0.0008
31.03.2021 06:55:12.606 GMT-0700,114.95299999999999,114.71700000000001,0.1,0.1
31.03.2021 06:55:13.263 GMT-0700,114.90299999999999,114.71700000000001,0.0008,0.1
31.03.2021 06:55:13.314 GMT-0700,114.94200000000001,114.728,0.1,0.1
31.03.2021 06:55:13.418 GMT-0700,114.95299999999999,114.71700000000001,0.1,0.1
31.03.2021 06:55:14.677 GMT-0700,114.923,114.71700000000001,0.075,0.1
31.03.2021 06:55:14.959 GMT-0700,114.95299999999999,114.60700000000001,0.1,0.1
31.03.2021 06:55:15.017 GMT-0700,114.92200000000001,114.698,0.075,0.075
31.03.2021 06:55:15.118 GMT-0700,114.95200000000001,114.698,0.1,0.1
31.03.2021 06:55:15.610 GMT-0700,114.95200000000001,114.708,0.1,0.0008
31.03.2021 06:55:16.780 GMT-0700,114.95200000000001,114.698,0.1,0.1
31.03.2021 06:55:18.718 GMT-0700,114.923,114.697,0.075,0.1
31.03.2021 06:55:23.350 GMT-0700,114.92200000000001,114.738,0.1,0.075
31.03.2021 06:55:23.584 GMT-0700,114.923,114.697,0.1,0.1
31.03.2021 06:55:23.674 GMT-0700,114.92200000000001,114.738,0.1,0.075
31.03.2021 06:55:25.215 GMT-0700,114.92200000000001,114.728,0.1,0.1
31.03.2021 06:55:26.126 GMT-0700,114.923,114.73700000000001,0.1,0.1
31.03.2021 06:55:26.233 GMT-0700,114.923,114.727,0.1,0.1
31.03.2021 06:55:26.597 GMT-0700,114.913,114.727,0.1,0.1
31.03.2021 06:55:27.228 GMT-0700,114.923,114.727,0.1,0.1
31.03.2021 06:55:27.520 GMT-0700,114.923,114.697,0.1,0.1
31.03.2021 06:55:27.816 GMT-0700,114.90299999999999,114.697,0.0008,0.1
31.03.2021 06:55:29.663 GMT-0700,114.90299999999999,114.727,0.1,0.0008
31.03.2021 06:55:29.713 GMT-0700,114.90200000000002,114.698,0.1,0.1
31.03.2021 06:55:29.764 GMT-0700,114.90200000000002,114.728,0.1,0.1
31.03.2021 06:55:29.814 GMT-0700,114.90299999999999,114.697,0.1,0.1
31.03.2021 06:55:29.986 GMT-0700,114.90200000000002,114.728,0.1,0.0008
31.03.2021 06:55:30.037 GMT-0700,114.90200000000002,114.698,0.1,0.1
31.03.2021 06:55:30.329 GMT-0700,114.90299999999999,114.727,0.1,0.1
31.03.2021 06:55:33.072 GMT-0700,114.90299999999999,114.73700000000001,0.1,0.075
31.03.2021 06:55:33.225 GMT-0700,114.90200000000002,114.698,0.1,0.1
31.03.2021 06:55:33.679 GMT-0700,114.90200000000002,114.728,0.1,0.0008
31.03.2021 06:55:33.930 GMT-0700,114.90299999999999,114.697,0.1,0.1
31.03.2021 06:55:35.274 GMT-0700,114.86200000000001,114.698,0.0008,0.1
31.03.2021 06:55:35.374 GMT-0700,114.90299999999999,114.697,0.1,0.1
31.03.2021 06:55:37.744 GMT-0700,114.83200000000001,114.698,0.1,0.1
31.03.2021 06:55:42.261 GMT-0700,114.833,114.617,0.1,0.1
31.03.2021 06:55:42.312 GMT-0700,114.833,114.60700000000001,0.1,0.1
31.03.2021 06:55:43.029 GMT-0700,114.833,114.697,0.1,0.0008
31.03.2021 06:55:43.432 GMT-0700,114.833,114.68700000000001,0.1,0.1
31.03.2021 06:55:44.615 GMT-0700,114.83200000000001,114.80799999999999,0.1,0.075
31.03.2021 06:55:44.666 GMT-0700,114.95200000000001,114.818,0.1,0.1
31.03.2021 06:55:44.866 GMT-0700,114.95299999999999,114.71700000000001,0.1,0.1
31.03.2021 06:55:44.917 GMT-0700,114.95299999999999,114.70700000000001,0.1,0.1
31.03.2021 06:55:45.429 GMT-0700,114.893,114.70700000000001,0.075,0.1
31.03.2021 06:55:45.480 GMT-0700,114.95200000000001,114.708,0.1,0.1
31.03.2021 06:55:45.696 GMT-0700,114.883,114.70700000000001,0.1,0.1
31.03.2021 06:55:46.176 GMT-0700,114.95200000000001,114.708,0.1,0.1
31.03.2021 06:55:52.534 GMT-0700,114.94200000000001,114.71799999999999,0.0008,0.0008
31.03.2021 06:55:52.585 GMT-0700,114.95200000000001,114.71799999999999,0.1,0.1
31.03.2021 06:55:53.592 GMT-0700,114.95200000000001,114.708,0.1,0.1
31.03.2021 06:55:54.683 GMT-0700,114.95299999999999,114.71700000000001,0.1,0.1
31.03.2021 06:55:54.861 GMT-0700,114.95299999999999,114.70700000000001,0.1,0.1
31.03.2021 06:55:56.270 GMT-0700,114.95299999999999,114.71700000000001,0.1,0.075
31.03.2021 06:55:56.481 GMT-0700,114.95299999999999,114.70700000000001,0.1,0.1
31.03.2021 06:55:57.154 GMT-0700,114.95299999999999,114.71700000000001,0.1,0.075
31.03.2021 06:55:57.386 GMT-0700,114.95299999999999,114.70700000000001,0.1,0.1
31.03.2021 06:56:00.579 GMT-0700,114.94200000000001,114.71799999999999,0.0008,0.0008
31.03.2021 06:56:00.681 GMT-0700,114.95200000000001,114.68799999999999,0.1,0.1
31.03.2021 06:56:00.731 GMT-0700,114.84200000000001,114.68799999999999,0.1,0.1
31.03.2021 06:56:00.782 GMT-0700,114.95299999999999,114.68700000000001,0.1,0.1
31.03.2021 06:56:00.866 GMT-0700,114.81200000000001,114.68799999999999,0.075,0.1
31.03.2021 06:56:01.198 GMT-0700,114.95200000000001,114.68799999999999,0.1,0.1
31.03.2021 06:56:01.817 GMT-0700,114.87299999999999,114.68700000000001,0.0008,0.1
31.03.2021 06:56:05.621 GMT-0700,114.863,114.697,0.0008,0.0008
31.03.2021 06:56:05.672 GMT-0700,114.95299999999999,114.68700000000001,0.1,0.1
31.03.2021 06:56:06.021 GMT-0700,114.84299999999999,114.68700000000001,0.0008,0.1
31.03.2021 06:56:06.182 GMT-0700,114.84200000000001,114.60799999999999,0.1,0.1
31.03.2021 06:56:10.061 GMT-0700,114.84200000000001,114.68799999999999,0.1,0.1
31.03.2021 06:56:11.171 GMT-0700,114.84299999999999,114.60700000000001,0.1,0.1
31.03.2021 06:56:12.515 GMT-0700,114.84299999999999,114.68700000000001,0.1,0.1
31.03.2021 06:56:26.805 GMT-0700,114.84200000000001,114.698,0.1,0.0008
31.03.2021 06:56:27.036 GMT-0700,114.84299999999999,114.68700000000001,0.1,0.1
31.03.2021 06:56:27.734 GMT-0700,114.84299999999999,114.697,0.1,0.075
31.03.2021 06:56:27.850 GMT-0700,114.81200000000001,114.698,0.075,0.1
31.03.2021 06:56:27.900 GMT-0700,114.84299999999999,114.68700000000001,0.1,0.1
31.03.2021 06:56:27.953 GMT-0700,114.833,114.68700000000001,0.075,0.1
31.03.2021 06:56:28.004 GMT-0700,114.84200000000001,114.68799999999999,0.1,0.1
31.03.2021 06:56:28.384 GMT-0700,114.84200000000001,114.698,0.1,0.0008
31.03.2021 06:56:28.763 GMT-0700,114.84200000000001,114.68799999999999,0.1,0.1
31.03.2021 06:56:29.502 GMT-0700,114.84299999999999,114.60700000000001,0.1,0.1
31.03.2021 06:56:32.709 GMT-0700,114.84299999999999,114.617,0.1,0.1
31.03.2021 06:56:32.799 GMT-0700,114.84299999999999,114.60700000000001,0.1,0.1
31.03.2021 06:56:38.896 GMT-0700,114.84299999999999,114.697,0.1,0.075
31.03.2021 06:56:48.379 GMT-0700,114.803,114.697,0.0008,0.1
31.03.2021 06:56:54.459 GMT-0700,114.802,114.768,0.0008,0.075
31.03.2021 06:56:54.509 GMT-0700,114.94200000000001,114.77799999999999,0.1,0.1
31.03.2021 06:56:55.180 GMT-0700,114.95200000000001,114.71799999999999,0.1,0.1
31.03.2021 06:56:55.280 GMT-0700,114.94200000000001,114.728,0.1,0.1
31.03.2021 06:56:55.331 GMT-0700,114.95299999999999,114.71700000000001,0.1,0.1
31.03.2021 06:57:00.732 GMT-0700,114.95200000000001,114.728,0.1,0.0008
31.03.2021 06:57:02.623 GMT-0700,114.95299999999999,114.73700000000001,0.1,0.0008
31.03.2021 06:57:03.080 GMT-0700,114.95200000000001,114.728,0.1,0.1
31.03.2021 06:57:04.794 GMT-0700,114.86200000000001,114.738,0.075,0.075
31.03.2021 06:57:04.844 GMT-0700,114.95200000000001,114.728,0.1,0.1
31.03.2021 06:57:04.916 GMT-0700,114.893,114.727,0.0008,0.1
31.03.2021 06:57:06.818 GMT-0700,114.95200000000001,114.728,0.1,0.1
31.03.2021 06:57:07.220 GMT-0700,114.95299999999999,114.73700000000001,0.1,0.0008
31.03.2021 06:57:07.579 GMT-0700,114.95200000000001,114.728,0.1,0.1
31.03.2021 06:57:08.310 GMT-0700,114.95200000000001,114.738,0.1,0.075
31.03.2021 06:57:08.501 GMT-0700,114.95299999999999,114.727,0.1,0.1
31.03.2021 06:57:10.074 GMT-0700,114.95200000000001,114.80799999999999,0.1,0.1
31.03.2021 06:57:16.240 GMT-0700,114.94200000000001,114.80799999999999,0.075,0.1
31.03.2021 06:57:16.401 GMT-0700,114.95200000000001,114.80799999999999,0.1,0.1
31.03.2021 06:57:25.818 GMT-0700,114.95299999999999,114.727,0.1,0.1
31.03.2021 06:57:26.359 GMT-0700,114.95200000000001,114.818,0.1,0.075
31.03.2021 06:57:27.703 GMT-0700,114.90299999999999,114.81700000000001,0.1,0.1
31.03.2021 06:57:34.440 GMT-0700,114.92200000000001,114.85799999999999,0.1,0.1
31.03.2021 06:57:34.490 GMT-0700,115.04200000000002,114.88799999999999,0.1,0.1
31.03.2021 06:57:35.449 GMT-0700,115.052,114.818,0.1,0.1
31.03.2021 06:57:37.267 GMT-0700,115.04200000000002,114.82799999999999,0.1,0.1
31.03.2021 06:57:37.513 GMT-0700,115.053,114.81700000000001,0.1,0.1
31.03.2021 06:57:40.663 GMT-0700,115.04299999999999,114.82700000000001,0.0008,0.0008
31.03.2021 06:57:40.887 GMT-0700,115.053,114.81700000000001,0.1,0.1
31.03.2021 06:57:41.375 GMT-0700,114.93200000000002,114.818,0.1,0.1
31.03.2021 06:57:41.425 GMT-0700,115.053,114.727,0.1,0.1
31.03.2021 06:57:41.476 GMT-0700,115.053,114.837,0.1,0.1
31.03.2021 06:57:43.061 GMT-0700,114.95200000000001,114.838,0.075,0.0008
31.03.2021 06:57:43.111 GMT-0700,114.95200000000001,114.728,0.1,0.1
31.03.2021 06:57:46.954 GMT-0700,114.95299999999999,114.73700000000001,0.1,0.075
31.03.2021 06:57:47.120 GMT-0700,114.95299999999999,114.727,0.1,0.1
31.03.2021 06:57:53.665 GMT-0700,114.95299999999999,114.73700000000001,0.1,0.1
31.03.2021 06:57:53.948 GMT-0700,114.95299999999999,114.727,0.1,0.1
31.03.2021 06:57:55.767 GMT-0700,114.93299999999999,114.73700000000001,0.075,0.075
31.03.2021 06:57:56.190 GMT-0700,114.93299999999999,114.727,0.1,0.1
31.03.2021 06:57:57.049 GMT-0700,114.93200000000002,114.738,0.1,0.075
31.03.2021 06:57:57.534 GMT-0700,114.93200000000002,114.728,0.1,0.1
31.03.2021 06:58:00.260 GMT-0700,114.93299999999999,114.787,0.1,0.075
31.03.2021 06:58:05.564 GMT-0700,114.882,114.788,0.075,0.1
31.03.2021 06:58:05.614 GMT-0700,114.913,114.787,0.1,0.1
31.03.2021 06:58:06.129 GMT-0700,114.87299999999999,114.787,0.0008,0.1
31.03.2021 06:58:06.180 GMT-0700,114.90299999999999,114.787,0.1,0.1
31.03.2021 06:58:06.335 GMT-0700,114.90299999999999,114.62700000000001,0.1,0.1
31.03.2021 06:58:06.402 GMT-0700,114.90200000000002,114.678,0.1,0.075
31.03.2021 06:58:06.553 GMT-0700,114.883,114.677,0.1,0.1
31.03.2021 06:58:08.612 GMT-0700,114.833,114.677,0.0008,0.1
31.03.2021 06:58:14.569 GMT-0700,114.783,114.63700000000001,0.1,0.1
31.03.2021 06:58:14.619 GMT-0700,114.78200000000001,114.628,0.1,0.1
31.03.2021 06:58:14.855 GMT-0700,114.773,114.62700000000001,0.075,0.1
31.03.2021 06:58:20.152 GMT-0700,114.75200000000001,114.628,0.075,0.1
31.03.2021 06:58:20.203 GMT-0700,114.772,114.628,0.1,0.1
31.03.2021 06:58:34.283 GMT-0700,114.76200000000001,114.628,0.0008,0.1
31.03.2021 06:58:51.652 GMT-0700,114.723,114.62700000000001,0.075,0.1
31.03.2021 06:58:51.702 GMT-0700,114.76299999999999,114.62700000000001,0.1,0.1
31.03.2021 06:58:56.738 GMT-0700,114.76200000000001,114.60799999999999,0.1,0.1
31.03.2021 06:59:01.477 GMT-0700,114.753,114.60700000000001,0.075,0.1
31.03.2021 06:59:01.528 GMT-0700,114.76299999999999,114.60700000000001,0.1,0.1
31.03.2021 06:59:02.519 GMT-0700,114.75200000000001,114.60799999999999,0.0008,0.1
31.03.2021 06:59:02.570 GMT-0700,114.76299999999999,114.60700000000001,0.1,0.1
31.03.2021 06:59:03.246 GMT-0700,114.76200000000001,114.55799999999999,0.1,0.1
31.03.2021 06:59:03.725 GMT-0700,114.76299999999999,114.56700000000001,0.1,0.1
31.03.2021 06:59:03.871 GMT-0700,114.76200000000001,114.55799999999999,0.1,0.1
31.03.2021 06:59:04.231 GMT-0700,114.76299999999999,114.62700000000001,0.1,0.1
31.03.2021 06:59:05.208 GMT-0700,114.76299999999999,114.70700000000001,0.1,0.1
31.03.2021 06:59:05.259 GMT-0700,114.913,114.62700000000001,0.1,0.1
31.03.2021 06:59:05.388 GMT-0700,114.923,114.62700000000001,0.1,0.1
31.03.2021 06:59:05.990 GMT-0700,114.853,114.62700000000001,0.075,0.1
31.03.2021 06:59:06.040 GMT-0700,114.923,114.62700000000001,0.1,0.1
31.03.2021 06:59:06.090 GMT-0700,114.913,114.63700000000001,0.1,0.1
31.03.2021 06:59:08.916 GMT-0700,114.773,114.55700000000002,0.1,0.1
31.03.2021 06:59:08.967 GMT-0700,114.92200000000001,114.55799999999999,0.1,0.1
31.03.2021 06:59:10.067 GMT-0700,114.912,114.568,0.075,0.075
31.03.2021 06:59:10.390 GMT-0700,114.923,114.55700000000002,0.1,0.1
31.03.2021 06:59:11.071 GMT-0700,114.912,114.568,0.0008,0.0008
31.03.2021 06:59:11.293 GMT-0700,114.923,114.55700000000002,0.1,0.1
31.03.2021 06:59:12.172 GMT-0700,114.912,114.568,0.0008,0.0008
31.03.2021 06:59:12.691 GMT-0700,114.92200000000001,114.55799999999999,0.1,0.1
31.03.2021 06:59:13.241 GMT-0700,114.913,114.56700000000001,0.0008,0.0008
31.03.2021 06:59:13.483 GMT-0700,114.92200000000001,114.55799999999999,0.1,0.1
31.03.2021 06:59:14.076 GMT-0700,114.78200000000001,114.55799999999999,0.0008,0.1
31.03.2021 06:59:14.632 GMT-0700,114.783,114.56700000000001,0.1,0.0008
31.03.2021 06:59:14.939 GMT-0700,114.78200000000001,114.55799999999999,0.1,0.1
31.03.2021 06:59:15.938 GMT-0700,114.783,114.56700000000001,0.1,0.1
31.03.2021 06:59:16.213 GMT-0700,114.783,114.55700000000002,0.1,0.1
31.03.2021 06:59:16.290 GMT-0700,114.76200000000001,114.55799999999999,0.1,0.1
31.03.2021 06:59:17.392 GMT-0700,114.753,114.55700000000002,0.1,0.1
31.03.2021 06:59:19.020 GMT-0700,114.713,114.55700000000002,0.0008,0.1
31.03.2021 06:59:19.071 GMT-0700,114.753,114.55700000000002,0.1,0.1
31.03.2021 06:59:19.172 GMT-0700,114.75200000000001,114.52799999999999,0.1,0.1
31.03.2021 06:59:19.377 GMT-0700,114.742,114.52799999999999,0.0008,0.1
31.03.2021 06:59:19.480 GMT-0700,114.742,114.57799999999999,0.1,0.1
31.03.2021 06:59:29.301 GMT-0700,114.73299999999999,114.57700000000001,0.0008,0.1
31.03.2021 06:59:30.181 GMT-0700,114.73200000000001,114.598,0.1,0.1
31.03.2021 06:59:30.232 GMT-0700,114.73299999999999,114.57700000000001,0.1,0.1
31.03.2021 06:59:38.335 GMT-0700,114.73200000000001,114.52799999999999,0.1,0.1
31.03.2021 06:59:40.573 GMT-0700,114.70200000000001,114.52799999999999,0.1,0.1
31.03.2021 06:59:40.623 GMT-0700,114.73200000000001,114.52799999999999,0.1,0.1
31.03.2021 06:59:41.987 GMT-0700,114.70299999999999,114.52700000000002,0.0008,0.1
31.03.2021 06:59:42.037 GMT-0700,114.73200000000001,114.52799999999999,0.1,0.1
31.03.2021 06:59:42.267 GMT-0700,114.70299999999999,114.52700000000002,0.0008,0.1
31.03.2021 06:59:43.065 GMT-0700,114.73200000000001,114.52799999999999,0.1,0.1
31.03.2021 06:59:43.115 GMT-0700,114.70200000000001,114.52799999999999,0.1,0.1
31.03.2021 06:59:43.166 GMT-0700,114.73200000000001,114.52799999999999,0.1,0.1
31.03.2021 06:59:43.338 GMT-0700,114.70299999999999,114.52700000000002,0.0008,0.1
31.03.2021 06:59:46.948 GMT-0700,114.73299999999999,114.52700000000002,0.1,0.1
31.03.2021 06:59:50.471 GMT-0700,114.73299999999999,114.507,0.1,0.1
31.03.2021 06:59:51.080 GMT-0700,114.73299999999999,114.66,0.1,0.0008
31.03.2021 06:59:51.130 GMT-0700,114.73200000000001,114.60799999999999,0.1,0.1
31.03.2021 06:59:51.717 GMT-0700,114.713,114.60700000000001,0.0008,0.075
31.03.2021 06:59:51.768 GMT-0700,114.73299999999999,114.51700000000001,0.1,0.1
31.03.2021 06:59:52.105 GMT-0700,114.73200000000001,114.508,0.1,0.1
31.03.2021 06:59:58.099 GMT-0700,114.73299999999999,114.43700000000001,0.1,0.1
31.03.2021 06:59:58.924 GMT-0700,114.69200000000001,114.43799999999999,0.075,0.1
31.03.2021 06:59:59.025 GMT-0700,114.73299999999999,114.43700000000001,0.1,0.1
31.03.2021 07:00:00.167 GMT-0700,114.753,114.447,0.1,0.1
31.03.2021 07:00:00.278 GMT-0700,114.59299999999999,114.43700000000001,0.1,0.1
31.03.2021 07:00:00.328 GMT-0700,114.93299999999999,114.43700000000001,0.1,0.1
31.03.2021 07:00:00.445 GMT-0700,114.59,114.43700000000001,0.075,0.1
31.03.2021 07:00:00.495 GMT-0700,114.93200000000002,114.43799999999999,0.1,0.1
31.03.2021 07:00:00.919 GMT-0700,114.92200000000001,114.43799999999999,0.0008,0.1
31.03.2021 07:00:01.076 GMT-0700,114.613,114.43700000000001,0.0008,0.1
31.03.2021 07:00:01.645 GMT-0700,114.92200000000001,114.43799999999999,0.1,0.1
31.03.2021 07:00:02.255 GMT-0700,114.613,114.43700000000001,0.0008,0.1
31.03.2021 07:00:05.073 GMT-0700,114.50200000000001,114.43799999999999,0.075,0.1
31.03.2021 07:00:05.124 GMT-0700,114.58200000000001,114.268,0.1,0.1
31.03.2021 07:00:05.234 GMT-0700,114.59299999999999,114.257,0.1,0.1
31.03.2021 07:00:05.518 GMT-0700,114.59200000000001,114.378,0.1,0.075
31.03.2021 07:00:05.725 GMT-0700,114.492,114.378,0.1,0.1
31.03.2021 07:00:08.671 GMT-0700,114.382,114.258,0.1,0.1
31.03.2021 07:00:08.771 GMT-0700,114.423,114.35700000000001,0.1,0.1
31.03.2021 07:00:08.822 GMT-0700,114.42200000000001,114.32799999999999,0.1,0.1
31.03.2021 07:00:10.257 GMT-0700,114.42200000000001,114.368,0.075,0.0008
31.03.2021 07:00:10.307 GMT-0700,114.492,114.258,0.1,0.1
31.03.2021 07:00:11.420 GMT-0700,114.462,114.258,0.1,0.1
31.03.2021 07:00:13.063 GMT-0700,114.462,114.268,0.1,0.075
31.03.2021 07:00:13.374 GMT-0700,114.462,114.258,0.1,0.1
31.03.2021 07:00:18.430 GMT-0700,114.463,114.26700000000001,0.1,0.0008
31.03.2021 07:00:18.646 GMT-0700,114.462,114.258,0.1,0.1
31.03.2021 07:00:22.647 GMT-0700,114.462,114.348,0.1,0.0008
31.03.2021 07:00:26.849 GMT-0700,114.45299999999999,114.34700000000001,0.0008,0.1
31.03.2021 07:00:29.733 GMT-0700,114.45200000000001,114.258,0.1,0.1
31.03.2021 07:00:30.286 GMT-0700,114.43299999999999,114.257,0.075,0.1
31.03.2021 07:00:30.506 GMT-0700,114.40299999999999,114.26700000000001,0.0008,0.0008
31.03.2021 07:00:30.556 GMT-0700,114.43200000000002,114.258,0.1,0.1
31.03.2021 07:00:32.852 GMT-0700,114.383,114.257,0.0008,0.075
31.03.2021 07:00:32.902 GMT-0700,114.43299999999999,114.227,0.1,0.1
31.03.2021 07:00:33.115 GMT-0700,114.45200000000001,114.228,0.1,0.1
31.03.2021 07:00:34.674 GMT-0700,114.37299999999999,114.227,0.075,0.1
31.03.2021 07:00:35.188 GMT-0700,114.37200000000001,114.238,0.1,0.1
31.03.2021 07:00:35.238 GMT-0700,114.382,114.238,0.1,0.1
31.03.2021 07:00:35.662 GMT-0700,114.34200000000001,114.238,0.0008,0.1
31.03.2021 07:00:35.713 GMT-0700,114.382,114.238,0.1,0.1
31.03.2021 07:00:35.868 GMT-0700,114.382,114.24799999999999,0.1,0.1
31.03.2021 07:00:35.918 GMT-0700,114.383,114.227,0.1,0.1
31.03.2021 07:00:37.135 GMT-0700,114.36200000000001,114.288,0.0008,0.0008
31.03.2021 07:00:37.185 GMT-0700,114.54299999999999,114.34700000000001,0.1,0.1
31.03.2021 07:00:37.286 GMT-0700,114.552,114.348,0.1,0.1
31.03.2021 07:00:37.355 GMT-0700,114.39200000000001,114.348,0.075,0.0008
31.03.2021 07:00:37.405 GMT-0700,114.553,114.227,0.1,0.1
31.03.2021 07:00:38.050 GMT-0700,114.43299999999999,114.227,0.1,0.1
31.03.2021 07:00:39.690 GMT-0700,114.553,114.227,0.1,0.1
31.03.2021 07:00:40.092 GMT-0700,114.54200000000002,114.238,0.075,0.075
31.03.2021 07:00:40.193 GMT-0700,114.553,114.227,0.1,0.1
31.03.2021 07:00:40.482 GMT-0700,114.553,114.29700000000001,0.1,0.1
31.03.2021 07:00:41.339 GMT-0700,114.552,114.30799999999999,0.1,0.0008
31.03.2021 07:00:41.440 GMT-0700,114.54299999999999,114.35700000000001,0.1,0.1
31.03.2021 07:00:41.586 GMT-0700,114.552,114.30799999999999,0.1,0.1
31.03.2021 07:00:41.848 GMT-0700,114.54200000000002,114.30799999999999,0.0008,0.1
31.03.2021 07:00:42.062 GMT-0700,114.552,114.30799999999999,0.1,0.1
31.03.2021 07:00:42.466 GMT-0700,114.552,114.32799999999999,0.1,0.0008
31.03.2021 07:00:43.467 GMT-0700,114.553,114.30700000000002,0.1,0.1
31.03.2021 07:00:44.472 GMT-0700,114.553,114.32700000000001,0.1,0.1
31.03.2021 07:00:45.055 GMT-0700,114.522,114.32799999999999,0.1,0.1
31.03.2021 07:00:46.488 GMT-0700,114.522,114.30799999999999,0.1,0.1
31.03.2021 07:00:48.300 GMT-0700,114.51299999999999,114.30700000000002,0.075,0.1
31.03.2021 07:00:48.470 GMT-0700,114.522,114.338,0.1,0.1
31.03.2021 07:00:49.532 GMT-0700,114.523,114.30700000000002,0.1,0.1
31.03.2021 07:00:49.846 GMT-0700,114.45299999999999,114.30700000000002,0.075,0.1
31.03.2021 07:00:50.494 GMT-0700,114.522,114.30799999999999,0.1,0.1
31.03.2021 07:00:51.282 GMT-0700,114.45299999999999,114.30700000000002,0.0008,0.1
31.03.2021 07:00:56.883 GMT-0700,114.45299999999999,114.287,0.1,0.1
31.03.2021 07:00:57.501 GMT-0700,114.45299999999999,114.35700000000001,0.1,0.0008
31.03.2021 07:00:58.036 GMT-0700,114.45200000000001,114.398,0.075,0.0008
31.03.2021 07:00:58.086 GMT-0700,114.553,114.45700000000001,0.1,0.1
31.03.2021 07:01:00.269 GMT-0700,114.552,114.46799999999999,0.1,0.0008
31.03.2021 07:01:00.319 GMT-0700,114.552,114.458,0.1,0.1
31.03.2021 07:01:01.087 GMT-0700,114.503,114.45700000000001,0.0008,0.1
31.03.2021 07:01:01.138 GMT-0700,114.552,114.458,0.1,0.1
31.03.2021 07:01:01.809 GMT-0700,114.59200000000001,114.458,0.1,0.1
31.03.2021 07:01:03.106 GMT-0700,114.572,114.368,0.1,0.1
31.03.2021 07:01:03.158 GMT-0700,114.572,114.458,0.1,0.075
31.03.2021 07:01:03.508 GMT-0700,114.492,114.458,0.075,0.0008
31.03.2021 07:01:03.558 GMT-0700,114.51299999999999,114.367,0.1,0.1
31.03.2021 07:01:03.622 GMT-0700,114.48200000000001,114.368,0.0008,0.1
31.03.2021 07:01:03.776 GMT-0700,114.47200000000001,114.368,0.1,0.1
31.03.2021 07:01:06.349 GMT-0700,114.572,114.368,0.1,0.1
31.03.2021 07:01:17.544 GMT-0700,114.56200000000001,114.368,0.0008,0.1
31.03.2021 07:01:17.645 GMT-0700,114.572,114.368,0.1,0.1
31.03.2021 07:01:21.157 GMT-0700,114.56200000000001,114.368,0.0008,0.1
31.03.2021 07:01:21.385 GMT-0700,114.573,114.367,0.1,0.1
31.03.2021 07:01:21.600 GMT-0700,114.44200000000001,114.368,0.0008,0.1
31.03.2021 07:01:21.650 GMT-0700,114.44200000000001,114.298,0.1,0.1
31.03.2021 07:01:21.701 GMT-0700,114.573,114.27700000000002,0.1,0.1
31.03.2021 07:01:22.287 GMT-0700,114.56200000000001,114.408,0.0008,0.0008
31.03.2021 07:01:22.338 GMT-0700,114.572,114.27799999999999,0.1,0.1
31.03.2021 07:01:22.529 GMT-0700,114.493,114.27700000000002,0.075,0.1
31.03.2021 07:01:22.580 GMT-0700,114.573,114.27700000000002,0.1,0.1
31.03.2021 07:01:22.780 GMT-0700,114.48299999999999,114.27700000000002,0.0008,0.1
31.03.2021 07:01:22.946 GMT-0700,114.572,114.27799999999999,0.1,0.1
31.03.2021 07:01:22.996 GMT-0700,114.493,114.27700000000002,0.1,0.1
31.03.2021 07:01:23.357 GMT-0700,114.572,114.27799999999999,0.1,0.1
31.03.2021 07:01:23.721 GMT-0700,114.493,114.27700000000002,0.0008,0.1
31.03.2021 07:01:24.384 GMT-0700,114.572,114.27799999999999,0.1,0.1
31.03.2021 07:01:28.598 GMT-0700,114.56200000000001,114.288,0.1,0.1
31.03.2021 07:01:28.827 GMT-0700,114.572,114.288,0.1,0.1
31.03.2021 07:01:29.528 GMT-0700,114.56200000000001,114.298,0.0008,0.0008
31.03.2021 07:01:29.867 GMT-0700,114.573,114.27700000000002,0.1,0.1
31.03.2021 07:01:30.412 GMT-0700,114.56299999999999,114.287,0.0008,0.0008
31.03.2021 07:01:30.787 GMT-0700,114.573,114.27700000000002,0.1,0.1
31.03.2021 07:01:30.837 GMT-0700,114.572,114.428,0.1,0.1
31.03.2021 07:01:30.951 GMT-0700,114.492,114.428,0.1,0.1
31.03.2021 07:01:33.783 GMT-0700,114.492,114.46799999999999,0.075,0.0008
31.03.2021 07:01:33.833 GMT-0700,114.573,114.477,0.1,0.1
31.03.2021 07:01:33.884 GMT-0700,114.572,114.46799999999999,0.1,0.1
31.03.2021 07:01:34.654 GMT-0700,114.65299999999999,114.46700000000001,0.1,0.1
31.03.2021 07:01:34.919 GMT-0700,114.59200000000001,114.46799999999999,0.0008,0.1
31.03.2021 07:01:35.475 GMT-0700,114.65200000000002,114.46799999999999,0.1,0.1
31.03.2021 07:01:38.231 GMT-0700,114.65200000000002,114.38799999999999,0.1,0.1
31.03.2021 07:01:40.139 GMT-0700,114.65299999999999,114.397,0.1,0.0008
31.03.2021 07:01:40.593 GMT-0700,114.64200000000001,114.408,0.1,0.1
31.03.2021 07:01:40.740 GMT-0700,114.65299999999999,114.397,0.1,0.1
31.03.2021 07:01:44.462 GMT-0700,114.64200000000001,114.408,0.1,0.1
31.03.2021 07:01:44.793 GMT-0700,114.65200000000002,114.398,0.1,0.1
31.03.2021 07:01:45.305 GMT-0700,114.64200000000001,114.408,0.075,0.075
31.03.2021 07:01:45.710 GMT-0700,114.65299999999999,114.397,0.1,0.1
31.03.2021 07:01:50.245 GMT-0700,114.643,114.40700000000001,0.075,0.075
31.03.2021 07:01:50.662 GMT-0700,114.65200000000002,114.398,0.1,0.1
31.03.2021 07:01:51.780 GMT-0700,114.643,114.40700000000001,0.075,0.075
31.03.2021 07:01:51.941 GMT-0700,114.65299999999999,114.397,0.1,0.1
31.03.2021 07:01:56.361 GMT-0700,114.64200000000001,114.408,0.1,0.1
31.03.2021 07:01:56.491 GMT-0700,114.65200000000002,114.398,0.1,0.1
31.03.2021 07:02:00.356 GMT-0700,114.64200000000001,114.398,0.0008,0.075
31.03.2021 07:02:00.407 GMT-0700,114.64200000000001,114.368,0.1,0.1
31.03.2021 07:02:00.507 GMT-0700,114.64200000000001,114.38799999999999,0.1,0.1
31.03.2021 07:02:00.627 GMT-0700,114.572,114.38799999999999,0.0008,0.1
31.03.2021 07:02:01.239 GMT-0700,114.64200000000001,114.38799999999999,0.1,0.1
31.03.2021 07:02:01.289 GMT-0700,114.632,114.38799999999999,0.1,0.1
31.03.2021 07:02:01.610 GMT-0700,114.54299999999999,114.38700000000001,0.075,0.1
31.03.2021 07:02:01.841 GMT-0700,114.633,114.367,0.1,0.1
31.03.2021 07:02:01.892 GMT-0700,114.65299999999999,114.367,0.1,0.1
31.03.2021 07:02:01.945 GMT-0700,114.54299999999999,114.367,0.0008,0.1
31.03.2021 07:02:02.581 GMT-0700,114.65200000000002,114.368,0.1,0.1
31.03.2021 07:02:05.328 GMT-0700,114.64200000000001,114.368,0.1,0.1
31.03.2021 07:02:07.300 GMT-0700,114.632,114.368,0.075,0.1
31.03.2021 07:02:09.614 GMT-0700,114.633,114.38700000000001,0.1,0.0008
31.03.2021 07:02:09.957 GMT-0700,114.633,114.367,0.1,0.1
31.03.2021 07:02:15.226 GMT-0700,114.62299999999999,114.367,0.0008,0.1
31.03.2021 07:02:25.877 GMT-0700,114.43299999999999,114.37700000000001,0.075,0.075
31.03.2021 07:02:25.927 GMT-0700,114.43200000000002,114.368,0.1,0.1
31.03.2021 07:02:26.091 GMT-0700,114.423,114.367,0.0008,0.075
31.03.2021 07:02:26.141 GMT-0700,114.423,114.27700000000002,0.1,0.1
31.03.2021 07:02:26.674 GMT-0700,114.423,114.29700000000001,0.075,0.0008
31.03.2021 07:02:26.724 GMT-0700,114.43299999999999,114.27700000000002,0.1,0.1
31.03.2021 07:02:29.769 GMT-0700,114.43299999999999,114.287,0.1,0.1
31.03.2021 07:02:30.343 GMT-0700,114.43299999999999,114.35700000000001,0.075,0.0008
31.03.2021 07:02:30.394 GMT-0700,114.492,114.35799999999999,0.1,0.1
31.03.2021 07:02:30.509 GMT-0700,114.50200000000001,114.35799999999999,0.1,0.1
31.03.2021 07:02:30.864 GMT-0700,114.50200000000001,114.288,0.1,0.1
31.03.2021 07:02:31.086 GMT-0700,114.503,114.29700000000001,0.1,0.0008
31.03.2021 07:02:39.819 GMT-0700,114.493,114.30700000000002,0.0008,0.0008
31.03.2021 07:02:39.927 GMT-0700,114.50200000000001,114.27799999999999,0.1,0.1
31.03.2021 07:02:40.025 GMT-0700,114.50200000000001,114.38799999999999,0.1,0.0008
31.03.2021 07:02:40.371 GMT-0700,114.492,114.38799999999999,0.0008,0.1
31.03.2021 07:02:40.746 GMT-0700,114.503,114.38700000000001,0.1,0.1
31.03.2021 07:02:45.030 GMT-0700,114.492,114.38799999999999,0.0008,0.1
31.03.2021 07:02:57.061 GMT-0700,114.473,114.38700000000001,0.075,0.1
31.03.2021 07:02:57.348 GMT-0700,114.50200000000001,114.38799999999999,0.1,0.1
31.03.2021 07:02:57.598 GMT-0700,114.50200000000001,114.27799999999999,0.1,0.1
