Local time,Ask,Bid,AskVolume,BidVolume
01.04.2021 06:30:14.044 GMT-0700,115.59299999999999,115.117,0.1,0.1
01.04.2021 06:30:14.248 GMT-0700,115.59299999999999,115.117,0.0008,0.1
01.04.2021 06:30:14.700 GMT-0700,115.59200000000001,115.408,0.1,0.075
01.04.2021 06:30:15.095 GMT-0700,115.59299999999999,115.15700000000001,0.1,0.0008
01.04.2021 06:30:15.746 GMT-0700,115.603,115.15700000000001,0.1,0.1
01.04.2021 06:30:18.813 GMT-0700,115.602,115.118,0.1,0.1
01.04.2021 06:30:18.899 GMT-0700,115.56200000000001,115.118,0.1,0.1
01.04.2021 06:31:25.092 GMT-0700,115.603,115.27700000000002,0.075,0.1
01.04.2021 06:31:34.959 GMT-0700,115.602,115.288,0.1,0.075
01.04.2021 06:31:35.060 GMT-0700,115.603,115.27700000000002,0.1,0.1
01.04.2021 06:31:37.050 GMT-0700,115.603,115.287,0.1,0.075
01.04.2021 06:31:37.336 GMT-0700,115.602,115.27799999999999,0.1,0.1
01.04.2021 06:31:40.803 GMT-0700,115.602,115.288,0.1,0.1
01.04.2021 06:31:40.945 GMT-0700,115.603,115.27700000000002,0.1,0.1
01.04.2021 06:31:40.998 GMT-0700,115.603,115.35700000000001,0.075,0.0008
01.04.2021 06:32:28.894 GMT-0700,115.742,115.27799999999999,0.075,0.1
01.04.2021 06:32:31.711 GMT-0700,115.742,115.288,0.1,0.1
01.04.2021 06:32:32.101 GMT-0700,115.853,115.397,0.1,0.1
01.04.2021 06:32:36.239 GMT-0700,115.68200000000002,115.398,0.075,0.0008
01.04.2021 06:32:36.290 GMT-0700,115.68299999999999,115.27700000000002,0.1,0.1
01.04.2021 06:32:41.762 GMT-0700,115.65200000000002,115.27799999999999,0.0008,0.1
01.04.2021 06:32:48.605 GMT-0700,115.64200000000001,115.288,0.075,0.075
01.04.2021 06:32:48.846 GMT-0700,115.65200000000002,115.27799999999999,0.1,0.1
01.04.2021 06:32:50.394 GMT-0700,115.643,115.27700000000002,0.0008,0.1
01.04.2021 06:32:50.445 GMT-0700,115.632,115.208,0.1,0.1
01.04.2021 06:32:50.749 GMT-0700,115.51200000000001,115.198,0.075,0.1
01.04.2021 06:32:52.871 GMT-0700,115.65299999999999,115.197,0.1,0.1
01.04.2021 06:32:52.950 GMT-0700,115.493,115.197,0.075,0.1
01.04.2021 06:32:58.540 GMT-0700,115.65200000000002,115.198,0.1,0.1
01.04.2021 06:32:58.590 GMT-0700,115.48200000000001,115.198,0.1,0.1
01.04.2021 06:32:59.453 GMT-0700,115.65200000000002,115.198,0.1,0.1
01.04.2021 06:32:59.503 GMT-0700,115.522,115.198,0.1,0.1
01.04.2021 06:33:01.230 GMT-0700,115.522,115.208,0.1,0.075
01.04.2021 06:33:01.497 GMT-0700,115.523,115.197,0.1,0.1
01.04.2021 06:33:03.296 GMT-0700,115.65299999999999,115.197,0.1,0.1
01.04.2021 06:33:03.349 GMT-0700,115.48200000000001,115.198,0.0008,0.1
01.04.2021 06:33:03.692 GMT-0700,115.48299999999999,115.337,0.075,0.0008
01.04.2021 06:33:03.743 GMT-0700,115.643,115.21700000000001,0.1,0.1
01.04.2021 06:33:03.971 GMT-0700,115.56299999999999,115.21700000000001,0.0008,0.1
01.04.2021 06:33:04.482 GMT-0700,115.643,115.21700000000001,0.1,0.1
01.04.2021 06:33:04.532 GMT-0700,115.632,115.21799999999999,0.1,0.1
01.04.2021 06:33:04.633 GMT-0700,115.64200000000001,115.228,0.1,0.1
01.04.2021 06:33:04.684 GMT-0700,115.643,115.21700000000001,0.1,0.1
01.04.2021 06:33:04.930 GMT-0700,115.48299999999999,115.21700000000001,0.0008,0.1
01.04.2021 06:33:05.414 GMT-0700,115.48200000000001,115.228,0.1,0.0008
01.04.2021 06:33:05.515 GMT-0700,115.48299999999999,115.21700000000001,0.1,0.1
01.04.2021 06:33:06.267 GMT-0700,115.65299999999999,115.21700000000001,0.1,0.1
01.04.2021 06:33:06.317 GMT-0700,115.51200000000001,115.21799999999999,0.1,0.1
01.04.2021 06:33:06.679 GMT-0700,115.51200000000001,115.228,0.1,0.0008
01.04.2021 06:33:06.893 GMT-0700,115.51299999999999,115.21700000000001,0.1,0.1
01.04.2021 06:33:07.879 GMT-0700,115.51200000000001,115.228,0.1,0.075
01.04.2021 06:33:08.235 GMT-0700,115.51200000000001,115.21799999999999,0.1,0.1
01.04.2021 06:33:08.863 GMT-0700,115.51299999999999,115.227,0.1,0.0008
01.04.2021 06:33:08.913 GMT-0700,115.51299999999999,115.21700000000001,0.1,0.1
01.04.2021 06:33:11.108 GMT-0700,115.51299999999999,115.227,0.1,0.1
01.04.2021 06:33:11.159 GMT-0700,115.51299999999999,115.21700000000001,0.1,0.1
01.04.2021 06:33:12.888 GMT-0700,115.503,115.227,0.0008,0.0008
01.04.2021 06:33:13.039 GMT-0700,115.51200000000001,115.198,0.1,0.1
01.04.2021 06:33:13.208 GMT-0700,115.51200000000001,115.18799999999999,0.1,0.0008
01.04.2021 06:33:13.504 GMT-0700,115.51299999999999,115.18700000000001,0.1,0.1
01.04.2021 06:33:13.664 GMT-0700,115.65299999999999,115.18700000000001,0.1,0.1
01.04.2021 06:33:13.714 GMT-0700,115.45200000000001,115.18799999999999,0.1,0.1
01.04.2021 06:33:15.115 GMT-0700,115.65299999999999,115.18700000000001,0.1,0.1
01.04.2021 06:33:15.165 GMT-0700,115.443,115.18700000000001,0.1,0.1
01.04.2021 06:33:20.102 GMT-0700,115.44200000000001,115.198,0.1,0.0008
01.04.2021 06:33:20.397 GMT-0700,115.44200000000001,115.18799999999999,0.1,0.1
01.04.2021 06:33:21.082 GMT-0700,115.65299999999999,115.31700000000001,0.1,0.1
01.04.2021 06:33:21.133 GMT-0700,115.643,115.197,0.1,0.1
01.04.2021 06:33:21.768 GMT-0700,115.643,115.20700000000001,0.075,0.075
01.04.2021 06:33:21.892 GMT-0700,115.65299999999999,115.20700000000001,0.1,0.1
01.04.2021 06:33:22.444 GMT-0700,115.643,115.21700000000001,0.1,0.1
01.04.2021 06:33:22.635 GMT-0700,115.65299999999999,115.21700000000001,0.1,0.1
01.04.2021 06:33:23.684 GMT-0700,115.65200000000002,115.208,0.1,0.075
01.04.2021 06:33:24.138 GMT-0700,115.65200000000002,115.368,0.1,0.1
01.04.2021 06:33:24.188 GMT-0700,115.65299999999999,115.18700000000001,0.1,0.1
01.04.2021 06:33:26.115 GMT-0700,115.643,115.197,0.075,0.075
01.04.2021 06:33:26.266 GMT-0700,115.65200000000002,115.18799999999999,0.1,0.1
01.04.2021 06:33:28.519 GMT-0700,115.65299999999999,115.41700000000002,0.1,0.0008
01.04.2021 06:33:28.743 GMT-0700,115.65299999999999,115.18700000000001,0.1,0.1
01.04.2021 06:33:28.816 GMT-0700,115.65299999999999,115.43700000000001,0.1,0.075
01.04.2021 06:33:32.348 GMT-0700,115.64200000000001,115.18799999999999,0.1,0.1
01.04.2021 06:33:32.606 GMT-0700,115.65200000000002,115.18799999999999,0.1,0.1
01.04.2021 06:33:33.111 GMT-0700,115.64200000000001,115.198,0.0008,0.0008
01.04.2021 06:33:33.333 GMT-0700,115.65200000000002,115.18799999999999,0.1,0.1
01.04.2021 06:33:34.220 GMT-0700,115.43299999999999,115.18700000000001,0.075,0.1
01.04.2021 06:33:36.379 GMT-0700,115.43200000000002,115.27799999999999,0.1,0.1
01.04.2021 06:33:36.591 GMT-0700,115.43200000000002,115.008,0.1,0.1
01.04.2021 06:33:36.642 GMT-0700,115.43299999999999,115.177,0.1,0.1
01.04.2021 06:33:36.882 GMT-0700,115.51299999999999,115.177,0.1,0.1
01.04.2021 06:33:36.933 GMT-0700,115.44200000000001,115.178,0.1,0.1
01.04.2021 06:33:37.078 GMT-0700,115.443,115.007,0.1,0.1
01.04.2021 06:33:37.487 GMT-0700,115.42200000000001,115.008,0.1,0.1
01.04.2021 06:33:38.242 GMT-0700,115.503,115.007,0.1,0.1
01.04.2021 06:33:41.106 GMT-0700,115.50200000000001,115.018,0.0008,0.0008
01.04.2021 06:33:43.032 GMT-0700,115.39200000000001,115.008,0.075,0.1
01.04.2021 06:33:45.448 GMT-0700,115.443,115.007,0.1,0.1
01.04.2021 06:33:45.498 GMT-0700,115.37200000000001,115.008,0.1,0.1
01.04.2021 06:33:45.702 GMT-0700,115.37299999999999,115.01700000000001,0.1,0.0008
01.04.2021 06:33:46.136 GMT-0700,115.37299999999999,115.007,0.1,0.1
01.04.2021 06:33:48.606 GMT-0700,115.44200000000001,115.008,0.1,0.1
01.04.2021 06:33:53.763 GMT-0700,115.26200000000001,115.008,0.0008,0.1
01.04.2021 06:33:55.254 GMT-0700,115.443,115.05700000000002,0.1,0.0008
01.04.2021 06:33:55.861 GMT-0700,115.43299999999999,115.06700000000001,0.075,0.075
01.04.2021 06:33:55.911 GMT-0700,115.44200000000001,115.068,0.1,0.1
01.04.2021 06:33:55.962 GMT-0700,115.443,115.10700000000001,0.1,0.1
01.04.2021 06:33:56.162 GMT-0700,115.44200000000001,115.118,0.1,0.0008
01.04.2021 06:33:56.457 GMT-0700,115.43200000000002,115.118,0.1,0.1
01.04.2021 06:33:56.627 GMT-0700,115.44200000000001,115.118,0.1,0.1
01.04.2021 06:33:57.215 GMT-0700,115.44200000000001,114.99799999999999,0.1,0.1
01.04.2021 06:33:58.458 GMT-0700,115.44200000000001,115.10799999999999,0.1,0.075
01.04.2021 06:34:00.011 GMT-0700,115.43200000000002,115.10799999999999,0.0008,0.1
01.04.2021 06:34:00.439 GMT-0700,115.44200000000001,115.10799999999999,0.1,0.1
01.04.2021 06:34:01.111 GMT-0700,115.43200000000002,115.10799999999999,0.075,0.1
01.04.2021 06:34:01.290 GMT-0700,115.44200000000001,115.10799999999999,0.1,0.1
01.04.2021 06:34:02.732 GMT-0700,115.43299999999999,115.10700000000001,0.1,0.1
01.04.2021 06:34:03.014 GMT-0700,115.443,115.10700000000001,0.1,0.1
01.04.2021 06:34:03.065 GMT-0700,115.44200000000001,115.158,0.1,0.1
01.04.2021 06:34:04.419 GMT-0700,115.443,115.177,0.075,0.0008
01.04.2021 06:34:04.470 GMT-0700,115.51299999999999,115.15700000000001,0.1,0.1
01.04.2021 06:34:04.521 GMT-0700,115.51299999999999,115.26700000000001,0.1,0.0008
01.04.2021 06:34:04.819 GMT-0700,115.51200000000001,115.158,0.1,0.1
01.04.2021 06:34:04.965 GMT-0700,115.643,115.15700000000001,0.1,0.1
01.04.2021 06:34:05.016 GMT-0700,115.65200000000002,115.158,0.1,0.1
01.04.2021 06:34:05.353 GMT-0700,115.65200000000002,115.30799999999999,0.1,0.075
01.04.2021 06:34:05.529 GMT-0700,115.65299999999999,115.15700000000001,0.1,0.1
01.04.2021 06:34:05.789 GMT-0700,115.65299999999999,115.35700000000001,0.1,0.075
01.04.2021 06:34:08.254 GMT-0700,115.65299999999999,115.287,0.1,0.1
01.04.2021 06:34:09.904 GMT-0700,115.65299999999999,115.37700000000001,0.1,0.1
01.04.2021 06:34:10.460 GMT-0700,115.65200000000002,115.398,0.1,0.075
01.04.2021 06:34:17.292 GMT-0700,115.84200000000001,115.43799999999999,0.1,0.1
01.04.2021 06:34:17.428 GMT-0700,115.84200000000001,115.488,0.075,0.075
01.04.2021 06:34:17.725 GMT-0700,115.84200000000001,115.408,0.1,0.1
01.04.2021 06:34:26.542 GMT-0700,115.853,115.59700000000001,0.1,0.1
01.04.2021 06:34:28.120 GMT-0700,115.853,115.507,0.1,0.1
01.04.2021 06:34:29.905 GMT-0700,115.913,115.507,0.1,0.1
01.04.2021 06:34:29.987 GMT-0700,115.912,115.648,0.1,0.0008
01.04.2021 06:34:30.088 GMT-0700,115.912,115.508,0.1,0.1
01.04.2021 06:34:30.595 GMT-0700,116.04299999999999,115.66700000000002,0.1,0.1
01.04.2021 06:34:30.910 GMT-0700,116.09299999999999,115.66700000000002,0.1,0.1
01.04.2021 06:34:34.968 GMT-0700,116.09200000000001,115.678,0.1,0.075
01.04.2021 06:34:42.714 GMT-0700,116.09200000000001,115.698,0.1,0.1
01.04.2021 06:34:46.735 GMT-0700,116.083,115.71700000000001,0.1,0.1
01.04.2021 06:34:46.973 GMT-0700,115.87200000000001,115.71799999999999,0.1,0.1
01.04.2021 06:34:47.023 GMT-0700,116.09299999999999,115.71700000000001,0.1,0.1
01.04.2021 06:34:47.121 GMT-0700,116.09299999999999,115.77700000000002,0.1,0.0008
01.04.2021 06:34:47.973 GMT-0700,115.94200000000001,115.77799999999999,0.0008,0.075
01.04.2021 06:34:48.074 GMT-0700,115.95200000000001,115.698,0.1,0.1
01.04.2021 06:34:56.903 GMT-0700,115.94200000000001,115.708,0.0008,0.0008
01.04.2021 06:34:56.953 GMT-0700,115.95299999999999,115.70700000000001,0.1,0.1
01.04.2021 06:34:57.974 GMT-0700,115.95299999999999,115.52700000000002,0.1,0.1
01.04.2021 06:34:58.310 GMT-0700,115.95200000000001,115.68799999999999,0.1,0.1
01.04.2021 06:35:00.069 GMT-0700,115.95200000000001,115.698,0.0008,0.075
01.04.2021 06:35:00.120 GMT-0700,116.09299999999999,115.697,0.1,0.1
01.04.2021 06:35:00.170 GMT-0700,116.09299999999999,115.74700000000001,0.1,0.1
01.04.2021 06:35:00.395 GMT-0700,116.09299999999999,115.79700000000001,0.1,0.0008
01.04.2021 06:35:00.445 GMT-0700,116.09299999999999,115.74700000000001,0.1,0.1
01.04.2021 06:35:00.627 GMT-0700,116.09200000000001,115.728,0.1,0.1
01.04.2021 06:35:01.675 GMT-0700,116.083,115.727,0.0008,0.1
01.04.2021 06:35:01.726 GMT-0700,116.09299999999999,115.727,0.1,0.1
01.04.2021 06:35:03.729 GMT-0700,116.083,115.73700000000001,0.1,0.1
01.04.2021 06:35:03.886 GMT-0700,116.09200000000001,115.728,0.1,0.1
01.04.2021 06:35:04.875 GMT-0700,116.09299999999999,115.68700000000001,0.1,0.1
01.04.2021 06:35:05.111 GMT-0700,116.08200000000001,115.698,0.0008,0.0008
01.04.2021 06:35:05.211 GMT-0700,116.083,115.68700000000001,0.1,0.1
01.04.2021 06:35:06.026 GMT-0700,115.94200000000001,115.698,0.1,0.1
01.04.2021 06:35:06.077 GMT-0700,116.08200000000001,115.698,0.1,0.1
01.04.2021 06:35:07.116 GMT-0700,116.072,115.68799999999999,0.0008,0.1
01.04.2021 06:35:07.979 GMT-0700,116.06200000000001,115.68799999999999,0.1,0.1
01.04.2021 06:35:08.979 GMT-0700,116.052,115.68799999999999,0.0008,0.1
01.04.2021 06:35:09.232 GMT-0700,116.06299999999999,115.68700000000001,0.1,0.1
01.04.2021 06:35:11.153 GMT-0700,116.052,115.68799999999999,0.075,0.1
01.04.2021 06:35:11.203 GMT-0700,116.06200000000001,115.68799999999999,0.1,0.1
01.04.2021 06:35:11.800 GMT-0700,115.913,115.697,0.1,0.1
01.04.2021 06:35:12.853 GMT-0700,115.913,115.68700000000001,0.1,0.1
01.04.2021 06:35:18.863 GMT-0700,115.912,115.768,0.1,0.075
01.04.2021 06:35:24.107 GMT-0700,115.90200000000002,115.768,0.075,0.0008
01.04.2021 06:35:24.157 GMT-0700,115.89200000000001,115.538,0.1,0.1
01.04.2021 06:35:24.262 GMT-0700,115.913,115.52700000000002,0.1,0.1
01.04.2021 06:35:27.183 GMT-0700,115.90200000000002,115.538,0.0008,0.0008
01.04.2021 06:35:27.283 GMT-0700,115.912,115.52799999999999,0.1,0.1
01.04.2021 06:35:28.567 GMT-0700,115.90299999999999,115.537,0.0008,0.0008
01.04.2021 06:35:28.618 GMT-0700,115.913,115.52700000000002,0.1,0.1
01.04.2021 06:35:29.583 GMT-0700,115.90200000000002,115.538,0.075,0.075
01.04.2021 06:35:29.684 GMT-0700,115.912,115.52799999999999,0.1,0.1
01.04.2021 06:35:32.935 GMT-0700,115.89200000000001,115.52799999999999,0.0008,0.1
01.04.2021 06:35:36.491 GMT-0700,115.883,115.52700000000002,0.075,0.1
01.04.2021 06:35:36.871 GMT-0700,115.89200000000001,115.538,0.1,0.075
01.04.2021 06:35:37.394 GMT-0700,115.893,115.55700000000002,0.1,0.075
01.04.2021 06:35:37.656 GMT-0700,115.89200000000001,115.548,0.1,0.1
01.04.2021 06:35:39.702 GMT-0700,115.883,115.54700000000001,0.0008,0.1
01.04.2021 06:35:40.089 GMT-0700,115.893,115.54700000000001,0.1,0.1
01.04.2021 06:35:41.232 GMT-0700,115.893,115.52700000000002,0.1,0.1
01.04.2021 06:35:42.357 GMT-0700,115.883,115.52700000000002,0.075,0.1
01.04.2021 06:35:42.539 GMT-0700,115.89200000000001,115.52799999999999,0.1,0.1
01.04.2021 06:35:43.762 GMT-0700,115.882,115.52799999999999,0.0008,0.075
01.04.2021 06:35:43.915 GMT-0700,115.893,115.49700000000001,0.1,0.1
01.04.2021 06:36:09.202 GMT-0700,115.70299999999999,115.32700000000001,0.0008,0.1
01.04.2021 06:36:12.797 GMT-0700,115.693,115.337,0.0008,0.0008
01.04.2021 06:36:13.131 GMT-0700,115.70299999999999,115.32700000000001,0.1,0.1
01.04.2021 06:36:15.114 GMT-0700,115.68200000000002,115.338,0.075,0.075
01.04.2021 06:36:15.393 GMT-0700,115.69200000000001,115.32799999999999,0.1,0.1
01.04.2021 06:36:16.309 GMT-0700,115.89200000000001,115.458,0.1,0.1
01.04.2021 06:36:16.631 GMT-0700,115.73299999999999,115.45700000000001,0.075,0.1
01.04.2021 06:36:17.264 GMT-0700,115.73200000000001,115.448,0.1,0.1
01.04.2021 06:36:22.561 GMT-0700,115.72200000000001,115.448,0.0008,0.1
01.04.2021 06:36:22.611 GMT-0700,115.723,115.337,0.1,0.1
01.04.2021 06:36:22.661 GMT-0700,115.70299999999999,115.32700000000001,0.1,0.1
01.04.2021 06:36:23.386 GMT-0700,115.693,115.337,0.0008,0.0008
01.04.2021 06:36:23.499 GMT-0700,115.70299999999999,115.32700000000001,0.1,0.1
01.04.2021 06:36:28.916 GMT-0700,115.69200000000001,115.338,0.0008,0.0008
01.04.2021 06:36:29.017 GMT-0700,115.70299999999999,115.32700000000001,0.1,0.1
01.04.2021 06:36:30.142 GMT-0700,115.69200000000001,115.338,0.0008,0.0008
01.04.2021 06:36:30.296 GMT-0700,115.70200000000001,115.32799999999999,0.1,0.1
01.04.2021 06:36:36.182 GMT-0700,115.69200000000001,115.198,0.1,0.1
01.04.2021 06:36:36.239 GMT-0700,115.54299999999999,115.197,0.0008,0.1
01.04.2021 06:36:42.038 GMT-0700,115.70200000000001,115.318,0.1,0.0008
01.04.2021 06:36:43.309 GMT-0700,115.69200000000001,115.318,0.075,0.1
01.04.2021 06:36:43.410 GMT-0700,115.70299999999999,115.31700000000001,0.1,0.1
01.04.2021 06:36:44.346 GMT-0700,115.56200000000001,115.198,0.1,0.1
01.04.2021 06:36:51.717 GMT-0700,115.552,115.208,0.0008,0.0008
01.04.2021 06:36:51.891 GMT-0700,115.56200000000001,115.198,0.1,0.1
01.04.2021 06:36:53.118 GMT-0700,115.552,115.208,0.0008,0.0008
01.04.2021 06:36:53.219 GMT-0700,115.56299999999999,115.197,0.1,0.1
01.04.2021 06:36:54.075 GMT-0700,115.50200000000001,115.208,0.1,0.1
01.04.2021 06:36:54.125 GMT-0700,115.56200000000001,115.198,0.1,0.1
01.04.2021 06:36:59.511 GMT-0700,115.553,115.197,0.075,0.1
01.04.2021 06:37:04.743 GMT-0700,115.48299999999999,115.15700000000001,0.075,0.1
01.04.2021 06:37:04.899 GMT-0700,115.48200000000001,115.298,0.0008,0.075
01.04.2021 06:37:04.949 GMT-0700,115.62200000000001,115.298,0.1,0.1
01.04.2021 06:37:05.010 GMT-0700,115.573,115.29700000000001,0.0008,0.1
01.04.2021 06:37:05.898 GMT-0700,115.573,115.16700000000002,0.1,0.1
01.04.2021 06:37:08.965 GMT-0700,115.56299999999999,115.177,0.0008,0.0008
01.04.2021 06:37:09.143 GMT-0700,115.573,115.16700000000002,0.1,0.1
01.04.2021 06:37:12.338 GMT-0700,115.56200000000001,115.178,0.075,0.075
01.04.2021 06:37:12.602 GMT-0700,115.572,115.16799999999999,0.1,0.1
01.04.2021 06:37:22.633 GMT-0700,115.56299999999999,115.177,0.075,0.075
01.04.2021 06:37:22.684 GMT-0700,115.573,115.16700000000002,0.1,0.1
01.04.2021 06:37:24.495 GMT-0700,115.572,115.18799999999999,0.1,0.075
01.04.2021 06:37:25.499 GMT-0700,115.572,115.16799999999999,0.1,0.1
01.04.2021 06:37:26.354 GMT-0700,115.663,115.24700000000001,0.0008,0.0008
01.04.2021 06:37:26.543 GMT-0700,115.67200000000001,115.24799999999999,0.1,0.1
01.04.2021 06:37:28.415 GMT-0700,115.662,115.258,0.0008,0.0008
01.04.2021 06:37:28.811 GMT-0700,115.67200000000001,115.24799999999999,0.1,0.1
01.04.2021 06:37:28.862 GMT-0700,115.572,115.24799999999999,0.1,0.1
01.04.2021 06:37:31.502 GMT-0700,115.573,115.16700000000002,0.1,0.1
01.04.2021 06:37:34.179 GMT-0700,115.572,115.30799999999999,0.1,0.0008
01.04.2021 06:37:39.644 GMT-0700,115.573,115.337,0.0008,0.075
01.04.2021 06:37:39.695 GMT-0700,115.67200000000001,115.30799999999999,0.1,0.1
01.04.2021 06:37:39.835 GMT-0700,115.573,115.30700000000002,0.1,0.1
01.04.2021 06:37:43.879 GMT-0700,115.573,115.31700000000001,0.0008,0.075
01.04.2021 06:37:43.929 GMT-0700,115.663,115.31700000000001,0.1,0.1
01.04.2021 06:37:44.107 GMT-0700,115.67200000000001,115.30799999999999,0.1,0.1
01.04.2021 06:37:44.793 GMT-0700,115.58200000000001,115.30799999999999,0.0008,0.1
01.04.2021 06:37:45.825 GMT-0700,115.58200000000001,115.458,0.075,0.0008
01.04.2021 06:37:45.876 GMT-0700,115.67200000000001,115.30799999999999,0.1,0.1
01.04.2021 06:37:46.116 GMT-0700,115.67200000000001,115.478,0.1,0.0008
01.04.2021 06:37:46.167 GMT-0700,115.70299999999999,115.30700000000002,0.1,0.1
01.04.2021 06:37:46.705 GMT-0700,115.72200000000001,115.318,0.1,0.1
01.04.2021 06:37:46.756 GMT-0700,115.73299999999999,115.30700000000002,0.1,0.1
01.04.2021 06:37:47.910 GMT-0700,115.79200000000002,115.30799999999999,0.1,0.1
01.04.2021 06:37:47.960 GMT-0700,115.79299999999999,115.37700000000001,0.1,0.1
01.04.2021 06:37:48.872 GMT-0700,115.783,115.38700000000001,0.075,0.075
01.04.2021 06:37:49.035 GMT-0700,115.79299999999999,115.37700000000001,0.1,0.1
01.04.2021 06:37:49.605 GMT-0700,115.73200000000001,115.38799999999999,0.0008,0.0008
01.04.2021 06:37:49.706 GMT-0700,115.742,115.378,0.1,0.1
01.04.2021 06:37:52.366 GMT-0700,115.743,115.59700000000001,0.0008,0.075
01.04.2021 06:37:52.416 GMT-0700,115.89200000000001,115.43799999999999,0.1,0.1
01.04.2021 06:37:52.619 GMT-0700,115.68299999999999,115.38700000000001,0.1,0.1
01.04.2021 06:37:52.766 GMT-0700,115.68299999999999,115.37700000000001,0.1,0.1
01.04.2021 06:37:57.848 GMT-0700,115.68200000000002,115.448,0.1,0.1
01.04.2021 06:37:58.432 GMT-0700,115.68200000000002,115.458,0.1,0.0008
01.04.2021 06:37:59.434 GMT-0700,115.68200000000002,115.448,0.1,0.1
01.04.2021 06:38:00.919 GMT-0700,115.893,115.55700000000002,0.1,0.1
01.04.2021 06:38:00.970 GMT-0700,115.893,115.46700000000001,0.1,0.1
01.04.2021 06:38:01.103 GMT-0700,115.863,115.46700000000001,0.1,0.1
01.04.2021 06:38:01.349 GMT-0700,115.89200000000001,115.46799999999999,0.1,0.1
01.04.2021 06:38:01.852 GMT-0700,115.863,115.46700000000001,0.075,0.1
01.04.2021 06:38:01.952 GMT-0700,115.893,115.45700000000001,0.1,0.1
01.04.2021 06:38:05.026 GMT-0700,115.742,115.458,0.0008,0.1
01.04.2021 06:38:05.298 GMT-0700,115.742,115.46799999999999,0.075,0.0008
01.04.2021 06:38:05.349 GMT-0700,115.883,115.46700000000001,0.1,0.1
01.04.2021 06:38:05.607 GMT-0700,115.893,115.45700000000001,0.1,0.1
01.04.2021 06:38:05.774 GMT-0700,115.743,115.45700000000001,0.075,0.1
01.04.2021 06:38:08.100 GMT-0700,115.89200000000001,115.55799999999999,0.1,0.1
01.04.2021 06:38:08.200 GMT-0700,115.89200000000001,115.458,0.1,0.1
01.04.2021 06:38:15.334 GMT-0700,115.883,115.46700000000001,0.0008,0.0008
01.04.2021 06:38:15.545 GMT-0700,115.893,115.45700000000001,0.1,0.1
01.04.2021 06:38:24.463 GMT-0700,115.89200000000001,115.458,0.1,0.1
01.04.2021 06:38:26.596 GMT-0700,115.89200000000001,115.628,0.1,0.1
01.04.2021 06:38:27.776 GMT-0700,115.893,115.68700000000001,0.075,0.0008
01.04.2021 06:38:27.826 GMT-0700,116.04200000000002,115.68799999999999,0.1,0.1
01.04.2021 06:38:28.780 GMT-0700,116.04299999999999,115.62700000000001,0.1,0.1
01.04.2021 06:38:29.305 GMT-0700,116.033,115.63700000000001,0.075,0.075
01.04.2021 06:38:29.406 GMT-0700,116.04299999999999,115.647,0.1,0.1
01.04.2021 06:38:29.916 GMT-0700,116.033,115.65700000000001,0.075,0.075
01.04.2021 06:38:30.364 GMT-0700,116.04299999999999,115.62700000000001,0.1,0.1
01.04.2021 06:38:33.833 GMT-0700,116.033,115.63700000000001,0.0008,0.0008
01.04.2021 06:38:33.989 GMT-0700,116.04299999999999,115.62700000000001,0.1,0.1
01.04.2021 06:38:34.040 GMT-0700,115.98299999999999,115.62700000000001,0.1,0.1
01.04.2021 06:38:43.364 GMT-0700,115.97200000000001,115.63799999999999,0.0008,0.0008
01.04.2021 06:38:43.464 GMT-0700,115.98299999999999,115.62700000000001,0.1,0.1
01.04.2021 06:38:43.515 GMT-0700,115.893,115.62700000000001,0.1,0.1
01.04.2021 06:38:45.232 GMT-0700,115.98299999999999,115.62700000000001,0.1,0.1
01.04.2021 06:38:46.067 GMT-0700,115.973,115.63700000000001,0.0008,0.0008
01.04.2021 06:38:46.168 GMT-0700,115.98200000000001,115.628,0.1,0.1
01.04.2021 06:38:46.957 GMT-0700,115.97200000000001,115.63799999999999,0.1,0.1
01.04.2021 06:38:47.101 GMT-0700,115.98299999999999,115.62700000000001,0.1,0.1
01.04.2021 06:38:48.565 GMT-0700,115.893,115.62700000000001,0.1,0.1
01.04.2021 06:38:49.306 GMT-0700,115.89200000000001,115.63799999999999,0.1,0.0008
01.04.2021 06:38:49.806 GMT-0700,115.893,115.62700000000001,0.1,0.1
01.04.2021 06:38:54.578 GMT-0700,115.882,115.63799999999999,0.0008,0.0008
01.04.2021 06:38:54.751 GMT-0700,115.893,115.62700000000001,0.1,0.1
01.04.2021 06:38:57.106 GMT-0700,115.893,115.587,0.1,0.1
01.04.2021 06:38:57.417 GMT-0700,115.893,115.60700000000001,0.1,0.075
01.04.2021 06:38:58.108 GMT-0700,115.89200000000001,115.588,0.1,0.1
01.04.2021 06:38:58.339 GMT-0700,115.893,115.45700000000001,0.1,0.1
01.04.2021 06:39:01.436 GMT-0700,115.883,115.46700000000001,0.1,0.1
01.04.2021 06:39:01.913 GMT-0700,115.893,115.45700000000001,0.1,0.1
01.04.2021 06:39:07.666 GMT-0700,115.882,115.55799999999999,0.1,0.1
01.04.2021 06:39:07.716 GMT-0700,115.882,115.46799999999999,0.1,0.1
01.04.2021 06:39:07.767 GMT-0700,115.89200000000001,115.458,0.1,0.1
01.04.2021 06:39:26.497 GMT-0700,115.882,115.46799999999999,0.075,0.075
01.04.2021 06:39:26.700 GMT-0700,115.89200000000001,115.458,0.1,0.1
01.04.2021 06:39:28.177 GMT-0700,115.893,115.59700000000001,0.1,0.0008
01.04.2021 06:39:28.541 GMT-0700,115.882,115.598,0.1,0.1
01.04.2021 06:39:28.791 GMT-0700,115.883,115.647,0.0008,0.075
01.04.2021 06:39:28.842 GMT-0700,115.98200000000001,115.648,0.1,0.1
01.04.2021 06:39:28.977 GMT-0700,115.90200000000002,115.648,0.0008,0.1
01.04.2021 06:39:32.117 GMT-0700,116.04200000000002,115.758,0.1,0.1
01.04.2021 06:39:32.168 GMT-0700,116.03200000000001,115.648,0.1,0.1
01.04.2021 06:39:33.234 GMT-0700,115.90299999999999,115.647,0.0008,0.1
01.04.2021 06:39:37.609 GMT-0700,116.03200000000001,115.648,0.1,0.1
01.04.2021 06:39:37.905 GMT-0700,116.04299999999999,115.647,0.1,0.1
01.04.2021 06:39:39.072 GMT-0700,116.033,115.647,0.1,0.1
01.04.2021 06:39:39.296 GMT-0700,116.04299999999999,115.647,0.1,0.1
01.04.2021 06:39:40.971 GMT-0700,116.03200000000001,115.658,0.0008,0.0008
01.04.2021 06:39:41.071 GMT-0700,116.09200000000001,115.648,0.1,0.1
01.04.2021 06:39:41.137 GMT-0700,116.053,115.647,0.075,0.1
01.04.2021 06:39:41.427 GMT-0700,115.913,115.647,0.0008,0.1
01.04.2021 06:39:41.527 GMT-0700,116.053,115.647,0.1,0.1
01.04.2021 06:39:49.135 GMT-0700,115.90299999999999,115.647,0.075,0.1
01.04.2021 06:39:49.828 GMT-0700,115.90200000000002,115.698,0.1,0.0008
01.04.2021 06:39:51.229 GMT-0700,116.053,115.697,0.1,0.1
01.04.2021 06:39:56.272 GMT-0700,116.052,115.648,0.1,0.1
01.04.2021 06:39:56.822 GMT-0700,116.04200000000002,115.658,0.0008,0.0008
01.04.2021 06:39:57.295 GMT-0700,116.052,115.648,0.1,0.1
01.04.2021 06:40:00.208 GMT-0700,115.913,115.647,0.0008,0.1
01.04.2021 06:40:00.258 GMT-0700,115.83200000000001,115.458,0.1,0.1
01.04.2021 06:40:00.360 GMT-0700,115.833,115.59700000000001,0.1,0.0008
01.04.2021 06:40:01.126 GMT-0700,115.833,115.60700000000001,0.1,0.0008
01.04.2021 06:40:01.300 GMT-0700,115.83200000000001,115.598,0.1,0.1
01.04.2021 06:40:02.693 GMT-0700,115.833,115.60700000000001,0.1,0.1
01.04.2021 06:40:03.016 GMT-0700,115.83200000000001,115.598,0.1,0.1
01.04.2021 06:40:03.278 GMT-0700,115.893,115.59700000000001,0.1,0.1
01.04.2021 06:40:03.425 GMT-0700,115.882,115.598,0.1,0.1
01.04.2021 06:40:03.596 GMT-0700,115.912,115.598,0.1,0.1
01.04.2021 06:40:04.831 GMT-0700,115.912,115.60799999999999,0.0008,0.075
01.04.2021 06:40:04.881 GMT-0700,116.052,115.60799999999999,0.1,0.1
01.04.2021 06:40:04.932 GMT-0700,116.053,115.59700000000001,0.1,0.1
01.04.2021 06:40:06.307 GMT-0700,115.912,115.598,0.1,0.1
01.04.2021 06:40:06.924 GMT-0700,115.913,115.60700000000001,0.1,0.1
01.04.2021 06:40:07.071 GMT-0700,115.913,115.59700000000001,0.1,0.1
01.04.2021 06:40:07.632 GMT-0700,115.912,115.60799999999999,0.1,0.1
01.04.2021 06:40:07.779 GMT-0700,115.913,115.59700000000001,0.1,0.1
01.04.2021 06:40:10.880 GMT-0700,115.803,115.59700000000001,0.0008,0.1
01.04.2021 06:40:10.931 GMT-0700,115.912,115.598,0.1,0.1
01.04.2021 06:40:25.816 GMT-0700,116.053,115.59700000000001,0.1,0.1
01.04.2021 06:40:29.468 GMT-0700,116.04200000000002,115.60799999999999,0.075,0.075
01.04.2021 06:40:29.651 GMT-0700,116.053,115.59700000000001,0.1,0.1
01.04.2021 06:40:34.052 GMT-0700,116.04299999999999,115.60700000000001,0.075,0.075
01.04.2021 06:40:34.205 GMT-0700,116.053,115.59700000000001,0.1,0.1
01.04.2021 06:40:40.043 GMT-0700,116.04200000000002,115.60799999999999,0.075,0.075
01.04.2021 06:40:40.200 GMT-0700,116.052,115.598,0.1,0.1
01.04.2021 06:40:41.437 GMT-0700,115.89200000000001,115.598,0.075,0.1
01.04.2021 06:40:42.488 GMT-0700,115.883,115.59700000000001,0.1,0.1
01.04.2021 06:40:42.538 GMT-0700,115.87299999999999,115.45700000000001,0.1,0.1
01.04.2021 06:40:42.669 GMT-0700,115.882,115.458,0.1,0.1
01.04.2021 06:40:42.719 GMT-0700,115.76299999999999,115.45700000000001,0.1,0.1
01.04.2021 06:40:42.770 GMT-0700,115.87299999999999,115.45700000000001,0.1,0.1
01.04.2021 06:40:43.723 GMT-0700,115.89200000000001,115.458,0.1,0.1
01.04.2021 06:40:54.840 GMT-0700,115.743,115.45700000000001,0.1,0.1
01.04.2021 06:40:57.031 GMT-0700,115.743,115.46700000000001,0.0008,0.075
01.04.2021 06:40:57.081 GMT-0700,115.893,115.45700000000001,0.1,0.1
01.04.2021 06:41:10.457 GMT-0700,115.893,115.73700000000001,0.1,0.0008
01.04.2021 06:41:10.508 GMT-0700,115.98200000000001,115.598,0.1,0.1
01.04.2021 06:41:10.565 GMT-0700,115.923,115.59700000000001,0.0008,0.1
01.04.2021 06:41:10.821 GMT-0700,116.053,115.59700000000001,0.1,0.1
01.04.2021 06:41:13.052 GMT-0700,116.053,115.66700000000002,0.1,0.0008
01.04.2021 06:41:13.485 GMT-0700,116.04299999999999,115.677,0.0008,0.0008
01.04.2021 06:41:13.691 GMT-0700,116.053,115.66700000000002,0.1,0.1
01.04.2021 06:41:14.362 GMT-0700,116.04299999999999,115.677,0.1,0.1
01.04.2021 06:41:14.531 GMT-0700,116.053,115.66700000000002,0.1,0.1
01.04.2021 06:41:23.640 GMT-0700,116.052,115.678,0.1,0.075
01.04.2021 06:41:23.972 GMT-0700,116.053,115.66700000000002,0.1,0.1
01.04.2021 06:41:27.440 GMT-0700,116.052,115.678,0.1,0.075
01.04.2021 06:41:27.703 GMT-0700,116.052,115.66799999999999,0.1,0.1
01.04.2021 06:41:36.322 GMT-0700,116.053,115.677,0.1,0.0008
01.04.2021 06:41:36.422 GMT-0700,116.052,115.66799999999999,0.1,0.1
01.04.2021 06:41:44.502 GMT-0700,116.04299999999999,115.677,0.0008,0.0008
01.04.2021 06:41:44.820 GMT-0700,116.053,115.66700000000002,0.1,0.1
01.04.2021 06:41:45.583 GMT-0700,115.97200000000001,115.66799999999999,0.075,0.1
01.04.2021 06:41:45.633 GMT-0700,116.053,115.66700000000002,0.1,0.1
01.04.2021 06:41:45.749 GMT-0700,116.022,115.66799999999999,0.075,0.1
01.04.2021 06:41:45.878 GMT-0700,116.053,115.66700000000002,0.1,0.1
01.04.2021 06:41:51.609 GMT-0700,116.04299999999999,115.66700000000002,0.0008,0.1
01.04.2021 06:41:51.659 GMT-0700,116.053,115.66700000000002,0.1,0.1
01.04.2021 06:41:52.002 GMT-0700,115.973,115.66700000000002,0.1,0.1
01.04.2021 06:41:52.240 GMT-0700,115.962,115.66799999999999,0.0008,0.1
01.04.2021 06:41:52.461 GMT-0700,115.973,115.66700000000002,0.1,0.1
01.04.2021 06:41:57.076 GMT-0700,115.89200000000001,115.66799999999999,0.0008,0.075
01.04.2021 06:41:57.126 GMT-0700,115.893,115.59700000000001,0.1,0.1
01.04.2021 06:41:59.818 GMT-0700,115.883,115.59700000000001,0.1,0.1
01.04.2021 06:42:00.105 GMT-0700,115.89200000000001,115.598,0.1,0.1
01.04.2021 06:42:03.888 GMT-0700,115.893,115.647,0.1,0.0008
01.04.2021 06:42:06.107 GMT-0700,115.883,115.647,0.0008,0.1
01.04.2021 06:42:06.208 GMT-0700,115.893,115.647,0.1,0.1
01.04.2021 06:42:09.076 GMT-0700,115.882,115.648,0.0008,0.1
01.04.2021 06:42:09.235 GMT-0700,115.89200000000001,115.648,0.1,0.1
01.04.2021 06:42:13.048 GMT-0700,115.893,115.46700000000001,0.1,0.1
01.04.2021 06:42:13.150 GMT-0700,115.89200000000001,115.588,0.1,0.1
01.04.2021 06:42:15.521 GMT-0700,115.893,115.45700000000001,0.1,0.1
01.04.2021 06:42:15.572 GMT-0700,115.883,115.46700000000001,0.1,0.1
01.04.2021 06:42:15.622 GMT-0700,115.893,115.45700000000001,0.1,0.1
01.04.2021 06:42:15.677 GMT-0700,115.893,115.587,0.1,0.0008
01.04.2021 06:42:15.899 GMT-0700,115.89200000000001,115.458,0.1,0.1
01.04.2021 06:42:15.995 GMT-0700,115.893,115.587,0.1,0.0008
01.04.2021 06:42:16.127 GMT-0700,115.882,115.46799999999999,0.1,0.1
01.04.2021 06:42:16.178 GMT-0700,115.89200000000001,115.458,0.1,0.1
01.04.2021 06:42:16.239 GMT-0700,115.89200000000001,115.588,0.1,0.1
01.04.2021 06:42:17.207 GMT-0700,115.883,115.587,0.0008,0.1
01.04.2021 06:42:17.643 GMT-0700,115.89200000000001,115.588,0.1,0.1
01.04.2021 06:42:18.765 GMT-0700,115.882,115.588,0.1,0.1
01.04.2021 06:42:18.922 GMT-0700,115.893,115.587,0.1,0.1
01.04.2021 06:42:20.283 GMT-0700,115.89200000000001,115.458,0.1,0.1
01.04.2021 06:42:22.061 GMT-0700,115.89200000000001,115.588,0.1,0.1
01.04.2021 06:42:22.111 GMT-0700,115.893,115.46700000000001,0.1,0.1
01.04.2021 06:42:22.163 GMT-0700,115.893,115.45700000000001,0.1,0.1
01.04.2021 06:42:25.126 GMT-0700,115.893,115.60700000000001,0.1,0.0008
01.04.2021 06:42:25.227 GMT-0700,115.893,115.587,0.1,0.1
01.04.2021 06:42:36.527 GMT-0700,115.883,115.59700000000001,0.0008,0.0008
01.04.2021 06:42:37.070 GMT-0700,115.89200000000001,115.588,0.1,0.1
01.04.2021 06:42:38.529 GMT-0700,115.883,115.587,0.075,0.1
01.04.2021 06:42:38.579 GMT-0700,115.89200000000001,115.588,0.1,0.1
01.04.2021 06:42:39.217 GMT-0700,115.883,115.59700000000001,0.1,0.1
01.04.2021 06:42:39.321 GMT-0700,115.89200000000001,115.588,0.1,0.1
01.04.2021 06:42:39.902 GMT-0700,115.882,115.598,0.0008,0.0008
01.04.2021 06:42:40.003 GMT-0700,115.893,115.587,0.1,0.1
01.04.2021 06:42:40.644 GMT-0700,115.84299999999999,115.587,0.0008,0.1
01.04.2021 06:42:44.415 GMT-0700,115.84200000000001,115.598,0.1,0.1
01.04.2021 06:42:44.570 GMT-0700,115.84299999999999,115.587,0.1,0.1
01.04.2021 06:42:46.828 GMT-0700,115.84299999999999,115.71700000000001,0.0008,0.075
01.04.2021 06:42:46.879 GMT-0700,116.00200000000001,115.588,0.1,0.1
01.04.2021 06:42:47.406 GMT-0700,116.053,115.59700000000001,0.1,0.1
01.04.2021 06:42:47.456 GMT-0700,116.04299999999999,115.59700000000001,0.1,0.1
01.04.2021 06:42:47.564 GMT-0700,116.053,115.587,0.1,0.1
01.04.2021 06:42:49.179 GMT-0700,116.053,115.59700000000001,0.1,0.0008
01.04.2021 06:42:49.536 GMT-0700,116.053,115.587,0.1,0.1
01.04.2021 06:42:54.046 GMT-0700,116.053,115.73700000000001,0.1,0.1
01.04.2021 06:42:55.334 GMT-0700,116.04299999999999,115.73700000000001,0.1,0.1
01.04.2021 06:42:55.384 GMT-0700,116.053,115.73700000000001,0.1,0.1
01.04.2021 06:42:56.377 GMT-0700,116.04200000000002,115.738,0.1,0.1
01.04.2021 06:42:56.427 GMT-0700,116.052,115.738,0.1,0.1
01.04.2021 06:42:59.279 GMT-0700,116.052,115.588,0.1,0.1
01.04.2021 06:42:59.341 GMT-0700,116.052,115.71799999999999,0.1,0.0008
01.04.2021 06:43:15.612 GMT-0700,116.052,115.728,0.1,0.075
01.04.2021 06:43:15.663 GMT-0700,116.052,115.71799999999999,0.1,0.1
01.04.2021 06:43:19.732 GMT-0700,116.053,115.727,0.1,0.0008
01.04.2021 06:43:19.782 GMT-0700,116.053,115.71700000000001,0.1,0.1
01.04.2021 06:43:26.620 GMT-0700,116.052,115.728,0.1,0.075
01.04.2021 06:43:26.832 GMT-0700,116.052,115.71799999999999,0.1,0.1
01.04.2021 06:43:27.417 GMT-0700,115.93200000000002,115.71799999999999,0.0008,0.1
01.04.2021 06:43:27.468 GMT-0700,116.053,115.71700000000001,0.1,0.1
01.04.2021 06:43:29.622 GMT-0700,116.04200000000002,115.728,0.075,0.075
01.04.2021 06:43:29.672 GMT-0700,116.053,115.71700000000001,0.1,0.1
01.04.2021 06:43:33.120 GMT-0700,116.04200000000002,115.728,0.0008,0.0008
01.04.2021 06:43:33.170 GMT-0700,116.052,115.71799999999999,0.1,0.1
01.04.2021 06:43:33.526 GMT-0700,116.053,115.587,0.1,0.1
01.04.2021 06:43:36.042 GMT-0700,116.053,115.71700000000001,0.1,0.1
01.04.2021 06:43:37.719 GMT-0700,116.04200000000002,115.71799999999999,0.0008,0.1
01.04.2021 06:43:37.769 GMT-0700,116.053,115.71700000000001,0.1,0.1
01.04.2021 06:43:40.005 GMT-0700,116.003,115.587,0.1,0.1
01.04.2021 06:43:44.101 GMT-0700,116.00200000000001,115.71799999999999,0.1,0.1
01.04.2021 06:43:44.152 GMT-0700,116.003,115.587,0.1,0.1
01.04.2021 06:43:45.774 GMT-0700,116.00200000000001,115.71799999999999,0.1,0.0008
01.04.2021 06:43:45.824 GMT-0700,116.053,115.71700000000001,0.1,0.1
01.04.2021 06:43:46.336 GMT-0700,115.923,115.71700000000001,0.0008,0.1
01.04.2021 06:43:50.456 GMT-0700,115.92200000000001,115.588,0.1,0.1
01.04.2021 06:43:54.935 GMT-0700,115.92200000000001,115.598,0.1,0.1
01.04.2021 06:43:56.336 GMT-0700,115.923,115.60700000000001,0.1,0.1
01.04.2021 06:43:56.699 GMT-0700,115.92200000000001,115.598,0.1,0.1
01.04.2021 06:43:58.101 GMT-0700,115.92200000000001,115.588,0.1,0.1
01.04.2021 06:44:07.099 GMT-0700,115.753,115.57700000000001,0.1,0.1
01.04.2021 06:44:07.149 GMT-0700,115.92200000000001,115.57799999999999,0.1,0.1
01.04.2021 06:44:07.210 GMT-0700,115.923,115.587,0.1,0.0008
01.04.2021 06:44:07.550 GMT-0700,115.923,115.477,0.1,0.1
01.04.2021 06:44:07.601 GMT-0700,115.633,115.46700000000001,0.1,0.1
01.04.2021 06:44:07.651 GMT-0700,115.79299999999999,115.46700000000001,0.1,0.1
01.04.2021 06:44:07.800 GMT-0700,115.803,115.37700000000001,0.1,0.1
01.04.2021 06:44:08.009 GMT-0700,115.583,115.16700000000002,0.1,0.1
01.04.2021 06:44:08.316 GMT-0700,115.59299999999999,115.20700000000001,0.0008,0.1
01.04.2021 06:44:08.466 GMT-0700,115.382,115.088,0.1,0.1
01.04.2021 06:44:08.571 GMT-0700,115.423,115.117,0.1,0.1
01.04.2021 06:44:09.296 GMT-0700,115.423,115.05700000000002,0.1,0.1
01.04.2021 06:44:09.396 GMT-0700,115.552,115.05799999999999,0.1,0.1
01.04.2021 06:44:10.027 GMT-0700,115.393,115.05700000000002,0.0008,0.1
01.04.2021 06:44:10.077 GMT-0700,115.553,115.05700000000002,0.1,0.1
01.04.2021 06:44:10.128 GMT-0700,115.54299999999999,115.05700000000002,0.1,0.1
01.04.2021 06:44:10.943 GMT-0700,115.212,115.008,0.0008,0.1
01.04.2021 06:44:11.044 GMT-0700,115.553,115.05700000000002,0.1,0.0008
01.04.2021 06:44:11.179 GMT-0700,115.56200000000001,115.228,0.1,0.0008
01.04.2021 06:44:11.230 GMT-0700,115.67200000000001,115.228,0.1,0.1
01.04.2021 06:44:11.283 GMT-0700,115.58200000000001,115.228,0.0008,0.1
01.04.2021 06:44:12.409 GMT-0700,115.59299999999999,115.227,0.0008,0.1
01.04.2021 06:44:12.761 GMT-0700,115.322,115.228,0.1,0.1
01.04.2021 06:44:12.811 GMT-0700,115.59299999999999,115.227,0.1,0.1
01.04.2021 06:44:12.896 GMT-0700,115.413,115.227,0.075,0.1
01.04.2021 06:44:12.946 GMT-0700,115.59200000000001,115.228,0.1,0.1
01.04.2021 06:44:13.298 GMT-0700,115.412,115.228,0.0008,0.075
01.04.2021 06:44:13.348 GMT-0700,115.273,114.99700000000001,0.1,0.1
01.04.2021 06:44:16.317 GMT-0700,115.213,114.927,0.1,0.1
01.04.2021 06:44:16.676 GMT-0700,115.322,114.958,0.1,0.1
01.04.2021 06:44:16.917 GMT-0700,115.25200000000001,114.958,0.0008,0.1
01.04.2021 06:44:17.017 GMT-0700,115.323,114.95700000000001,0.1,0.1
01.04.2021 06:44:17.068 GMT-0700,115.322,114.988,0.1,0.1
01.04.2021 06:44:17.252 GMT-0700,115.25200000000001,114.99799999999999,0.1,0.1
01.04.2021 06:44:17.302 GMT-0700,115.323,114.99700000000001,0.1,0.1
01.04.2021 06:44:17.368 GMT-0700,115.162,114.99799999999999,0.0008,0.075
01.04.2021 06:44:17.418 GMT-0700,115.323,114.90700000000001,0.1,0.1
01.04.2021 06:44:17.789 GMT-0700,115.133,114.757,0.1,0.1
01.04.2021 06:44:17.895 GMT-0700,115.133,114.867,0.1,0.1
01.04.2021 06:44:17.945 GMT-0700,115.113,114.73700000000001,0.1,0.1
01.04.2021 06:44:17.996 GMT-0700,115.132,114.738,0.1,0.1
01.04.2021 06:44:18.187 GMT-0700,115.103,114.73700000000001,0.0008,0.1
01.04.2021 06:44:18.237 GMT-0700,115.132,114.738,0.1,0.1
01.04.2021 06:44:18.287 GMT-0700,115.133,114.74700000000001,0.1,0.1
01.04.2021 06:44:18.562 GMT-0700,115.083,114.74700000000001,0.075,0.1
01.04.2021 06:44:18.663 GMT-0700,115.132,114.74799999999999,0.1,0.1
01.04.2021 06:44:18.884 GMT-0700,115.00200000000001,114.74799999999999,0.0008,0.1
01.04.2021 06:44:19.132 GMT-0700,115.26200000000001,114.80799999999999,0.1,0.1
01.04.2021 06:44:19.625 GMT-0700,115.17200000000001,114.758,0.075,0.1
01.04.2021 06:44:19.887 GMT-0700,115.273,114.81700000000001,0.1,0.1
01.04.2021 06:44:20.395 GMT-0700,115.022,114.568,0.1,0.1
01.04.2021 06:44:22.465 GMT-0700,114.643,114.197,0.1,0.1
01.04.2021 06:44:22.515 GMT-0700,114.64200000000001,114.27799999999999,0.1,0.1
01.04.2021 06:44:23.513 GMT-0700,114.643,114.35700000000001,0.1,0.0008
01.04.2021 06:44:23.671 GMT-0700,114.643,114.43700000000001,0.075,0.0008
01.04.2021 06:44:23.722 GMT-0700,114.913,114.43700000000001,0.1,0.1
01.04.2021 06:44:26.895 GMT-0700,114.322,114.128,0.1,0.1
01.04.2021 06:44:28.314 GMT-0700,114.463,114.13700000000001,0.0008,0.1
01.04.2021 06:44:28.415 GMT-0700,114.59299999999999,114.13700000000001,0.1,0.0008
01.04.2021 06:44:29.517 GMT-0700,114.45200000000001,114.008,0.075,0.1
01.04.2021 06:44:30.123 GMT-0700,114.45299999999999,114.007,0.0008,0.1
01.04.2021 06:44:30.226 GMT-0700,114.45200000000001,114.018,0.1,0.0008
01.04.2021 06:44:30.276 GMT-0700,114.523,114.037,0.1,0.1
01.04.2021 06:44:33.408 GMT-0700,114.89200000000001,114.548,0.1,0.1
01.04.2021 06:44:50.058 GMT-0700,115.18200000000002,114.77799999999999,0.1,0.1
01.04.2021 06:44:52.980 GMT-0700,115.18200000000002,114.738,0.1,0.1
01.04.2021 06:44:54.295 GMT-0700,115.18299999999999,114.74700000000001,0.1,0.1
01.04.2021 06:44:54.435 GMT-0700,115.18299999999999,114.73700000000001,0.1,0.1
01.04.2021 06:44:59.827 GMT-0700,115.18200000000002,114.74799999999999,0.1,0.0008
01.04.2021 06:45:01.066 GMT-0700,114.852,114.74799999999999,0.0008,0.075
01.04.2021 06:45:01.667 GMT-0700,114.913,114.41700000000002,0.0008,0.1
01.04.2021 06:45:01.878 GMT-0700,114.913,114.427,0.1,0.1
01.04.2021 06:45:02.098 GMT-0700,114.912,114.41799999999999,0.1,0.1
01.04.2021 06:45:02.918 GMT-0700,114.913,114.427,0.1,0.1
01.04.2021 06:45:03.086 GMT-0700,114.913,114.41700000000002,0.1,0.1
01.04.2021 06:45:04.899 GMT-0700,114.913,114.427,0.1,0.0008
01.04.2021 06:45:05.091 GMT-0700,114.912,114.41799999999999,0.1,0.1
01.04.2021 06:45:05.918 GMT-0700,114.912,114.428,0.1,0.1
01.04.2021 06:45:06.451 GMT-0700,114.912,114.49799999999999,0.1,0.1
01.04.2021 06:45:12.538 GMT-0700,114.853,114.49700000000001,0.0008,0.1
01.04.2021 06:45:12.588 GMT-0700,114.913,114.49700000000001,0.1,0.1
01.04.2021 06:45:13.119 GMT-0700,114.87200000000001,114.49799999999999,0.1,0.1
01.04.2021 06:45:15.331 GMT-0700,114.68299999999999,114.49700000000001,0.075,0.0008
01.04.2021 06:45:31.110 GMT-0700,114.913,114.45700000000001,0.1,0.075
01.04.2021 06:45:40.419 GMT-0700,115.18200000000002,114.74799999999999,0.1,0.0008
01.04.2021 06:45:49.157 GMT-0700,115.12299999999999,114.66700000000002,0.075,0.1
01.04.2021 06:45:49.855 GMT-0700,115.12299999999999,114.76700000000001,0.1,0.0008
01.04.2021 06:45:50.376 GMT-0700,115.18200000000002,114.768,0.1,0.1
01.04.2021 06:45:51.083 GMT-0700,115.18299999999999,114.77700000000002,0.1,0.0008
01.04.2021 06:45:52.167 GMT-0700,115.322,114.96799999999999,0.1,0.1
01.04.2021 06:45:54.090 GMT-0700,115.323,114.88700000000001,0.1,0.0008
01.04.2021 06:45:54.659 GMT-0700,115.322,115.128,0.1,0.1
01.04.2021 06:45:54.710 GMT-0700,115.473,115.197,0.1,0.1
01.04.2021 06:45:54.760 GMT-0700,115.47200000000001,115.268,0.1,0.1
01.04.2021 06:45:55.586 GMT-0700,115.603,115.10700000000001,0.1,0.075
01.04.2021 06:46:00.093 GMT-0700,115.61200000000001,115.198,0.1,0.1
01.04.2021 06:46:00.589 GMT-0700,115.602,115.198,0.1,0.1
01.04.2021 06:46:04.224 GMT-0700,115.59200000000001,115.208,0.1,0.1
01.04.2021 06:46:04.457 GMT-0700,115.59200000000001,115.198,0.1,0.1
01.04.2021 06:46:04.911 GMT-0700,115.583,115.197,0.0008,0.1
01.04.2021 06:46:05.541 GMT-0700,115.583,115.38700000000001,0.1,0.1
01.04.2021 06:46:05.617 GMT-0700,115.56299999999999,115.197,0.1,0.1
01.04.2021 06:46:05.736 GMT-0700,115.493,115.197,0.0008,0.1
01.04.2021 06:46:06.641 GMT-0700,115.34299999999999,115.197,0.0008,0.075
01.04.2021 06:46:06.754 GMT-0700,115.39200000000001,114.908,0.1,0.0008
01.04.2021 06:46:08.317 GMT-0700,115.393,114.91700000000002,0.1,0.075
01.04.2021 06:46:08.550 GMT-0700,115.393,114.90700000000001,0.1,0.1
01.04.2021 06:46:10.084 GMT-0700,115.493,115.05700000000002,0.1,0.075
01.04.2021 06:46:13.456 GMT-0700,115.48200000000001,115.068,0.0008,0.0008
01.04.2021 06:46:13.676 GMT-0700,115.492,115.05799999999999,0.1,0.1
01.04.2021 06:46:14.272 GMT-0700,115.48200000000001,115.05799999999999,0.1,0.1
01.04.2021 06:46:16.675 GMT-0700,115.28200000000001,115.05799999999999,0.075,0.0008
01.04.2021 06:46:16.726 GMT-0700,115.28200000000001,114.91799999999999,0.1,0.1
01.04.2021 06:46:16.834 GMT-0700,115.283,114.897,0.1,0.1
01.04.2021 06:46:17.321 GMT-0700,115.33200000000001,114.898,0.1,0.1
01.04.2021 06:46:22.207 GMT-0700,115.423,114.95700000000001,0.1,0.1
01.04.2021 06:46:22.779 GMT-0700,115.42200000000001,114.96799999999999,0.1,0.0008
01.04.2021 06:46:22.829 GMT-0700,115.42200000000001,114.958,0.1,0.1
01.04.2021 06:46:24.480 GMT-0700,115.423,114.96700000000001,0.1,0.0008
01.04.2021 06:46:24.750 GMT-0700,115.423,114.95700000000001,0.1,0.1
01.04.2021 06:46:32.420 GMT-0700,115.31299999999999,115.007,0.1,0.1
01.04.2021 06:46:33.912 GMT-0700,115.34299999999999,114.897,0.075,0.1
01.04.2021 06:46:40.801 GMT-0700,115.33200000000001,115.13799999999999,0.1,0.1
01.04.2021 06:46:40.851 GMT-0700,115.242,114.898,0.1,0.1
01.04.2021 06:46:41.306 GMT-0700,115.243,114.95700000000001,0.1,0.075
01.04.2021 06:46:44.413 GMT-0700,115.17200000000001,114.958,0.0008,0.075
01.04.2021 06:46:49.065 GMT-0700,115.23299999999999,114.897,0.1,0.1
01.04.2021 06:46:49.282 GMT-0700,115.22200000000001,114.898,0.0008,0.1
01.04.2021 06:46:49.438 GMT-0700,115.23299999999999,114.897,0.1,0.1
01.04.2021 06:46:49.715 GMT-0700,115.223,114.867,0.1,0.1
01.04.2021 06:46:49.816 GMT-0700,115.22200000000001,114.818,0.1,0.1
01.04.2021 06:46:50.115 GMT-0700,115.212,114.818,0.075,0.0008
01.04.2021 06:46:50.554 GMT-0700,114.962,114.66799999999999,0.1,0.1
01.04.2021 06:46:52.541 GMT-0700,115.113,114.66700000000002,0.0008,0.075
01.04.2021 06:46:52.591 GMT-0700,115.113,114.65700000000001,0.1,0.1
01.04.2021 06:46:56.498 GMT-0700,115.102,114.658,0.075,0.1
01.04.2021 06:46:56.549 GMT-0700,115.11200000000001,114.658,0.1,0.1
01.04.2021 06:46:57.139 GMT-0700,115.103,114.66700000000002,0.0008,0.0008
01.04.2021 06:46:58.026 GMT-0700,115.173,114.677,0.1,0.1
01.04.2021 06:47:01.698 GMT-0700,115.223,114.727,0.1,0.0008
01.04.2021 06:47:03.536 GMT-0700,114.87299999999999,114.727,0.1,0.1
01.04.2021 06:47:04.304 GMT-0700,115.223,114.727,0.1,0.1
01.04.2021 06:47:04.888 GMT-0700,115.213,114.727,0.0008,0.1
01.04.2021 06:47:05.087 GMT-0700,115.22200000000001,114.728,0.1,0.1
01.04.2021 06:47:05.240 GMT-0700,115.22200000000001,114.728,0.0008,0.1
01.04.2021 06:47:06.087 GMT-0700,115.213,114.727,0.075,0.1
01.04.2021 06:47:07.067 GMT-0700,115.20200000000001,114.728,0.0008,0.1
01.04.2021 06:47:07.332 GMT-0700,115.212,114.728,0.1,0.1
01.04.2021 06:47:08.466 GMT-0700,115.223,114.727,0.1,0.1
01.04.2021 06:47:09.461 GMT-0700,115.212,114.728,0.0008,0.1
01.04.2021 06:47:09.680 GMT-0700,115.22200000000001,114.728,0.1,0.1
01.04.2021 06:47:11.025 GMT-0700,115.212,114.728,0.0008,0.1
01.04.2021 06:47:11.497 GMT-0700,115.223,114.727,0.1,0.1
01.04.2021 06:47:11.696 GMT-0700,115.22200000000001,114.738,0.1,0.0008
01.04.2021 06:47:13.322 GMT-0700,115.213,114.73700000000001,0.1,0.1
01.04.2021 06:47:13.829 GMT-0700,115.22200000000001,114.738,0.1,0.1
01.04.2021 06:47:14.043 GMT-0700,115.06299999999999,114.73700000000001,0.075,0.1
01.04.2021 06:47:14.775 GMT-0700,115.053,114.73700000000001,0.075,0.1
01.04.2021 06:47:14.876 GMT-0700,115.06299999999999,114.73700000000001,0.1,0.1
01.04.2021 06:47:16.756 GMT-0700,115.06200000000001,114.728,0.1,0.1
01.04.2021 06:47:17.367 GMT-0700,115.052,114.728,0.075,0.1
01.04.2021 06:47:17.811 GMT-0700,115.06200000000001,114.728,0.1,0.1
01.04.2021 06:47:20.534 GMT-0700,115.053,114.727,0.075,0.1
01.04.2021 06:47:20.728 GMT-0700,115.06200000000001,114.728,0.1,0.1
01.04.2021 06:47:24.799 GMT-0700,115.052,114.728,0.0008,0.1
01.04.2021 06:47:24.999 GMT-0700,115.06299999999999,114.727,0.1,0.1
01.04.2021 06:47:26.695 GMT-0700,115.06299999999999,114.73700000000001,0.1,0.0008
01.04.2021 06:47:27.274 GMT-0700,114.802,114.738,0.0008,0.075
01.04.2021 06:47:27.324 GMT-0700,114.79200000000002,114.518,0.1,0.1
01.04.2021 06:47:27.829 GMT-0700,114.79200000000002,114.458,0.1,0.1
01.04.2021 06:47:29.794 GMT-0700,114.76299999999999,114.45700000000001,0.075,0.1
01.04.2021 06:47:31.681 GMT-0700,114.76299999999999,114.617,0.1,0.0008
01.04.2021 06:47:32.020 GMT-0700,114.68200000000002,114.618,0.075,0.0008
01.04.2021 06:47:32.070 GMT-0700,114.68299999999999,114.46700000000001,0.1,0.1
01.04.2021 06:47:32.121 GMT-0700,114.76299999999999,114.43700000000001,0.1,0.1
01.04.2021 06:47:33.183 GMT-0700,114.59200000000001,114.43799999999999,0.0008,0.075
01.04.2021 06:47:34.157 GMT-0700,114.59200000000001,114.238,0.1,0.1
01.04.2021 06:47:34.313 GMT-0700,114.59299999999999,114.26700000000001,0.1,0.075
01.04.2021 06:47:34.364 GMT-0700,114.59200000000001,114.228,0.1,0.1
01.04.2021 06:47:34.868 GMT-0700,114.573,114.26700000000001,0.1,0.1
01.04.2021 06:47:36.185 GMT-0700,114.573,114.27700000000002,0.1,0.0008
01.04.2021 06:47:36.285 GMT-0700,114.573,114.26700000000001,0.1,0.1
01.04.2021 06:47:36.685 GMT-0700,114.533,114.227,0.1,0.1
01.04.2021 06:47:36.791 GMT-0700,114.573,114.227,0.1,0.1
01.04.2021 06:47:37.193 GMT-0700,114.573,114.27700000000002,0.1,0.075
01.04.2021 06:47:37.432 GMT-0700,114.572,114.288,0.1,0.0008
01.04.2021 06:47:37.668 GMT-0700,114.572,114.27799999999999,0.1,0.1
01.04.2021 06:47:37.835 GMT-0700,114.56299999999999,114.27700000000002,0.0008,0.1
01.04.2021 06:47:38.235 GMT-0700,114.56299999999999,114.287,0.1,0.075
01.04.2021 06:47:38.398 GMT-0700,114.56200000000001,114.27799999999999,0.1,0.1
01.04.2021 06:47:39.410 GMT-0700,114.56299999999999,114.227,0.1,0.1
01.04.2021 06:47:39.520 GMT-0700,114.56299999999999,114.23700000000001,0.1,0.075
01.04.2021 06:47:40.192 GMT-0700,114.662,114.238,0.1,0.1
01.04.2021 06:47:41.036 GMT-0700,114.662,114.24799999999999,0.1,0.1
01.04.2021 06:47:41.701 GMT-0700,114.663,114.257,0.1,0.0008
01.04.2021 06:47:42.145 GMT-0700,114.663,114.24700000000001,0.1,0.1
01.04.2021 06:47:42.947 GMT-0700,114.663,114.257,0.1,0.1
01.04.2021 06:47:43.491 GMT-0700,114.662,114.24799999999999,0.1,0.1
01.04.2021 06:47:43.541 GMT-0700,114.663,114.35700000000001,0.1,0.1
01.04.2021 06:47:44.687 GMT-0700,114.603,114.35700000000001,0.0008,0.1
01.04.2021 06:47:46.341 GMT-0700,114.663,114.35700000000001,0.1,0.1
01.04.2021 06:47:52.581 GMT-0700,114.662,114.24799999999999,0.1,0.1
01.04.2021 06:47:54.395 GMT-0700,114.662,114.258,0.1,0.075
01.04.2021 06:47:54.578 GMT-0700,114.663,114.24700000000001,0.1,0.1
01.04.2021 06:47:56.759 GMT-0700,114.523,114.24700000000001,0.075,0.1
01.04.2021 06:47:56.810 GMT-0700,114.51299999999999,114.227,0.1,0.1
01.04.2021 06:47:57.316 GMT-0700,114.48200000000001,114.238,0.1,0.1
01.04.2021 06:47:57.367 GMT-0700,114.50200000000001,114.238,0.1,0.1
01.04.2021 06:47:57.479 GMT-0700,114.50200000000001,114.21799999999999,0.1,0.0008
01.04.2021 06:47:57.904 GMT-0700,114.503,114.04700000000001,0.1,0.1
01.04.2021 06:47:58.369 GMT-0700,114.662,114.228,0.1,0.1
01.04.2021 06:47:58.740 GMT-0700,114.29299999999999,114.037,0.1,0.1
01.04.2021 06:47:59.788 GMT-0700,114.31200000000001,114.038,0.0008,0.1
01.04.2021 06:47:59.838 GMT-0700,114.45200000000001,114.038,0.1,0.1
01.04.2021 06:48:00.081 GMT-0700,114.29299999999999,114.037,0.0008,0.1
01.04.2021 06:48:00.132 GMT-0700,114.45200000000001,114.038,0.1,0.1
01.04.2021 06:48:00.182 GMT-0700,114.44200000000001,114.098,0.1,0.1
01.04.2021 06:48:00.232 GMT-0700,114.45200000000001,114.018,0.1,0.1
01.04.2021 06:48:01.737 GMT-0700,114.45299999999999,114.197,0.1,0.075
01.04.2021 06:48:01.787 GMT-0700,114.45299999999999,114.01700000000001,0.1,0.1
01.04.2021 06:48:02.093 GMT-0700,114.45200000000001,114.02799999999999,0.1,0.1
01.04.2021 06:48:02.549 GMT-0700,114.44200000000001,114.02799999999999,0.0008,0.1
01.04.2021 06:48:02.845 GMT-0700,114.45200000000001,114.02799999999999,0.1,0.1
01.04.2021 06:48:03.620 GMT-0700,114.45299999999999,114.05700000000002,0.1,0.0008
01.04.2021 06:48:05.070 GMT-0700,114.45299999999999,114.197,0.1,0.0008
01.04.2021 06:48:09.146 GMT-0700,114.443,114.05700000000002,0.1,0.1
01.04.2021 06:48:09.197 GMT-0700,114.45200000000001,114.05799999999999,0.1,0.1
01.04.2021 06:48:09.603 GMT-0700,114.443,114.05700000000002,0.075,0.1
01.04.2021 06:48:10.182 GMT-0700,114.33200000000001,114.05799999999999,0.1,0.1
01.04.2021 06:48:10.287 GMT-0700,114.44200000000001,114.05799999999999,0.1,0.1
01.04.2021 06:48:13.680 GMT-0700,114.43200000000002,114.05799999999999,0.0008,0.1
01.04.2021 06:48:13.920 GMT-0700,114.45299999999999,114.05700000000002,0.1,0.1
01.04.2021 06:48:15.365 GMT-0700,114.44200000000001,114.05799999999999,0.1,0.1
01.04.2021 06:48:15.896 GMT-0700,114.45200000000001,114.05799999999999,0.1,0.1
01.04.2021 06:48:16.280 GMT-0700,114.253,113.99700000000001,0.1,0.1
01.04.2021 06:48:16.330 GMT-0700,114.45299999999999,113.99700000000001,0.1,0.1
01.04.2021 06:48:16.380 GMT-0700,114.44200000000001,113.99799999999999,0.1,0.1
01.04.2021 06:48:18.550 GMT-0700,114.44200000000001,114.038,0.1,0.1
01.04.2021 06:48:18.665 GMT-0700,114.45200000000001,114.038,0.1,0.1
01.04.2021 06:48:23.858 GMT-0700,114.45200000000001,114.128,0.1,0.0008
01.04.2021 06:48:24.009 GMT-0700,114.253,114.037,0.075,0.1
01.04.2021 06:48:24.060 GMT-0700,114.26299999999999,114.037,0.1,0.1
01.04.2021 06:48:24.404 GMT-0700,114.25200000000001,114.038,0.0008,0.1
01.04.2021 06:48:24.454 GMT-0700,114.34200000000001,114.038,0.1,0.1
01.04.2021 06:48:24.505 GMT-0700,114.33200000000001,114.038,0.1,0.1
01.04.2021 06:48:24.555 GMT-0700,114.45299999999999,114.037,0.1,0.1
01.04.2021 06:48:25.063 GMT-0700,114.272,114.038,0.0008,0.1
01.04.2021 06:48:25.489 GMT-0700,114.34299999999999,114.037,0.1,0.1
01.04.2021 06:48:25.748 GMT-0700,114.45299999999999,114.037,0.1,0.1
01.04.2021 06:48:26.637 GMT-0700,114.443,114.037,0.1,0.1
01.04.2021 06:48:26.820 GMT-0700,114.45200000000001,114.038,0.1,0.1
01.04.2021 06:48:28.267 GMT-0700,114.44200000000001,114.038,0.0008,0.1
01.04.2021 06:48:28.497 GMT-0700,114.45299999999999,114.037,0.1,0.1
01.04.2021 06:48:29.001 GMT-0700,114.175,114.04700000000001,0.075,0.075
01.04.2021 06:48:29.051 GMT-0700,114.25200000000001,114.048,0.1,0.1
01.04.2021 06:48:29.736 GMT-0700,114.45200000000001,114.048,0.1,0.1
01.04.2021 06:48:29.852 GMT-0700,114.44200000000001,114.048,0.075,0.1
01.04.2021 06:48:29.997 GMT-0700,114.44200000000001,114.118,0.0008,0.075
01.04.2021 06:48:30.048 GMT-0700,114.45200000000001,114.118,0.1,0.1
01.04.2021 06:48:32.800 GMT-0700,114.44200000000001,114.118,0.0008,0.1
01.04.2021 06:48:33.001 GMT-0700,114.45299999999999,114.117,0.1,0.1
01.04.2021 06:48:33.899 GMT-0700,114.443,114.117,0.0008,0.1
01.04.2021 06:48:34.292 GMT-0700,114.45200000000001,114.118,0.1,0.1
01.04.2021 06:48:34.343 GMT-0700,114.34200000000001,114.118,0.1,0.1
01.04.2021 06:48:36.688 GMT-0700,114.333,114.18700000000001,0.075,0.075
01.04.2021 06:48:36.738 GMT-0700,114.45299999999999,114.197,0.1,0.1
01.04.2021 06:48:46.855 GMT-0700,114.443,114.197,0.0008,0.075
01.04.2021 06:48:46.905 GMT-0700,114.44200000000001,114.008,0.1,0.1
01.04.2021 06:48:47.001 GMT-0700,114.443,114.117,0.1,0.0008
01.04.2021 06:48:47.869 GMT-0700,114.45299999999999,114.117,0.1,0.1
01.04.2021 06:48:48.960 GMT-0700,114.25200000000001,114.068,0.1,0.1
01.04.2021 06:48:49.010 GMT-0700,114.25200000000001,113.99799999999999,0.1,0.1
01.04.2021 06:48:58.755 GMT-0700,114.17200000000001,113.99799999999999,0.0008,0.1
01.04.2021 06:48:58.805 GMT-0700,114.25200000000001,114.068,0.1,0.1
01.04.2021 06:48:58.856 GMT-0700,114.253,113.99700000000001,0.1,0.1
01.04.2021 06:49:00.014 GMT-0700,114.443,114.12700000000001,0.1,0.1
01.04.2021 06:49:00.065 GMT-0700,114.45299999999999,114.02700000000002,0.1,0.1
01.04.2021 06:49:00.861 GMT-0700,114.443,114.037,0.075,0.075
01.04.2021 06:49:01.129 GMT-0700,114.45299999999999,114.02700000000002,0.1,0.1
01.04.2021 06:49:01.919 GMT-0700,114.44200000000001,114.038,0.1,0.1
01.04.2021 06:49:02.243 GMT-0700,114.45299999999999,114.02700000000002,0.1,0.1
01.04.2021 06:49:03.378 GMT-0700,114.45299999999999,114.26700000000001,0.0008,0.075
01.04.2021 06:49:03.428 GMT-0700,114.662,114.16799999999999,0.1,0.1
01.04.2021 06:49:04.089 GMT-0700,114.662,114.178,0.1,0.075
01.04.2021 06:49:06.559 GMT-0700,114.65200000000002,114.18799999999999,0.0008,0.0008
01.04.2021 06:49:06.665 GMT-0700,114.663,114.177,0.1,0.1
01.04.2021 06:49:06.725 GMT-0700,114.663,114.32700000000001,0.1,0.0008
01.04.2021 06:49:07.589 GMT-0700,114.65299999999999,114.32700000000001,0.1,0.1
01.04.2021 06:49:07.713 GMT-0700,114.663,114.32700000000001,0.1,0.1
01.04.2021 06:49:09.054 GMT-0700,114.65299999999999,114.32700000000001,0.0008,0.1
01.04.2021 06:49:09.104 GMT-0700,114.662,114.32799999999999,0.1,0.1
01.04.2021 06:49:10.159 GMT-0700,114.65299999999999,114.32700000000001,0.1,0.1
01.04.2021 06:49:10.352 GMT-0700,114.663,114.32700000000001,0.1,0.1
01.04.2021 06:49:10.627 GMT-0700,114.493,114.32700000000001,0.075,0.0008
01.04.2021 06:49:11.138 GMT-0700,114.54299999999999,114.13700000000001,0.1,0.0008
01.04.2021 06:49:11.587 GMT-0700,114.53200000000001,114.148,0.075,0.075
01.04.2021 06:49:11.638 GMT-0700,114.53200000000001,114.13799999999999,0.1,0.1
01.04.2021 06:49:11.840 GMT-0700,114.53200000000001,114.16799999999999,0.1,0.075
01.04.2021 06:49:12.034 GMT-0700,114.54299999999999,114.13700000000001,0.1,0.1
01.04.2021 06:49:12.655 GMT-0700,114.663,114.257,0.1,0.0008
01.04.2021 06:49:13.121 GMT-0700,114.65200000000002,114.258,0.1,0.1
01.04.2021 06:49:13.361 GMT-0700,114.65200000000002,114.268,0.1,0.0008
01.04.2021 06:49:13.512 GMT-0700,114.662,114.268,0.1,0.1
01.04.2021 06:49:13.563 GMT-0700,114.663,114.40700000000001,0.1,0.1
01.04.2021 06:49:14.793 GMT-0700,114.53200000000001,114.405,0.075,0.0008
01.04.2021 06:49:14.894 GMT-0700,114.533,114.29700000000001,0.1,0.1
01.04.2021 06:49:15.102 GMT-0700,114.42200000000001,114.02799999999999,0.1,0.1
01.04.2021 06:49:16.616 GMT-0700,114.54299999999999,114.26700000000001,0.1,0.0008
01.04.2021 06:49:16.925 GMT-0700,114.53200000000001,114.268,0.075,0.1
01.04.2021 06:49:17.082 GMT-0700,114.352,114.268,0.0008,0.075
01.04.2021 06:49:17.133 GMT-0700,114.47200000000001,114.02799999999999,0.1,0.1
01.04.2021 06:49:17.392 GMT-0700,114.333,114.01700000000001,0.0008,0.1
01.04.2021 06:49:17.575 GMT-0700,114.463,114.15700000000001,0.1,0.1
01.04.2021 06:49:18.643 GMT-0700,114.26299999999999,114.15700000000001,0.0008,0.1
01.04.2021 06:49:18.693 GMT-0700,114.333,114.15700000000001,0.1,0.1
01.04.2021 06:49:18.841 GMT-0700,114.322,114.158,0.1,0.1
01.04.2021 06:49:21.266 GMT-0700,114.473,114.15700000000001,0.1,0.1
01.04.2021 06:49:21.638 GMT-0700,114.473,114.06700000000001,0.1,0.1
01.04.2021 06:49:21.721 GMT-0700,114.212,114.068,0.0008,0.1
01.04.2021 06:49:21.772 GMT-0700,114.47200000000001,114.068,0.1,0.1
01.04.2021 06:49:21.841 GMT-0700,114.28200000000001,114.068,0.0008,0.1
01.04.2021 06:49:21.942 GMT-0700,114.473,114.06700000000001,0.1,0.1
01.04.2021 06:49:22.028 GMT-0700,114.273,114.06700000000001,0.0008,0.1
01.04.2021 06:49:22.128 GMT-0700,114.273,113.99700000000001,0.1,0.1
01.04.2021 06:49:22.179 GMT-0700,114.473,113.99700000000001,0.1,0.1
01.04.2021 06:49:22.229 GMT-0700,114.26200000000001,113.99799999999999,0.1,0.1
01.04.2021 06:49:22.538 GMT-0700,114.26299999999999,114.037,0.1,0.075
01.04.2021 06:49:22.709 GMT-0700,114.273,114.037,0.1,0.1
01.04.2021 06:49:22.759 GMT-0700,114.242,114.038,0.1,0.1
01.04.2021 06:49:23.144 GMT-0700,114.47200000000001,114.038,0.1,0.1
01.04.2021 06:49:23.224 GMT-0700,114.463,114.037,0.1,0.1
01.04.2021 06:49:23.352 GMT-0700,114.47200000000001,114.038,0.1,0.1
01.04.2021 06:49:23.402 GMT-0700,114.272,114.038,0.1,0.1
01.04.2021 06:49:23.521 GMT-0700,114.212,114.038,0.1,0.1
01.04.2021 06:49:24.218 GMT-0700,114.213,114.04700000000001,0.1,0.0008
01.04.2021 06:49:24.268 GMT-0700,114.462,113.99799999999999,0.1,0.1
01.04.2021 06:49:24.319 GMT-0700,114.473,113.99700000000001,0.1,0.1
01.04.2021 06:49:25.082 GMT-0700,114.47200000000001,114.018,0.1,0.0008
01.04.2021 06:49:25.248 GMT-0700,114.272,114.018,0.1,0.1
01.04.2021 06:49:25.968 GMT-0700,114.26299999999999,113.99700000000001,0.1,0.1
01.04.2021 06:49:26.202 GMT-0700,114.26200000000001,114.008,0.075,0.0008
01.04.2021 06:49:26.252 GMT-0700,114.47200000000001,114.008,0.1,0.1
01.04.2021 06:49:26.326 GMT-0700,114.163,114.008,0.0008,0.1
01.04.2021 06:49:26.544 GMT-0700,114.163,114.07700000000001,0.075,0.0008
01.04.2021 06:49:26.594 GMT-0700,114.273,114.07700000000001,0.1,0.1
01.04.2021 06:49:27.590 GMT-0700,114.272,114.018,0.1,0.1
01.04.2021 06:49:27.640 GMT-0700,114.273,114.02700000000002,0.1,0.1
01.04.2021 06:49:27.899 GMT-0700,114.273,114.01700000000001,0.1,0.1
01.04.2021 06:49:28.514 GMT-0700,114.473,114.18700000000001,0.1,0.1
01.04.2021 06:49:28.564 GMT-0700,114.463,114.227,0.1,0.1
01.04.2021 06:49:28.614 GMT-0700,114.473,114.117,0.1,0.1
01.04.2021 06:49:28.665 GMT-0700,114.47200000000001,114.048,0.1,0.1
01.04.2021 06:49:28.764 GMT-0700,114.47200000000001,114.198,0.1,0.0008
01.04.2021 06:49:28.943 GMT-0700,114.363,114.197,0.1,0.1
01.04.2021 06:49:29.444 GMT-0700,114.473,114.197,0.1,0.1
01.04.2021 06:49:29.615 GMT-0700,114.352,114.198,0.1,0.1
01.04.2021 06:49:30.778 GMT-0700,114.352,114.337,0.075,0.0008
01.04.2021 06:49:30.828 GMT-0700,114.662,114.228,0.1,0.1
01.04.2021 06:49:30.878 GMT-0700,114.54200000000002,114.228,0.1,0.1
01.04.2021 06:49:31.305 GMT-0700,114.54200000000002,114.238,0.1,0.1
01.04.2021 06:49:31.560 GMT-0700,114.54299999999999,114.287,0.1,0.1
01.04.2021 06:49:31.832 GMT-0700,114.54200000000002,114.30799999999999,0.1,0.075
01.04.2021 06:49:33.529 GMT-0700,114.50200000000001,114.30799999999999,0.0008,0.1
01.04.2021 06:49:38.395 GMT-0700,114.662,114.30799999999999,0.1,0.1
01.04.2021 06:49:38.446 GMT-0700,114.50200000000001,114.30799999999999,0.1,0.1
01.04.2021 06:49:44.025 GMT-0700,114.663,114.30700000000002,0.1,0.1
01.04.2021 06:49:44.075 GMT-0700,114.48299999999999,114.30700000000002,0.1,0.1
01.04.2021 06:49:45.498 GMT-0700,114.47200000000001,114.05799999999999,0.1,0.1
01.04.2021 06:49:46.691 GMT-0700,114.533,114.30700000000002,0.0008,0.0008
01.04.2021 06:49:46.792 GMT-0700,114.54200000000002,114.30799999999999,0.1,0.1
01.04.2021 06:49:48.545 GMT-0700,114.662,114.30799999999999,0.1,0.1
01.04.2021 06:49:49.128 GMT-0700,114.65200000000002,114.30799999999999,0.0008,0.1
01.04.2021 06:49:49.447 GMT-0700,114.663,114.30700000000002,0.1,0.1
01.04.2021 06:49:50.020 GMT-0700,114.65299999999999,114.30700000000002,0.0008,0.1
01.04.2021 06:49:50.393 GMT-0700,114.662,114.30799999999999,0.1,0.1
01.04.2021 06:49:51.222 GMT-0700,114.65299999999999,114.30700000000002,0.075,0.1
01.04.2021 06:49:51.742 GMT-0700,114.662,114.30799999999999,0.1,0.1
01.04.2021 06:49:52.533 GMT-0700,114.48200000000001,114.30799999999999,0.075,0.1
01.04.2021 06:49:52.583 GMT-0700,114.48299999999999,114.26700000000001,0.1,0.1
01.04.2021 06:49:52.697 GMT-0700,114.48200000000001,114.30799999999999,0.1,0.0008
01.04.2021 06:49:57.246 GMT-0700,114.553,114.257,0.1,0.1
01.04.2021 06:49:57.413 GMT-0700,114.553,114.337,0.1,0.075
01.04.2021 06:49:58.129 GMT-0700,114.553,114.257,0.1,0.1
01.04.2021 06:49:58.205 GMT-0700,114.552,114.428,0.1,0.075
01.04.2021 06:49:59.702 GMT-0700,114.553,114.26700000000001,0.1,0.1
01.04.2021 06:49:59.849 GMT-0700,114.552,114.258,0.1,0.1
01.04.2021 06:50:00.045 GMT-0700,114.553,114.427,0.1,0.1
01.04.2021 06:50:03.606 GMT-0700,114.552,114.488,0.0008,0.075
01.04.2021 06:50:03.657 GMT-0700,114.65299999999999,114.51700000000001,0.1,0.1
01.04.2021 06:50:03.757 GMT-0700,114.62200000000001,114.518,0.1,0.1
01.04.2021 06:50:06.181 GMT-0700,114.84200000000001,114.518,0.1,0.1
01.04.2021 06:50:06.245 GMT-0700,114.852,114.518,0.1,0.1
01.04.2021 06:50:07.069 GMT-0700,114.76200000000001,114.518,0.075,0.1
01.04.2021 06:50:09.555 GMT-0700,114.75200000000001,114.518,0.0008,0.1
01.04.2021 06:50:09.725 GMT-0700,114.852,114.588,0.1,0.1
01.04.2021 06:50:11.381 GMT-0700,114.84200000000001,114.518,0.1,0.1
01.04.2021 06:50:11.544 GMT-0700,114.853,114.51700000000001,0.1,0.1
01.04.2021 06:50:12.499 GMT-0700,114.84200000000001,114.518,0.1,0.1
01.04.2021 06:50:12.550 GMT-0700,114.75200000000001,114.38799999999999,0.1,0.1
01.04.2021 06:50:12.600 GMT-0700,114.603,114.38700000000001,0.1,0.1
01.04.2021 06:50:12.651 GMT-0700,114.76299999999999,114.38700000000001,0.1,0.1
01.04.2021 06:50:12.701 GMT-0700,114.76299999999999,114.41700000000002,0.1,0.1
01.04.2021 06:50:12.908 GMT-0700,114.76299999999999,114.38700000000001,0.1,0.1
01.04.2021 06:50:13.437 GMT-0700,114.76200000000001,114.49799999999999,0.1,0.075
01.04.2021 06:50:13.836 GMT-0700,114.54200000000002,114.38799999999999,0.1,0.1
01.04.2021 06:50:13.886 GMT-0700,114.76299999999999,114.38700000000001,0.1,0.1
01.04.2021 06:50:14.754 GMT-0700,114.56200000000001,114.38799999999999,0.0008,0.1
01.04.2021 06:50:16.779 GMT-0700,114.51200000000001,114.38799999999999,0.1,0.1
01.04.2021 06:50:16.829 GMT-0700,114.56200000000001,114.38799999999999,0.1,0.1
01.04.2021 06:50:19.823 GMT-0700,114.65200000000002,114.38799999999999,0.1,0.1
01.04.2021 06:50:19.916 GMT-0700,114.553,114.38700000000001,0.1,0.1
01.04.2021 06:50:22.092 GMT-0700,114.552,114.398,0.1,0.075
01.04.2021 06:50:23.343 GMT-0700,114.553,114.45700000000001,0.1,0.075
01.04.2021 06:50:23.394 GMT-0700,114.552,114.38799999999999,0.1,0.1
01.04.2021 06:50:24.623 GMT-0700,114.552,114.458,0.1,0.1
01.04.2021 06:50:24.988 GMT-0700,114.65200000000002,114.458,0.1,0.1
01.04.2021 06:50:25.060 GMT-0700,114.533,114.45700000000001,0.0008,0.1
01.04.2021 06:50:25.488 GMT-0700,114.522,114.458,0.075,0.0008
01.04.2021 06:50:25.539 GMT-0700,114.643,114.397,0.1,0.1
01.04.2021 06:50:25.794 GMT-0700,114.65299999999999,114.397,0.1,0.1
01.04.2021 06:50:26.446 GMT-0700,114.643,114.397,0.0008,0.075
01.04.2021 06:50:26.496 GMT-0700,114.65200000000002,114.38799999999999,0.1,0.1
01.04.2021 06:50:26.558 GMT-0700,114.65299999999999,114.48700000000001,0.1,0.0008
01.04.2021 06:50:26.609 GMT-0700,114.68200000000002,114.488,0.1,0.1
01.04.2021 06:50:31.988 GMT-0700,114.67200000000001,114.488,0.0008,0.1
01.04.2021 06:50:32.256 GMT-0700,114.68200000000002,114.488,0.1,0.1
01.04.2021 06:50:33.014 GMT-0700,114.673,114.48700000000001,0.075,0.1
01.04.2021 06:50:33.114 GMT-0700,114.68200000000002,114.488,0.1,0.1
01.04.2021 06:50:33.286 GMT-0700,114.54299999999999,114.48700000000001,0.075,0.0008
01.04.2021 06:50:33.337 GMT-0700,114.67200000000001,114.398,0.1,0.1
01.04.2021 06:50:33.478 GMT-0700,114.662,114.398,0.0008,0.1
01.04.2021 06:50:37.445 GMT-0700,114.663,114.507,0.1,0.075
01.04.2021 06:50:37.495 GMT-0700,114.662,114.38799999999999,0.1,0.1
01.04.2021 06:50:37.697 GMT-0700,114.662,114.49799999999999,0.1,0.0008
01.04.2021 06:50:38.201 GMT-0700,114.58200000000001,114.49799999999999,0.075,0.0008
01.04.2021 06:50:38.251 GMT-0700,114.65200000000002,114.38799999999999,0.1,0.1
01.04.2021 06:50:39.260 GMT-0700,114.663,114.38700000000001,0.1,0.1
01.04.2021 06:50:39.681 GMT-0700,114.643,114.38700000000001,0.1,0.1
01.04.2021 06:50:39.830 GMT-0700,114.643,114.397,0.1,0.0008
01.04.2021 06:50:40.742 GMT-0700,114.663,114.397,0.1,0.1
01.04.2021 06:50:40.903 GMT-0700,114.65200000000002,114.398,0.075,0.1
01.04.2021 06:50:41.192 GMT-0700,114.663,114.397,0.1,0.1
01.04.2021 06:50:43.895 GMT-0700,114.65200000000002,114.398,0.0008,0.1
01.04.2021 06:50:44.341 GMT-0700,114.662,114.398,0.1,0.1
01.04.2021 06:50:47.110 GMT-0700,114.65200000000002,114.398,0.0008,0.1
01.04.2021 06:50:47.545 GMT-0700,114.662,114.398,0.1,0.1
01.04.2021 06:50:49.206 GMT-0700,114.65200000000002,114.398,0.075,0.1
01.04.2021 06:50:49.307 GMT-0700,114.663,114.397,0.1,0.1
01.04.2021 06:50:50.766 GMT-0700,114.65200000000002,114.398,0.0008,0.1
01.04.2021 06:50:50.866 GMT-0700,114.662,114.398,0.1,0.1
01.04.2021 06:50:50.919 GMT-0700,114.662,114.458,0.1,0.075
01.04.2021 06:50:51.151 GMT-0700,114.663,114.46700000000001,0.1,0.1
01.04.2021 06:50:51.951 GMT-0700,114.65200000000002,114.46799999999999,0.075,0.1
01.04.2021 06:50:52.051 GMT-0700,114.663,114.46700000000001,0.1,0.1
01.04.2021 06:50:52.777 GMT-0700,114.65200000000002,114.46799999999999,0.075,0.1
01.04.2021 06:50:52.952 GMT-0700,114.663,114.46700000000001,0.1,0.1
01.04.2021 06:50:53.821 GMT-0700,114.572,114.46799999999999,0.0008,0.075
01.04.2021 06:50:53.872 GMT-0700,114.573,114.26700000000001,0.1,0.1
01.04.2021 06:50:53.972 GMT-0700,114.572,114.30799999999999,0.1,0.1
01.04.2021 06:50:54.729 GMT-0700,114.37299999999999,114.30700000000002,0.075,0.0008
01.04.2021 06:50:54.779 GMT-0700,114.272,114.098,0.1,0.1
01.04.2021 06:50:54.880 GMT-0700,114.47200000000001,114.018,0.1,0.1
01.04.2021 06:50:54.930 GMT-0700,114.47200000000001,114.10799999999999,0.1,0.1
01.04.2021 06:50:55.648 GMT-0700,114.47200000000001,114.02799999999999,0.1,0.1
01.04.2021 06:50:56.886 GMT-0700,114.462,114.228,0.0008,0.0008
01.04.2021 06:50:56.936 GMT-0700,114.473,114.227,0.1,0.1
01.04.2021 06:50:57.249 GMT-0700,114.47200000000001,114.198,0.1,0.1
01.04.2021 06:50:58.850 GMT-0700,114.473,114.20700000000001,0.1,0.0008
01.04.2021 06:50:59.259 GMT-0700,114.473,114.197,0.1,0.1
01.04.2021 06:50:59.362 GMT-0700,114.44200000000001,114.198,0.0008,0.1
01.04.2021 06:51:02.571 GMT-0700,114.44200000000001,114.208,0.1,0.0008
01.04.2021 06:51:02.849 GMT-0700,114.443,114.197,0.1,0.1
01.04.2021 06:51:05.389 GMT-0700,114.42200000000001,114.30799999999999,0.0008,0.0008
01.04.2021 06:51:07.340 GMT-0700,114.42200000000001,114.32799999999999,0.1,0.0008
01.04.2021 06:51:07.390 GMT-0700,114.382,114.208,0.1,0.1
01.04.2021 06:51:07.490 GMT-0700,114.352,114.088,0.1,0.1
01.04.2021 06:51:07.541 GMT-0700,114.352,114.018,0.1,0.1
01.04.2021 06:51:07.629 GMT-0700,114.353,114.21700000000001,0.1,0.075
01.04.2021 06:51:09.625 GMT-0700,114.353,114.26700000000001,0.1,0.0008
01.04.2021 06:51:09.726 GMT-0700,114.413,114.21700000000001,0.1,0.1
01.04.2021 06:51:09.826 GMT-0700,114.42200000000001,114.21799999999999,0.1,0.1
01.04.2021 06:51:09.918 GMT-0700,114.412,114.288,0.075,0.075
01.04.2021 06:51:09.968 GMT-0700,114.412,114.198,0.075,0.1
01.04.2021 06:51:10.019 GMT-0700,114.412,114.268,0.1,0.1
01.04.2021 06:51:15.175 GMT-0700,114.40299999999999,114.26700000000001,0.0008,0.1
01.04.2021 06:51:18.233 GMT-0700,114.39200000000001,114.268,0.0008,0.1
01.04.2021 06:51:20.287 GMT-0700,114.383,114.26700000000001,0.1,0.1
01.04.2021 06:51:20.454 GMT-0700,114.39200000000001,114.268,0.1,0.1
01.04.2021 06:51:21.611 GMT-0700,114.383,114.26700000000001,0.0008,0.1
01.04.2021 06:51:22.051 GMT-0700,114.33200000000001,114.268,0.1,0.1
01.04.2021 06:51:22.101 GMT-0700,114.462,114.27799999999999,0.1,0.1
01.04.2021 06:51:22.216 GMT-0700,114.473,114.27700000000002,0.1,0.1
01.04.2021 06:51:23.108 GMT-0700,114.473,114.26700000000001,0.1,0.1
01.04.2021 06:51:23.720 GMT-0700,114.463,114.26700000000001,0.1,0.1
01.04.2021 06:51:23.770 GMT-0700,114.473,114.26700000000001,0.1,0.1
01.04.2021 06:51:25.223 GMT-0700,114.462,114.268,0.075,0.0008
01.04.2021 06:51:25.273 GMT-0700,114.463,114.24700000000001,0.1,0.1
01.04.2021 06:51:25.324 GMT-0700,114.47200000000001,114.24799999999999,0.1,0.1
01.04.2021 06:51:25.374 GMT-0700,114.473,114.27700000000002,0.1,0.1
01.04.2021 06:51:25.872 GMT-0700,114.463,114.27700000000002,0.0008,0.1
01.04.2021 06:51:26.066 GMT-0700,114.47200000000001,114.27799999999999,0.1,0.1
01.04.2021 06:51:26.604 GMT-0700,114.462,114.27799999999999,0.075,0.1
01.04.2021 06:51:26.655 GMT-0700,114.473,114.24700000000001,0.1,0.1
01.04.2021 06:51:26.739 GMT-0700,114.473,114.27700000000002,0.1,0.075
01.04.2021 06:51:26.840 GMT-0700,114.572,114.288,0.1,0.1
01.04.2021 06:51:28.168 GMT-0700,114.572,114.27799999999999,0.1,0.1
01.04.2021 06:51:28.820 GMT-0700,114.56200000000001,114.27799999999999,0.1,0.1
01.04.2021 06:51:28.871 GMT-0700,114.572,114.27799999999999,0.1,0.1
01.04.2021 06:51:30.226 GMT-0700,114.56200000000001,114.27799999999999,0.1,0.1
01.04.2021 06:51:30.748 GMT-0700,114.573,114.27700000000002,0.1,0.1
01.04.2021 06:51:31.745 GMT-0700,114.56299999999999,114.27700000000002,0.075,0.1
01.04.2021 06:51:31.795 GMT-0700,114.56200000000001,114.238,0.1,0.1
01.04.2021 06:51:31.896 GMT-0700,114.56200000000001,114.338,0.1,0.1
01.04.2021 06:51:31.946 GMT-0700,114.662,114.338,0.1,0.1
01.04.2021 06:51:32.474 GMT-0700,114.65200000000002,114.338,0.0008,0.1
01.04.2021 06:51:32.525 GMT-0700,114.662,114.338,0.1,0.1
01.04.2021 06:51:33.388 GMT-0700,114.65200000000002,114.338,0.0008,0.1
01.04.2021 06:51:33.438 GMT-0700,114.663,114.337,0.1,0.1
01.04.2021 06:51:33.951 GMT-0700,114.65299999999999,114.337,0.075,0.1
01.04.2021 06:51:34.344 GMT-0700,114.663,114.337,0.1,0.1
01.04.2021 06:51:37.473 GMT-0700,114.65299999999999,114.337,0.1,0.1
01.04.2021 06:51:37.942 GMT-0700,114.663,114.337,0.1,0.1
01.04.2021 06:51:38.146 GMT-0700,114.662,114.43799999999999,0.1,0.075
01.04.2021 06:51:38.196 GMT-0700,114.663,114.337,0.1,0.1
01.04.2021 06:51:38.295 GMT-0700,114.662,114.398,0.1,0.0008
01.04.2021 06:51:39.617 GMT-0700,114.65299999999999,114.397,0.075,0.1
01.04.2021 06:51:39.718 GMT-0700,114.663,114.397,0.1,0.1
01.04.2021 06:51:42.218 GMT-0700,114.662,114.408,0.0008,0.075
01.04.2021 06:51:42.269 GMT-0700,114.753,114.40700000000001,0.1,0.1
01.04.2021 06:51:42.319 GMT-0700,114.76200000000001,114.518,0.1,0.1
01.04.2021 06:51:42.948 GMT-0700,114.75200000000001,114.518,0.1,0.1
01.04.2021 06:51:43.097 GMT-0700,114.76200000000001,114.518,0.1,0.1
01.04.2021 06:51:43.239 GMT-0700,114.802,114.518,0.1,0.1
01.04.2021 06:51:43.307 GMT-0700,114.802,114.378,0.1,0.1
01.04.2021 06:51:43.561 GMT-0700,114.79200000000002,114.588,0.075,0.075
01.04.2021 06:51:43.794 GMT-0700,114.853,114.587,0.1,0.1
01.04.2021 06:51:43.844 GMT-0700,114.853,114.727,0.1,0.1
01.04.2021 06:51:43.894 GMT-0700,114.853,114.447,0.1,0.1
01.04.2021 06:51:43.962 GMT-0700,114.852,114.66799999999999,0.1,0.075
01.04.2021 06:51:47.208 GMT-0700,114.853,114.73700000000001,0.075,0.0008
01.04.2021 06:51:47.259 GMT-0700,114.95299999999999,114.66700000000002,0.1,0.1
01.04.2021 06:51:47.556 GMT-0700,114.95299999999999,114.757,0.0008,0.075
01.04.2021 06:51:47.606 GMT-0700,114.86200000000001,114.60799999999999,0.1,0.1
01.04.2021 06:51:47.736 GMT-0700,114.863,114.71700000000001,0.1,0.075
01.04.2021 06:51:48.358 GMT-0700,114.863,114.787,0.1,0.075
01.04.2021 06:51:48.959 GMT-0700,115.09299999999999,114.76700000000001,0.1,0.1
01.04.2021 06:51:49.507 GMT-0700,115.083,114.76700000000001,0.075,0.1
01.04.2021 06:51:49.732 GMT-0700,115.072,114.838,0.1,0.1
01.04.2021 06:51:49.782 GMT-0700,115.073,114.59700000000001,0.1,0.1
01.04.2021 06:51:49.892 GMT-0700,115.072,114.798,0.1,0.0008
01.04.2021 06:51:50.299 GMT-0700,115.06200000000001,114.798,0.075,0.1
01.04.2021 06:51:51.348 GMT-0700,115.052,114.798,0.075,0.1
01.04.2021 06:51:51.449 GMT-0700,115.113,114.79700000000001,0.1,0.1
01.04.2021 06:51:51.854 GMT-0700,115.102,114.798,0.075,0.1
01.04.2021 06:51:52.185 GMT-0700,115.09200000000001,114.798,0.075,0.1
01.04.2021 06:51:52.349 GMT-0700,115.11200000000001,114.798,0.1,0.1
01.04.2021 06:51:52.759 GMT-0700,115.103,114.79700000000001,0.075,0.1
01.04.2021 06:51:52.952 GMT-0700,115.09200000000001,114.798,0.075,0.1
01.04.2021 06:51:53.169 GMT-0700,115.113,114.79700000000001,0.1,0.1
01.04.2021 06:51:53.671 GMT-0700,114.853,114.51700000000001,0.1,0.1
01.04.2021 06:51:53.721 GMT-0700,114.853,114.587,0.1,0.1
01.04.2021 06:51:54.049 GMT-0700,114.75200000000001,114.508,0.1,0.1
01.04.2021 06:51:54.099 GMT-0700,114.853,114.507,0.1,0.1
01.04.2021 06:51:54.204 GMT-0700,114.853,114.51700000000001,0.1,0.1
01.04.2021 06:51:54.275 GMT-0700,114.853,114.507,0.1,0.1
01.04.2021 06:51:54.713 GMT-0700,114.893,114.507,0.1,0.1
01.04.2021 06:51:54.994 GMT-0700,114.883,114.51700000000001,0.075,0.075
01.04.2021 06:51:55.095 GMT-0700,114.893,114.587,0.1,0.1
01.04.2021 06:51:56.500 GMT-0700,114.883,114.587,0.1,0.1
01.04.2021 06:51:56.845 GMT-0700,114.89200000000001,114.588,0.1,0.1
01.04.2021 06:52:00.321 GMT-0700,114.65299999999999,114.587,0.0008,0.075
01.04.2021 06:52:00.371 GMT-0700,114.742,114.38799999999999,0.1,0.1
01.04.2021 06:52:00.555 GMT-0700,114.743,114.477,0.1,0.1
01.04.2021 06:52:03.954 GMT-0700,114.73200000000001,114.478,0.0008,0.1
01.04.2021 06:52:04.005 GMT-0700,114.89200000000001,114.478,0.1,0.1
01.04.2021 06:52:06.301 GMT-0700,114.852,114.588,0.075,0.075
01.04.2021 06:52:06.352 GMT-0700,114.853,114.56700000000001,0.1,0.1
01.04.2021 06:52:06.452 GMT-0700,114.852,114.658,0.1,0.1
01.04.2021 06:52:09.244 GMT-0700,114.84299999999999,114.65700000000001,0.075,0.1
01.04.2021 06:52:09.444 GMT-0700,114.853,114.65700000000001,0.1,0.1
01.04.2021 06:52:11.688 GMT-0700,114.89200000000001,114.658,0.1,0.1
01.04.2021 06:52:11.946 GMT-0700,114.882,114.658,0.1,0.1
01.04.2021 06:52:12.144 GMT-0700,114.89200000000001,114.658,0.1,0.1
01.04.2021 06:52:14.212 GMT-0700,114.893,114.71700000000001,0.1,0.075
01.04.2021 06:52:14.753 GMT-0700,114.89200000000001,114.728,0.0008,0.1
01.04.2021 06:52:14.803 GMT-0700,114.95299999999999,114.727,0.1,0.1
01.04.2021 06:52:19.418 GMT-0700,114.823,114.59700000000001,0.1,0.1
01.04.2021 06:52:19.469 GMT-0700,114.95200000000001,114.598,0.1,0.1
01.04.2021 06:52:21.292 GMT-0700,114.943,114.73700000000001,0.075,0.075
01.04.2021 06:52:21.343 GMT-0700,114.913,114.59700000000001,0.1,0.1
01.04.2021 06:52:21.400 GMT-0700,114.912,114.628,0.1,0.075
01.04.2021 06:52:21.816 GMT-0700,114.90299999999999,114.62700000000001,0.075,0.1
01.04.2021 06:52:22.048 GMT-0700,114.912,114.628,0.1,0.1
01.04.2021 06:52:22.759 GMT-0700,114.90200000000002,114.628,0.075,0.1
01.04.2021 06:52:22.910 GMT-0700,114.913,114.62700000000001,0.1,0.1
01.04.2021 06:52:24.000 GMT-0700,114.90200000000002,114.628,0.1,0.1
01.04.2021 06:52:24.302 GMT-0700,114.912,114.628,0.1,0.1
01.04.2021 06:52:25.526 GMT-0700,114.913,114.68700000000001,0.1,0.075
01.04.2021 06:52:25.776 GMT-0700,114.912,114.758,0.1,0.0008
01.04.2021 06:52:25.826 GMT-0700,114.913,114.68700000000001,0.1,0.1
01.04.2021 06:52:28.395 GMT-0700,114.833,114.697,0.075,0.075
01.04.2021 06:52:28.813 GMT-0700,114.765,114.708,0.0008,0.075
01.04.2021 06:52:28.863 GMT-0700,114.90200000000002,114.708,0.1,0.1
01.04.2021 06:52:29.256 GMT-0700,114.913,114.70700000000001,0.1,0.1
01.04.2021 06:52:36.046 GMT-0700,114.90200000000002,114.708,0.0008,0.1
01.04.2021 06:52:36.450 GMT-0700,114.912,114.708,0.1,0.1
01.04.2021 06:52:38.788 GMT-0700,114.913,114.73700000000001,0.1,0.0008
01.04.2021 06:52:38.838 GMT-0700,114.90299999999999,114.68700000000001,0.1,0.1
01.04.2021 06:52:38.938 GMT-0700,114.912,114.68799999999999,0.1,0.1
01.04.2021 06:52:39.021 GMT-0700,114.86200000000001,114.68799999999999,0.0008,0.1
01.04.2021 06:52:39.121 GMT-0700,114.912,114.60799999999999,0.1,0.1
01.04.2021 06:52:39.222 GMT-0700,114.912,114.63799999999999,0.1,0.1
01.04.2021 06:52:42.895 GMT-0700,114.883,114.63700000000001,0.1,0.1
01.04.2021 06:52:42.946 GMT-0700,114.912,114.568,0.1,0.1
01.04.2021 06:52:46.617 GMT-0700,114.90299999999999,114.56700000000001,0.1,0.1
01.04.2021 06:52:48.189 GMT-0700,114.89200000000001,114.568,0.1,0.1
01.04.2021 06:52:48.363 GMT-0700,114.90200000000002,114.568,0.1,0.1
01.04.2021 06:52:49.863 GMT-0700,114.90200000000002,114.628,0.0008,0.075
01.04.2021 06:52:49.914 GMT-0700,114.913,114.57700000000001,0.1,0.1
01.04.2021 06:52:50.014 GMT-0700,114.73299999999999,114.63700000000001,0.1,0.1
01.04.2021 06:52:50.065 GMT-0700,114.913,114.63700000000001,0.1,0.1
01.04.2021 06:52:50.877 GMT-0700,114.90299999999999,114.63700000000001,0.075,0.0008
01.04.2021 06:52:50.928 GMT-0700,114.90299999999999,114.41700000000002,0.1,0.1
01.04.2021 06:52:51.173 GMT-0700,114.913,114.41700000000002,0.1,0.1
01.04.2021 06:52:51.571 GMT-0700,114.913,114.56700000000001,0.1,0.075
01.04.2021 06:52:53.481 GMT-0700,114.90200000000002,114.568,0.1,0.1
01.04.2021 06:52:53.684 GMT-0700,114.76200000000001,114.568,0.1,0.1
01.04.2021 06:52:53.787 GMT-0700,114.802,114.568,0.1,0.1
01.04.2021 06:52:56.102 GMT-0700,114.783,114.56700000000001,0.0008,0.1
01.04.2021 06:52:59.636 GMT-0700,114.773,114.56700000000001,0.075,0.1
01.04.2021 06:52:59.804 GMT-0700,114.78200000000001,114.568,0.1,0.1
01.04.2021 06:53:03.305 GMT-0700,114.65200000000002,114.568,0.0008,0.1
01.04.2021 06:53:03.355 GMT-0700,114.76299999999999,114.41700000000002,0.1,0.1
01.04.2021 06:53:03.415 GMT-0700,114.662,114.568,0.0008,0.0008
01.04.2021 06:53:03.465 GMT-0700,114.76299999999999,114.41700000000002,0.1,0.1
01.04.2021 06:53:03.526 GMT-0700,114.76200000000001,114.408,0.1,0.1
01.04.2021 06:53:03.636 GMT-0700,114.723,114.40700000000001,0.1,0.1
01.04.2021 06:53:03.828 GMT-0700,114.713,114.49700000000001,0.075,0.075
01.04.2021 06:53:03.878 GMT-0700,114.723,114.49700000000001,0.1,0.1
01.04.2021 06:53:05.640 GMT-0700,114.72200000000001,114.35799999999999,0.1,0.1
01.04.2021 06:53:10.921 GMT-0700,114.723,114.397,0.1,0.0008
01.04.2021 06:53:14.467 GMT-0700,114.712,114.398,0.1,0.1
01.04.2021 06:53:14.765 GMT-0700,114.723,114.397,0.1,0.1
01.04.2021 06:53:22.171 GMT-0700,114.713,114.397,0.1,0.1
01.04.2021 06:53:22.353 GMT-0700,114.723,114.397,0.1,0.1
01.04.2021 06:53:25.625 GMT-0700,114.713,114.397,0.075,0.1
01.04.2021 06:53:25.725 GMT-0700,114.723,114.397,0.1,0.1
01.04.2021 06:53:26.515 GMT-0700,114.72200000000001,114.35799999999999,0.1,0.1
01.04.2021 06:53:26.566 GMT-0700,114.712,114.368,0.1,0.1
01.04.2021 06:53:26.620 GMT-0700,114.723,114.35700000000001,0.1,0.1
01.04.2021 06:53:26.962 GMT-0700,114.723,114.38700000000001,0.1,0.0008
01.04.2021 06:53:31.431 GMT-0700,114.713,114.397,0.1,0.1
01.04.2021 06:53:31.533 GMT-0700,114.72200000000001,114.38799999999999,0.1,0.1
01.04.2021 06:53:33.674 GMT-0700,114.712,114.398,0.1,0.1
01.04.2021 06:53:34.067 GMT-0700,114.723,114.38700000000001,0.1,0.1
01.04.2021 06:53:34.467 GMT-0700,114.723,114.45700000000001,0.1,0.0008
01.04.2021 06:53:38.580 GMT-0700,114.712,114.458,0.0008,0.1
01.04.2021 06:53:38.631 GMT-0700,114.72200000000001,114.458,0.1,0.1
01.04.2021 06:53:43.135 GMT-0700,114.713,114.45700000000001,0.0008,0.1
01.04.2021 06:53:43.235 GMT-0700,114.723,114.45700000000001,0.1,0.1
01.04.2021 06:53:44.146 GMT-0700,114.72200000000001,114.49799999999999,0.075,0.0008
01.04.2021 06:53:44.196 GMT-0700,114.78200000000001,114.49799999999999,0.1,0.1
01.04.2021 06:53:44.462 GMT-0700,114.78200000000001,114.35799999999999,0.1,0.1
01.04.2021 06:53:48.144 GMT-0700,114.783,114.45700000000001,0.1,0.075
01.04.2021 06:54:00.055 GMT-0700,114.78200000000001,114.548,0.1,0.0008
01.04.2021 06:54:01.961 GMT-0700,114.772,114.548,0.075,0.1
01.04.2021 06:54:02.410 GMT-0700,114.783,114.54700000000001,0.1,0.1
01.04.2021 06:54:11.329 GMT-0700,114.772,114.548,0.075,0.1
01.04.2021 06:54:11.380 GMT-0700,114.783,114.54700000000001,0.1,0.1
01.04.2021 06:54:13.658 GMT-0700,114.772,114.548,0.0008,0.1
01.04.2021 06:54:14.104 GMT-0700,114.783,114.54700000000001,0.1,0.1
01.04.2021 06:54:19.054 GMT-0700,114.70200000000001,114.548,0.1,0.1
01.04.2021 06:54:23.508 GMT-0700,114.78200000000001,114.628,0.1,0.1
01.04.2021 06:54:23.558 GMT-0700,114.912,114.508,0.1,0.1
01.04.2021 06:54:23.966 GMT-0700,114.912,114.618,0.1,0.075
01.04.2021 06:54:26.716 GMT-0700,114.79200000000002,114.618,0.0008,0.1
01.04.2021 06:54:27.804 GMT-0700,114.79200000000002,114.63799999999999,0.1,0.075
01.04.2021 06:54:31.681 GMT-0700,114.76299999999999,114.63700000000001,0.0008,0.1
01.04.2021 06:54:37.206 GMT-0700,114.70200000000001,114.63799999999999,0.075,0.0008
01.04.2021 06:54:37.257 GMT-0700,114.69200000000001,114.368,0.1,0.1
01.04.2021 06:54:37.369 GMT-0700,114.693,114.52700000000002,0.1,0.1
01.04.2021 06:54:38.275 GMT-0700,114.76200000000001,114.52799999999999,0.1,0.1
01.04.2021 06:54:41.460 GMT-0700,114.75200000000001,114.52799999999999,0.0008,0.1
01.04.2021 06:54:41.561 GMT-0700,114.76200000000001,114.52799999999999,0.1,0.1
01.04.2021 06:54:41.693 GMT-0700,114.753,114.52700000000002,0.0008,0.1
01.04.2021 06:54:42.333 GMT-0700,114.743,114.52700000000002,0.075,0.1
01.04.2021 06:54:42.433 GMT-0700,114.75200000000001,114.52799999999999,0.1,0.1
01.04.2021 06:54:48.531 GMT-0700,114.742,114.548,0.1,0.1
01.04.2021 06:54:48.781 GMT-0700,114.75200000000001,114.548,0.1,0.1
01.04.2021 06:54:51.159 GMT-0700,114.73299999999999,114.54700000000001,0.1,0.1
01.04.2021 06:54:51.209 GMT-0700,114.742,114.548,0.1,0.1
01.04.2021 06:54:52.180 GMT-0700,114.75200000000001,114.548,0.1,0.1
01.04.2021 06:54:56.682 GMT-0700,114.742,114.548,0.0008,0.1
01.04.2021 06:55:13.500 GMT-0700,114.742,114.55799999999999,0.1,0.0008
01.04.2021 06:55:23.107 GMT-0700,114.743,114.54700000000001,0.1,0.1
01.04.2021 06:55:29.453 GMT-0700,114.743,114.56700000000001,0.1,0.075
01.04.2021 06:55:31.969 GMT-0700,114.743,114.587,0.1,0.0008
01.04.2021 06:55:33.093 GMT-0700,114.742,114.658,0.0008,0.075
01.04.2021 06:55:33.144 GMT-0700,114.94200000000001,114.598,0.1,0.1
01.04.2021 06:55:33.245 GMT-0700,114.94200000000001,114.588,0.1,0.1
01.04.2021 06:55:35.054 GMT-0700,114.943,114.65700000000001,0.1,0.0008
01.04.2021 06:55:35.231 GMT-0700,114.943,114.587,0.1,0.1
01.04.2021 06:55:35.448 GMT-0700,114.943,114.73700000000001,0.1,0.075
01.04.2021 06:55:36.675 GMT-0700,114.79299999999999,114.73700000000001,0.075,0.0008
01.04.2021 06:55:36.725 GMT-0700,114.79200000000002,114.518,0.1,0.1
01.04.2021 06:55:36.775 GMT-0700,114.79200000000002,114.57799999999999,0.1,0.1
01.04.2021 06:55:37.862 GMT-0700,114.79299999999999,114.587,0.1,0.1
01.04.2021 06:55:37.912 GMT-0700,114.79299999999999,114.57700000000001,0.1,0.1
01.04.2021 06:55:37.962 GMT-0700,114.79200000000002,114.648,0.1,0.1
01.04.2021 06:55:39.728 GMT-0700,114.803,114.647,0.1,0.1
01.04.2021 06:55:40.124 GMT-0700,114.783,114.647,0.075,0.0008
01.04.2021 06:55:40.174 GMT-0700,114.803,114.57700000000001,0.1,0.1
01.04.2021 06:55:40.432 GMT-0700,114.803,114.65700000000001,0.1,0.1
01.04.2021 06:55:40.849 GMT-0700,114.76299999999999,114.65700000000001,0.075,0.0008
01.04.2021 06:55:40.899 GMT-0700,114.783,114.587,0.1,0.1
01.04.2021 06:55:41.059 GMT-0700,114.773,114.587,0.1,0.1
01.04.2021 06:55:41.302 GMT-0700,114.79200000000002,114.588,0.1,0.1
01.04.2021 06:55:41.520 GMT-0700,114.783,114.587,0.0008,0.1
01.04.2021 06:55:41.682 GMT-0700,114.76299999999999,114.587,0.075,0.1
01.04.2021 06:55:42.304 GMT-0700,114.76200000000001,114.598,0.1,0.1
01.04.2021 06:55:42.675 GMT-0700,114.62299999999999,114.59700000000001,0.075,0.0008
01.04.2021 06:55:42.725 GMT-0700,114.62299999999999,114.46700000000001,0.1,0.1
01.04.2021 06:55:42.993 GMT-0700,114.61200000000001,114.538,0.1,0.1
01.04.2021 06:55:43.044 GMT-0700,114.673,114.537,0.1,0.1
01.04.2021 06:55:43.331 GMT-0700,114.65299999999999,114.537,0.0008,0.1
01.04.2021 06:55:43.543 GMT-0700,114.65299999999999,114.54700000000001,0.1,0.0008
01.04.2021 06:55:45.888 GMT-0700,114.753,114.54700000000001,0.1,0.1
01.04.2021 06:55:45.939 GMT-0700,114.663,114.54700000000001,0.1,0.1
01.04.2021 06:55:45.991 GMT-0700,114.54200000000002,114.408,0.1,0.1
01.04.2021 06:55:46.042 GMT-0700,114.59299999999999,114.41700000000002,0.1,0.1
01.04.2021 06:55:46.142 GMT-0700,114.59299999999999,114.40700000000001,0.1,0.1
01.04.2021 06:55:46.867 GMT-0700,114.59200000000001,114.49799999999999,0.1,0.1
01.04.2021 06:55:46.998 GMT-0700,114.72200000000001,114.49799999999999,0.1,0.1
01.04.2021 06:55:49.024 GMT-0700,114.632,114.49799999999999,0.0008,0.1
01.04.2021 06:55:49.866 GMT-0700,114.633,114.40700000000001,0.1,0.1
01.04.2021 06:55:49.916 GMT-0700,114.632,114.508,0.1,0.1
01.04.2021 06:55:49.967 GMT-0700,114.72200000000001,114.568,0.1,0.1
01.04.2021 06:55:51.021 GMT-0700,114.68299999999999,114.56700000000001,0.1,0.1
01.04.2021 06:55:51.363 GMT-0700,114.70200000000001,114.568,0.1,0.1
01.04.2021 06:55:52.284 GMT-0700,114.70200000000001,114.628,0.1,0.1
01.04.2021 06:55:53.672 GMT-0700,114.75200000000001,114.628,0.1,0.1
01.04.2021 06:55:55.509 GMT-0700,114.68299999999999,114.62700000000001,0.0008,0.075
01.04.2021 06:55:55.560 GMT-0700,114.68200000000002,114.408,0.1,0.1
01.04.2021 06:55:55.972 GMT-0700,114.632,114.408,0.1,0.1
01.04.2021 06:55:56.140 GMT-0700,114.73299999999999,114.40700000000001,0.1,0.1
01.04.2021 06:55:56.317 GMT-0700,114.62200000000001,114.408,0.0008,0.1
01.04.2021 06:55:56.441 GMT-0700,114.51299999999999,114.40700000000001,0.075,0.0008
01.04.2021 06:55:56.492 GMT-0700,114.51299999999999,114.21700000000001,0.1,0.1
01.04.2021 06:55:56.592 GMT-0700,114.473,114.20700000000001,0.1,0.1
01.04.2021 06:55:56.642 GMT-0700,114.51200000000001,114.208,0.1,0.1
01.04.2021 06:55:56.693 GMT-0700,114.51299999999999,114.367,0.1,0.1
01.04.2021 06:55:57.494 GMT-0700,114.663,114.367,0.1,0.1
01.04.2021 06:56:00.121 GMT-0700,114.65200000000002,114.368,0.1,0.1
01.04.2021 06:56:00.307 GMT-0700,114.663,114.367,0.1,0.1
01.04.2021 06:56:00.770 GMT-0700,114.65299999999999,114.367,0.0008,0.1
01.04.2021 06:56:00.919 GMT-0700,114.59200000000001,114.368,0.075,0.1
01.04.2021 06:56:01.742 GMT-0700,114.583,114.367,0.1,0.1
01.04.2021 06:56:02.103 GMT-0700,114.59200000000001,114.368,0.1,0.1
01.04.2021 06:56:03.063 GMT-0700,114.59200000000001,114.478,0.075,0.0008
01.04.2021 06:56:03.113 GMT-0700,114.70200000000001,114.348,0.1,0.1
01.04.2021 06:56:03.169 GMT-0700,114.67200000000001,114.348,0.075,0.1
01.04.2021 06:56:03.461 GMT-0700,114.70200000000001,114.478,0.1,0.1
01.04.2021 06:56:03.642 GMT-0700,114.81299999999999,114.477,0.1,0.1
01.04.2021 06:56:03.710 GMT-0700,114.802,114.478,0.0008,0.1
01.04.2021 06:56:03.760 GMT-0700,114.81299999999999,114.477,0.1,0.1
01.04.2021 06:56:03.969 GMT-0700,114.673,114.477,0.0008,0.1
01.04.2021 06:56:04.072 GMT-0700,114.61200000000001,114.478,0.0008,0.1
01.04.2021 06:56:04.122 GMT-0700,114.81299999999999,114.477,0.1,0.1
01.04.2021 06:56:04.172 GMT-0700,114.67200000000001,114.478,0.1,0.1
01.04.2021 06:56:04.756 GMT-0700,114.663,114.477,0.075,0.1
01.04.2021 06:56:05.260 GMT-0700,114.67200000000001,114.478,0.1,0.1
01.04.2021 06:56:06.059 GMT-0700,114.663,114.477,0.0008,0.1
01.04.2021 06:56:06.109 GMT-0700,114.67200000000001,114.478,0.1,0.1
01.04.2021 06:56:07.522 GMT-0700,114.662,114.478,0.1,0.1
01.04.2021 06:56:07.907 GMT-0700,114.67200000000001,114.478,0.1,0.1
01.04.2021 06:56:10.286 GMT-0700,114.663,114.477,0.1,0.1
01.04.2021 06:56:10.349 GMT-0700,114.673,114.477,0.1,0.1
01.04.2021 06:56:10.986 GMT-0700,114.54299999999999,114.477,0.1,0.1
01.04.2021 06:56:11.036 GMT-0700,114.673,114.477,0.1,0.1
01.04.2021 06:56:13.360 GMT-0700,114.67200000000001,114.568,0.075,0.0008
01.04.2021 06:56:13.410 GMT-0700,114.81200000000001,114.38799999999999,0.1,0.1
01.04.2021 06:56:13.545 GMT-0700,114.81200000000001,114.57799999999999,0.1,0.0008
01.04.2021 06:56:16.693 GMT-0700,114.783,114.57700000000001,0.1,0.1
01.04.2021 06:56:19.179 GMT-0700,114.76299999999999,114.57700000000001,0.075,0.1
01.04.2021 06:56:19.693 GMT-0700,114.783,114.57700000000001,0.1,0.1
01.04.2021 06:56:21.754 GMT-0700,114.79200000000002,114.57799999999999,0.1,0.1
01.04.2021 06:56:26.703 GMT-0700,114.773,114.57700000000001,0.075,0.1
01.04.2021 06:56:29.127 GMT-0700,114.772,114.518,0.1,0.1
01.04.2021 06:56:29.337 GMT-0700,114.772,114.69200000000001,0.1,0.075
01.04.2021 06:56:29.387 GMT-0700,114.773,114.60700000000001,0.1,0.1
01.04.2021 06:56:29.502 GMT-0700,114.853,114.60700000000001,0.1,0.1
01.04.2021 06:56:29.616 GMT-0700,114.852,114.708,0.1,0.0008
01.04.2021 06:56:39.619 GMT-0700,114.94200000000001,114.698,0.1,0.1
01.04.2021 06:56:40.068 GMT-0700,114.95200000000001,114.788,0.1,0.0008
01.04.2021 06:56:40.360 GMT-0700,115.09200000000001,114.788,0.1,0.1
01.04.2021 06:56:44.346 GMT-0700,115.083,114.787,0.1,0.1
01.04.2021 06:56:45.295 GMT-0700,115.08200000000001,114.71799999999999,0.1,0.1
01.04.2021 06:56:45.365 GMT-0700,115.083,114.87700000000001,0.1,0.0008
01.04.2021 06:56:48.234 GMT-0700,115.073,114.87700000000001,0.075,0.1
01.04.2021 06:56:48.285 GMT-0700,115.09200000000001,114.878,0.1,0.1
01.04.2021 06:56:48.567 GMT-0700,115.09299999999999,114.90700000000001,0.1,0.1
01.04.2021 06:56:48.617 GMT-0700,115.09200000000001,114.77799999999999,0.1,0.1
01.04.2021 06:56:48.834 GMT-0700,114.98299999999999,114.87700000000001,0.0008,0.0008
01.04.2021 06:57:01.495 GMT-0700,114.97200000000001,114.878,0.1,0.1
01.04.2021 06:57:04.975 GMT-0700,114.923,114.84700000000001,0.0008,0.075
01.04.2021 06:57:05.025 GMT-0700,114.92200000000001,114.658,0.0008,0.1
01.04.2021 06:57:05.125 GMT-0700,114.962,114.77799999999999,0.1,0.1
01.04.2021 06:57:05.391 GMT-0700,114.92200000000001,114.77799999999999,0.075,0.1
01.04.2021 06:57:07.562 GMT-0700,114.923,114.76700000000001,0.1,0.1
01.04.2021 06:57:07.761 GMT-0700,114.923,114.77700000000002,0.1,0.075
01.04.2021 06:57:11.477 GMT-0700,115.08200000000001,114.768,0.1,0.1
01.04.2021 06:57:11.689 GMT-0700,115.083,114.85700000000001,0.075,0.0008
01.04.2021 06:57:11.740 GMT-0700,115.09200000000001,114.85799999999999,0.1,0.1
01.04.2021 06:57:12.050 GMT-0700,114.992,114.85799999999999,0.075,0.1
01.04.2021 06:57:14.069 GMT-0700,115.09200000000001,114.85799999999999,0.1,0.1
01.04.2021 06:57:20.078 GMT-0700,115.08200000000001,114.85799999999999,0.0008,0.1
01.04.2021 06:57:20.410 GMT-0700,115.09200000000001,114.85799999999999,0.1,0.1
01.04.2021 06:57:25.840 GMT-0700,115.083,114.85700000000001,0.075,0.1
01.04.2021 06:57:26.216 GMT-0700,115.09200000000001,114.85799999999999,0.1,0.1
01.04.2021 06:57:28.595 GMT-0700,115.08200000000001,114.85799999999999,0.075,0.1
01.04.2021 06:57:28.696 GMT-0700,115.09200000000001,114.85799999999999,0.1,0.1
01.04.2021 06:57:32.433 GMT-0700,115.08200000000001,114.85799999999999,0.1,0.1
01.04.2021 06:57:32.539 GMT-0700,115.09200000000001,114.85799999999999,0.1,0.1
01.04.2021 06:57:36.562 GMT-0700,115.08200000000001,114.878,0.1,0.1
01.04.2021 06:57:36.674 GMT-0700,114.92200000000001,114.758,0.1,0.1
01.04.2021 06:57:37.016 GMT-0700,114.882,114.758,0.075,0.1
01.04.2021 06:57:37.375 GMT-0700,114.87299999999999,114.757,0.1,0.1
01.04.2021 06:57:46.560 GMT-0700,114.853,114.757,0.075,0.1
01.04.2021 06:57:46.611 GMT-0700,114.73200000000001,114.60799999999999,0.1,0.1
01.04.2021 06:57:46.678 GMT-0700,114.73299999999999,114.677,0.1,0.1
01.04.2021 06:57:47.061 GMT-0700,114.72200000000001,114.678,0.075,0.0008
01.04.2021 06:57:47.112 GMT-0700,114.72200000000001,114.60799999999999,0.1,0.1
01.04.2021 06:57:47.246 GMT-0700,114.723,114.57700000000001,0.1,0.1
01.04.2021 06:57:48.799 GMT-0700,114.713,114.57700000000001,0.075,0.1
01.04.2021 06:57:48.992 GMT-0700,114.69200000000001,114.57799999999999,0.1,0.1
01.04.2021 06:57:49.043 GMT-0700,114.633,114.38700000000001,0.1,0.1
01.04.2021 06:57:49.498 GMT-0700,114.633,114.447,0.1,0.075
01.04.2021 06:57:50.080 GMT-0700,114.59299999999999,114.447,0.0008,0.1
01.04.2021 06:57:50.130 GMT-0700,114.59200000000001,114.38799999999999,0.1,0.1
01.04.2021 06:57:51.090 GMT-0700,114.553,114.397,0.0008,0.0008
01.04.2021 06:57:51.717 GMT-0700,114.552,114.38799999999999,0.1,0.1
01.04.2021 06:57:52.567 GMT-0700,114.552,114.398,0.1,0.0008
01.04.2021 06:58:01.726 GMT-0700,114.53200000000001,114.398,0.1,0.1
01.04.2021 06:58:06.715 GMT-0700,114.51200000000001,114.398,0.075,0.1
01.04.2021 06:58:08.263 GMT-0700,114.462,114.398,0.1,0.1
01.04.2021 06:58:10.189 GMT-0700,114.488,114.427,0.075,0.0008
01.04.2021 06:58:10.240 GMT-0700,114.65200000000002,114.398,0.1,0.1
01.04.2021 06:58:10.923 GMT-0700,114.51299999999999,114.397,0.075,0.1
01.04.2021 06:58:13.532 GMT-0700,114.662,114.458,0.1,0.1
01.04.2021 06:58:14.233 GMT-0700,114.533,114.397,0.075,0.1
01.04.2021 06:58:16.209 GMT-0700,114.523,114.397,0.1,0.1
01.04.2021 06:58:17.929 GMT-0700,114.663,114.397,0.1,0.1
01.04.2021 06:58:19.375 GMT-0700,114.523,114.397,0.1,0.1
01.04.2021 06:58:22.627 GMT-0700,114.523,114.40700000000001,0.1,0.0008
01.04.2021 06:58:44.901 GMT-0700,114.51299999999999,114.40700000000001,0.0008,0.075
01.04.2021 06:58:45.925 GMT-0700,114.462,114.38799999999999,0.075,0.1
01.04.2021 06:58:45.975 GMT-0700,114.493,114.38700000000001,0.1,0.1
01.04.2021 06:58:47.352 GMT-0700,114.62200000000001,114.38799999999999,0.1,0.1
01.04.2021 06:58:47.402 GMT-0700,114.463,114.38700000000001,0.1,0.1
01.04.2021 06:58:50.523 GMT-0700,114.47500000000001,114.427,0.0008,0.075
01.04.2021 06:58:50.574 GMT-0700,114.62299999999999,114.40700000000001,0.1,0.1
01.04.2021 06:58:53.578 GMT-0700,114.632,114.408,0.1,0.1
01.04.2021 06:58:58.827 GMT-0700,114.62200000000001,114.408,0.0008,0.1
01.04.2021 06:58:58.928 GMT-0700,114.633,114.40700000000001,0.1,0.1
01.04.2021 06:59:01.464 GMT-0700,114.62299999999999,114.427,0.0008,0.0008
01.04.2021 06:59:01.514 GMT-0700,114.62200000000001,114.408,0.1,0.1
01.04.2021 06:59:01.862 GMT-0700,114.54299999999999,114.40700000000001,0.0008,0.1
01.04.2021 06:59:02.578 GMT-0700,114.62200000000001,114.408,0.1,0.1
01.04.2021 06:59:02.628 GMT-0700,114.523,114.40700000000001,0.1,0.1
01.04.2021 06:59:05.105 GMT-0700,114.62299999999999,114.40700000000001,0.1,0.1
01.04.2021 06:59:05.433 GMT-0700,114.573,114.40700000000001,0.0008,0.075
01.04.2021 06:59:05.483 GMT-0700,114.573,114.38700000000001,0.1,0.1
01.04.2021 06:59:05.534 GMT-0700,114.62200000000001,114.38799999999999,0.1,0.1
01.04.2021 06:59:10.033 GMT-0700,114.613,114.38700000000001,0.0008,0.1
01.04.2021 06:59:10.204 GMT-0700,114.62200000000001,114.38799999999999,0.1,0.1
01.04.2021 06:59:10.449 GMT-0700,114.633,114.38700000000001,0.1,0.1
01.04.2021 06:59:10.889 GMT-0700,114.583,114.38700000000001,0.075,0.1
01.04.2021 06:59:11.047 GMT-0700,114.48299999999999,114.38700000000001,0.0008,0.1
01.04.2021 06:59:11.097 GMT-0700,114.58200000000001,114.38799999999999,0.1,0.1
01.04.2021 06:59:13.418 GMT-0700,114.633,114.38700000000001,0.1,0.1
01.04.2021 06:59:13.507 GMT-0700,114.54200000000002,114.38799999999999,0.0008,0.1
01.04.2021 06:59:17.470 GMT-0700,114.54299999999999,114.397,0.1,0.0008
01.04.2021 06:59:17.853 GMT-0700,114.54299999999999,114.38700000000001,0.1,0.1
01.04.2021 06:59:19.660 GMT-0700,114.54299999999999,114.397,0.1,0.0008
01.04.2021 06:59:19.909 GMT-0700,114.54200000000002,114.38799999999999,0.1,0.1
01.04.2021 06:59:22.643 GMT-0700,114.632,114.458,0.1,0.1
01.04.2021 06:59:22.706 GMT-0700,114.59200000000001,114.458,0.1,0.1
01.04.2021 06:59:24.678 GMT-0700,114.59200000000001,114.478,0.075,0.0008
01.04.2021 06:59:24.729 GMT-0700,114.633,114.45700000000001,0.1,0.1
01.04.2021 06:59:25.035 GMT-0700,114.663,114.45700000000001,0.1,0.1
01.04.2021 06:59:28.206 GMT-0700,114.552,114.458,0.075,0.1
01.04.2021 06:59:47.784 GMT-0700,114.553,114.38700000000001,0.1,0.1
01.04.2021 06:59:50.457 GMT-0700,114.493,114.38700000000001,0.0008,0.1
01.04.2021 06:59:50.508 GMT-0700,114.553,114.38700000000001,0.1,0.1
01.04.2021 06:59:50.921 GMT-0700,114.48299999999999,114.38700000000001,0.0008,0.1
01.04.2021 07:00:00.224 GMT-0700,114.43200000000002,114.38799999999999,0.0008,0.075
01.04.2021 07:00:00.275 GMT-0700,114.48200000000001,114.298,0.1,0.1
01.04.2021 07:00:00.325 GMT-0700,114.48200000000001,114.318,0.1,0.1
01.04.2021 07:00:01.054 GMT-0700,114.48200000000001,114.32799999999999,0.1,0.0008
01.04.2021 07:00:01.155 GMT-0700,114.723,114.31700000000001,0.1,0.1
01.04.2021 07:00:01.920 GMT-0700,114.47200000000001,114.318,0.075,0.1
01.04.2021 07:00:02.672 GMT-0700,114.45200000000001,114.318,0.1,0.1
01.04.2021 07:00:13.008 GMT-0700,114.45299999999999,114.37700000000001,0.1,0.075
01.04.2021 07:00:13.447 GMT-0700,114.62299999999999,114.41700000000002,0.1,0.1
01.04.2021 07:00:13.498 GMT-0700,114.62200000000001,114.378,0.1,0.1
01.04.2021 07:00:13.583 GMT-0700,114.62299999999999,114.41700000000002,0.1,0.075
01.04.2021 07:00:14.192 GMT-0700,114.50200000000001,114.41799999999999,0.0008,0.1
01.04.2021 07:00:14.593 GMT-0700,114.462,114.41799999999999,0.0008,0.075
01.04.2021 07:00:14.644 GMT-0700,114.503,114.367,0.1,0.1
01.04.2021 07:00:15.056 GMT-0700,114.62200000000001,114.368,0.1,0.1
01.04.2021 07:00:15.107 GMT-0700,114.493,114.367,0.1,0.1
01.04.2021 07:00:17.871 GMT-0700,114.493,114.20700000000001,0.1,0.1
01.04.2021 07:00:18.142 GMT-0700,114.493,114.21700000000001,0.1,0.075
01.04.2021 07:00:18.243 GMT-0700,114.62200000000001,114.208,0.1,0.1
01.04.2021 07:00:18.293 GMT-0700,114.48299999999999,114.20700000000001,0.1,0.1
01.04.2021 07:00:19.838 GMT-0700,114.48299999999999,114.4,0.1,0.075
01.04.2021 07:00:19.938 GMT-0700,114.48299999999999,114.397,0.1,0.1
01.04.2021 07:00:20.662 GMT-0700,114.62200000000001,114.35799999999999,0.1,0.1
01.04.2021 07:00:20.712 GMT-0700,114.61200000000001,114.35799999999999,0.1,0.1
01.04.2021 07:00:20.813 GMT-0700,114.62200000000001,114.35799999999999,0.1,0.1
01.04.2021 07:00:21.025 GMT-0700,114.54200000000002,114.35799999999999,0.075,0.1
01.04.2021 07:00:21.365 GMT-0700,114.54299999999999,114.367,0.1,0.075
01.04.2021 07:00:21.790 GMT-0700,114.54299999999999,114.35700000000001,0.1,0.1
01.04.2021 07:00:22.727 GMT-0700,114.54200000000002,114.368,0.1,0.075
01.04.2021 07:00:23.126 GMT-0700,114.54200000000002,114.35799999999999,0.1,0.1
01.04.2021 07:00:27.165 GMT-0700,114.54299999999999,114.427,0.1,0.0008
01.04.2021 07:00:27.266 GMT-0700,114.462,114.35799999999999,0.1,0.1
01.04.2021 07:00:27.317 GMT-0700,114.493,114.35700000000001,0.1,0.1
01.04.2021 07:00:27.367 GMT-0700,114.463,114.35700000000001,0.1,0.1
01.04.2021 07:00:27.417 GMT-0700,114.493,114.35700000000001,0.1,0.1
01.04.2021 07:00:27.855 GMT-0700,114.39200000000001,114.35799999999999,0.075,0.0008
01.04.2021 07:00:27.905 GMT-0700,114.492,114.288,0.1,0.1
01.04.2021 07:00:27.956 GMT-0700,114.48200000000001,114.208,0.1,0.1
01.04.2021 07:00:28.446 GMT-0700,114.493,114.20700000000001,0.1,0.1
01.04.2021 07:00:29.033 GMT-0700,114.493,114.21700000000001,0.1,0.075
01.04.2021 07:00:29.134 GMT-0700,114.493,114.20700000000001,0.1,0.1
01.04.2021 07:00:29.269 GMT-0700,114.493,114.21700000000001,0.1,0.0008
01.04.2021 07:00:30.159 GMT-0700,114.48200000000001,114.21799999999999,0.0008,0.1
01.04.2021 07:00:30.262 GMT-0700,114.492,114.21799999999999,0.1,0.1
01.04.2021 07:00:35.058 GMT-0700,114.48299999999999,114.227,0.075,0.075
01.04.2021 07:00:35.255 GMT-0700,114.492,114.21799999999999,0.1,0.1
01.04.2021 07:00:35.664 GMT-0700,114.413,114.21700000000001,0.075,0.1
01.04.2021 07:00:36.174 GMT-0700,114.413,114.227,0.1,0.075
01.04.2021 07:00:36.608 GMT-0700,114.412,114.21799999999999,0.1,0.1
01.04.2021 07:00:38.590 GMT-0700,114.413,114.20700000000001,0.1,0.1
01.04.2021 07:00:41.348 GMT-0700,114.413,114.367,0.0008,0.075
01.04.2021 07:00:41.398 GMT-0700,114.54299999999999,114.20700000000001,0.1,0.1
01.04.2021 07:00:43.793 GMT-0700,114.54200000000002,114.21799999999999,0.1,0.0008
