Local time,Ask,Bid,AskVolume,BidVolume
01.04.2021 06:30:00.193 GMT-0700,186.792,186.108,0.1,0.1
01.04.2021 06:30:01.095 GMT-0700,186.782,186.108,0.0008,0.1
01.04.2021 06:30:01.585 GMT-0700,186.793,186.107,0.1,0.1
01.04.2021 06:30:01.647 GMT-0700,186.792,186.108,0.1,0.1
01.04.2021 06:30:01.697 GMT-0700,186.71200000000002,186.108,0.1,0.1
01.04.2021 06:30:05.221 GMT-0700,186.793,186.107,0.1,0.1
01.04.2021 06:30:06.326 GMT-0700,186.703,186.107,0.1,0.1
01.04.2021 06:30:08.708 GMT-0700,186.573,186.107,0.0008,0.1
01.04.2021 06:30:08.758 GMT-0700,186.782,186.118,0.1,0.1
01.04.2021 06:30:08.809 GMT-0700,186.793,186.107,0.1,0.1
01.04.2021 06:30:08.859 GMT-0700,186.683,186.107,0.1,0.1
01.04.2021 06:30:08.909 GMT-0700,186.793,186.107,0.1,0.1
01.04.2021 06:30:08.998 GMT-0700,186.702,186.108,0.0008,0.1
01.04.2021 06:30:09.304 GMT-0700,186.793,186.107,0.1,0.1
01.04.2021 06:30:09.788 GMT-0700,186.702,186.108,0.0008,0.1
01.04.2021 06:30:11.338 GMT-0700,186.702,186.108,0.1,0.1
01.04.2021 06:30:11.699 GMT-0700,186.702,186.108,0.1,0.1
01.04.2021 06:30:12.277 GMT-0700,186.702,186.118,0.1,0.1
01.04.2021 06:30:12.579 GMT-0700,186.702,186.108,0.1,0.1
01.04.2021 06:30:14.059 GMT-0700,186.703,186.11700000000002,0.1,0.1
01.04.2021 06:30:14.162 GMT-0700,186.702,186.108,0.1,0.1
01.04.2021 06:30:15.095 GMT-0700,186.702,186.108,0.1,0.1
01.04.2021 06:30:15.195 GMT-0700,186.703,186.107,0.1,0.1
01.04.2021 06:30:15.872 GMT-0700,186.702,186.108,0.1,0.1
01.04.2021 06:30:16.024 GMT-0700,186.702,186.108,0.1,0.1
01.04.2021 06:30:18.991 GMT-0700,186.702,186.118,0.1,0.1
01.04.2021 06:30:19.127 GMT-0700,186.703,186.107,0.1,0.1
01.04.2021 06:30:20.561 GMT-0700,186.703,186.107,0.1,0.1
01.04.2021 06:30:20.661 GMT-0700,186.703,186.107,0.1,0.1
01.04.2021 06:30:21.553 GMT-0700,186.342,186.108,0.0008,0.1
01.04.2021 06:30:21.604 GMT-0700,186.713,186.107,0.1,0.1
01.04.2021 06:30:21.809 GMT-0700,186.352,186.108,0.0008,0.1
01.04.2021 06:30:24.843 GMT-0700,186.36200000000002,186.108,0.1,0.1
01.04.2021 06:30:26.842 GMT-0700,186.793,186.247,0.1,0.1
01.04.2021 06:30:27.055 GMT-0700,186.792,186.108,0.1,0.1
01.04.2021 06:30:27.412 GMT-0700,186.44299999999998,186.107,0.0008,0.1
01.04.2021 06:30:33.159 GMT-0700,186.442,186.108,0.1,0.1
01.04.2021 06:30:33.939 GMT-0700,186.373,186.11700000000002,0.1,0.1
01.04.2021 06:30:34.529 GMT-0700,186.513,186.11700000000002,0.1,0.1
01.04.2021 06:30:34.643 GMT-0700,186.373,186.11700000000002,0.0008,0.1
01.04.2021 06:30:34.693 GMT-0700,186.513,186.11700000000002,0.1,0.1
01.04.2021 06:30:34.835 GMT-0700,186.513,186.11700000000002,0.1,0.1
01.04.2021 06:30:35.621 GMT-0700,186.36200000000002,186.118,0.1,0.1
01.04.2021 06:30:35.833 GMT-0700,186.30200000000002,186.118,0.0008,0.1
01.04.2021 06:30:35.883 GMT-0700,186.442,186.118,0.1,0.1
01.04.2021 06:30:35.933 GMT-0700,186.30200000000002,186.178,0.1,0.1
01.04.2021 06:30:36.034 GMT-0700,186.192,186.108,0.1,0.1
01.04.2021 06:30:36.084 GMT-0700,186.203,186.107,0.1,0.1
01.04.2021 06:30:36.204 GMT-0700,186.18200000000002,186.108,0.1,0.1
01.04.2021 06:30:36.371 GMT-0700,186.153,186.107,0.0008,0.075
01.04.2021 06:30:36.421 GMT-0700,186.132,186.078,0.1,0.1
01.04.2021 06:30:36.472 GMT-0700,186.132,186.058,0.1,0.1
01.04.2021 06:30:36.625 GMT-0700,186.133,186.05700000000002,0.1,0.1
01.04.2021 06:30:36.675 GMT-0700,186.133,186.05700000000002,0.1,0.1
01.04.2021 06:30:36.775 GMT-0700,186.132,185.998,0.1,0.1
01.04.2021 06:30:36.826 GMT-0700,186.053,185.967,0.1,0.1
01.04.2021 06:30:36.969 GMT-0700,186.053,185.917,0.1,0.1
01.04.2021 06:30:37.379 GMT-0700,186.062,185.998,0.1,0.1
01.04.2021 06:30:37.429 GMT-0700,186.053,185.95700000000002,0.1,0.1
01.04.2021 06:30:37.529 GMT-0700,186.042,185.918,0.1,0.1
01.04.2021 06:30:37.886 GMT-0700,185.863,185.80700000000002,0.1,0.1
01.04.2021 06:30:37.936 GMT-0700,185.912,185.808,0.1,0.1
01.04.2021 06:30:37.986 GMT-0700,185.86200000000002,185.808,0.1,0.1
01.04.2021 06:30:38.129 GMT-0700,185.922,185.808,0.1,0.1
01.04.2021 06:30:38.339 GMT-0700,185.953,185.80700000000002,0.1,0.1
01.04.2021 06:30:38.389 GMT-0700,185.942,185.808,0.1,0.1
01.04.2021 06:30:39.109 GMT-0700,185.963,185.92700000000002,0.1,0.1
01.04.2021 06:30:39.159 GMT-0700,186.02200000000002,185.938,0.1,0.1
01.04.2021 06:30:39.233 GMT-0700,185.99200000000002,185.938,0.0008,0.075
01.04.2021 06:30:39.283 GMT-0700,186.02200000000002,185.928,0.1,0.1
01.04.2021 06:30:39.700 GMT-0700,186.053,185.92700000000002,0.1,0.1
01.04.2021 06:30:39.868 GMT-0700,186.05200000000002,185.928,0.1,0.1
01.04.2021 06:30:40.117 GMT-0700,186.072,185.948,0.1,0.1
01.04.2021 06:30:40.182 GMT-0700,186.072,185.938,0.1,0.1
01.04.2021 06:30:40.276 GMT-0700,186.032,185.938,0.1,0.1
01.04.2021 06:30:42.138 GMT-0700,186.05200000000002,185.938,0.1,0.1
01.04.2021 06:30:42.227 GMT-0700,186.053,185.947,0.1,0.1
01.04.2021 06:30:42.611 GMT-0700,186.043,185.947,0.1,0.075
01.04.2021 06:30:42.661 GMT-0700,186.043,185.917,0.1,0.1
01.04.2021 06:30:42.732 GMT-0700,186.043,185.92700000000002,0.1,0.1
01.04.2021 06:30:43.115 GMT-0700,186.043,185.92700000000002,0.1,0.1
01.04.2021 06:30:44.150 GMT-0700,186.05200000000002,185.948,0.1,0.1
01.04.2021 06:30:44.264 GMT-0700,186.072,185.948,0.1,0.1
01.04.2021 06:30:44.361 GMT-0700,186.062,185.948,0.0008,0.1
01.04.2021 06:30:44.546 GMT-0700,186.062,185.978,0.1,0.075
01.04.2021 06:30:44.597 GMT-0700,186.043,185.947,0.1,0.1
01.04.2021 06:30:44.647 GMT-0700,186.053,185.967,0.1,0.1
01.04.2021 06:30:44.791 GMT-0700,186.063,185.967,0.1,0.1
01.04.2021 06:30:45.064 GMT-0700,186.012,185.968,0.0008,0.075
01.04.2021 06:30:45.115 GMT-0700,186.012,185.948,0.1,0.1
01.04.2021 06:30:45.200 GMT-0700,185.972,185.948,0.0008,0.075
01.04.2021 06:30:45.251 GMT-0700,186.053,185.92700000000002,0.1,0.1
01.04.2021 06:30:45.318 GMT-0700,186.053,185.92700000000002,0.1,0.1
01.04.2021 06:30:45.567 GMT-0700,186.003,185.92700000000002,0.0008,0.1
01.04.2021 06:30:45.617 GMT-0700,186.02200000000002,185.928,0.1,0.1
01.04.2021 06:30:45.829 GMT-0700,186.02200000000002,185.928,0.1,0.1
01.04.2021 06:30:45.930 GMT-0700,185.952,185.868,0.1,0.1
01.04.2021 06:30:45.980 GMT-0700,185.94299999999998,185.857,0.1,0.1
01.04.2021 06:30:46.030 GMT-0700,185.90200000000002,185.808,0.1,0.1
01.04.2021 06:30:46.081 GMT-0700,185.903,185.817,0.1,0.1
01.04.2021 06:30:46.244 GMT-0700,185.86200000000002,185.778,0.1,0.1
01.04.2021 06:30:46.294 GMT-0700,185.873,185.77700000000002,0.1,0.1
01.04.2021 06:30:46.344 GMT-0700,185.842,185.778,0.1,0.1
01.04.2021 06:30:46.394 GMT-0700,185.873,185.77700000000002,0.1,0.1
01.04.2021 06:30:46.460 GMT-0700,185.873,185.697,0.1,0.1
01.04.2021 06:30:46.510 GMT-0700,185.753,185.657,0.1,0.1
01.04.2021 06:30:46.560 GMT-0700,185.732,185.648,0.1,0.1
01.04.2021 06:30:46.687 GMT-0700,185.743,185.657,0.1,0.075
01.04.2021 06:30:46.738 GMT-0700,185.743,185.64700000000002,0.1,0.1
01.04.2021 06:30:46.842 GMT-0700,185.743,185.64700000000002,0.1,0.1
01.04.2021 06:30:47.912 GMT-0700,185.66299999999998,185.64700000000002,0.0008,0.1
01.04.2021 06:30:47.962 GMT-0700,185.733,185.657,0.1,0.1
01.04.2021 06:30:48.343 GMT-0700,185.733,185.64700000000002,0.1,0.1
01.04.2021 06:30:48.444 GMT-0700,185.702,185.608,0.1,0.1
01.04.2021 06:30:48.577 GMT-0700,185.71200000000002,185.588,0.1,0.1
01.04.2021 06:30:48.904 GMT-0700,185.71200000000002,185.558,0.1,0.1
01.04.2021 06:30:48.954 GMT-0700,185.66299999999998,185.55700000000002,0.1,0.1
01.04.2021 06:30:49.022 GMT-0700,185.66299999999998,185.55700000000002,0.1,0.1
01.04.2021 06:30:49.072 GMT-0700,185.68200000000002,185.56799999999998,0.1,0.1
01.04.2021 06:30:49.555 GMT-0700,185.683,185.597,0.0008,0.075
01.04.2021 06:30:49.605 GMT-0700,185.782,185.718,0.1,0.1
01.04.2021 06:30:49.655 GMT-0700,185.782,185.678,0.1,0.1
01.04.2021 06:30:49.706 GMT-0700,185.782,185.698,0.1,0.1
01.04.2021 06:30:49.902 GMT-0700,185.782,185.678,0.1,0.1
01.04.2021 06:30:49.952 GMT-0700,185.762,185.658,0.1,0.1
01.04.2021 06:30:50.095 GMT-0700,185.743,185.657,0.0008,0.075
01.04.2021 06:30:50.145 GMT-0700,185.743,185.61700000000002,0.1,0.1
01.04.2021 06:30:50.227 GMT-0700,185.743,185.61700000000002,0.1,0.1
01.04.2021 06:30:50.327 GMT-0700,185.74200000000002,185.618,0.1,0.1
01.04.2021 06:30:51.625 GMT-0700,185.74200000000002,185.59799999999998,0.1,0.1
01.04.2021 06:30:52.312 GMT-0700,185.743,185.597,0.1,0.1
01.04.2021 06:30:54.646 GMT-0700,185.702,185.56799999999998,0.1,0.1
01.04.2021 06:30:54.708 GMT-0700,185.702,185.56799999999998,0.1,0.1
01.04.2021 06:30:55.019 GMT-0700,185.702,185.588,0.1,0.1
01.04.2021 06:30:55.070 GMT-0700,185.702,185.588,0.1,0.1
01.04.2021 06:30:56.108 GMT-0700,185.68200000000002,185.588,0.0008,0.075
01.04.2021 06:30:56.159 GMT-0700,185.68200000000002,185.578,0.1,0.1
01.04.2021 06:30:57.106 GMT-0700,185.703,185.577,0.1,0.1
01.04.2021 06:30:57.156 GMT-0700,185.703,185.607,0.1,0.1
01.04.2021 06:30:57.920 GMT-0700,185.702,185.588,0.1,0.1
01.04.2021 06:30:57.970 GMT-0700,185.703,185.58700000000002,0.1,0.1
01.04.2021 06:30:58.020 GMT-0700,185.74200000000002,185.648,0.1,0.1
01.04.2021 06:30:58.071 GMT-0700,185.743,185.61700000000002,0.1,0.1
01.04.2021 06:30:59.284 GMT-0700,185.683,185.61700000000002,0.0008,0.075
01.04.2021 06:30:59.334 GMT-0700,185.673,185.55700000000002,0.1,0.1
01.04.2021 06:30:59.385 GMT-0700,185.673,185.577,0.1,0.1
01.04.2021 06:30:59.648 GMT-0700,185.703,185.577,0.1,0.1
01.04.2021 06:30:59.698 GMT-0700,185.703,185.607,0.1,0.1
01.04.2021 06:30:59.809 GMT-0700,185.702,185.578,0.1,0.1
01.04.2021 06:30:59.897 GMT-0700,185.702,185.578,0.1,0.1
01.04.2021 06:30:59.947 GMT-0700,185.662,185.558,0.1,0.1
01.04.2021 06:30:59.998 GMT-0700,185.702,185.558,0.1,0.1
01.04.2021 06:31:00.149 GMT-0700,185.702,185.588,0.1,0.1
01.04.2021 06:31:00.300 GMT-0700,185.74200000000002,185.588,0.1,0.1
01.04.2021 06:31:00.361 GMT-0700,185.74200000000002,185.638,0.0008,0.075
01.04.2021 06:31:00.411 GMT-0700,185.923,185.787,0.1,0.1
01.04.2021 06:31:00.462 GMT-0700,185.91299999999998,185.757,0.1,0.1
01.04.2021 06:31:00.562 GMT-0700,185.882,185.758,0.1,0.1
01.04.2021 06:31:00.700 GMT-0700,185.882,185.78799999999998,0.1,0.075
01.04.2021 06:31:00.751 GMT-0700,185.883,185.757,0.1,0.1
01.04.2021 06:31:00.801 GMT-0700,185.883,185.787,0.1,0.1
01.04.2021 06:31:01.995 GMT-0700,185.833,185.787,0.0008,0.075
01.04.2021 06:31:02.045 GMT-0700,185.813,185.67700000000002,0.1,0.1
01.04.2021 06:31:02.096 GMT-0700,185.883,185.727,0.1,0.1
01.04.2021 06:31:02.146 GMT-0700,185.952,185.828,0.1,0.1
01.04.2021 06:31:02.253 GMT-0700,185.942,185.828,0.1,0.1
01.04.2021 06:31:02.303 GMT-0700,185.83200000000002,185.678,0.1,0.1
01.04.2021 06:31:02.423 GMT-0700,185.86200000000002,185.678,0.1,0.1
01.04.2021 06:31:02.473 GMT-0700,185.903,185.717,0.1,0.1
01.04.2021 06:31:02.593 GMT-0700,185.903,185.717,0.1,0.1
01.04.2021 06:31:02.644 GMT-0700,185.90200000000002,185.748,0.1,0.1
01.04.2021 06:31:02.714 GMT-0700,185.86200000000002,185.748,0.0008,0.1
01.04.2021 06:31:02.814 GMT-0700,185.90200000000002,185.748,0.1,0.1
01.04.2021 06:31:02.872 GMT-0700,185.863,185.747,0.0008,0.1
01.04.2021 06:31:03.041 GMT-0700,185.74200000000002,185.708,0.1,0.1
01.04.2021 06:31:03.092 GMT-0700,185.743,185.637,0.1,0.1
01.04.2021 06:31:03.497 GMT-0700,185.732,185.638,0.0008,0.1
01.04.2021 06:31:03.547 GMT-0700,185.743,185.637,0.1,0.1
01.04.2021 06:31:03.624 GMT-0700,185.743,185.727,0.0008,0.075
01.04.2021 06:31:03.674 GMT-0700,185.863,185.73700000000002,0.1,0.1
01.04.2021 06:31:03.742 GMT-0700,185.843,185.73700000000002,0.0008,0.1
01.04.2021 06:31:04.015 GMT-0700,185.833,185.73700000000002,0.0008,0.1
01.04.2021 06:31:04.364 GMT-0700,185.952,185.738,0.1,0.1
01.04.2021 06:31:04.415 GMT-0700,185.953,185.80700000000002,0.1,0.1
01.04.2021 06:31:04.465 GMT-0700,185.942,185.808,0.0008,0.075
01.04.2021 06:31:05.086 GMT-0700,185.922,185.78799999999998,0.1,0.1
01.04.2021 06:31:06.357 GMT-0700,185.923,185.787,0.1,0.1
01.04.2021 06:31:06.408 GMT-0700,185.922,185.768,0.1,0.1
01.04.2021 06:31:06.458 GMT-0700,185.922,185.798,0.1,0.1
01.04.2021 06:31:06.612 GMT-0700,185.93200000000002,185.798,0.1,0.1
01.04.2021 06:31:06.662 GMT-0700,185.933,185.817,0.1,0.1
01.04.2021 06:31:07.912 GMT-0700,185.93200000000002,185.798,0.1,0.1
01.04.2021 06:31:14.622 GMT-0700,186.043,185.937,0.1,0.1
01.04.2021 06:31:15.550 GMT-0700,186.002,185.918,0.1,0.1
01.04.2021 06:31:15.671 GMT-0700,185.933,185.917,0.0008,0.075
01.04.2021 06:31:15.722 GMT-0700,185.923,185.827,0.1,0.1
01.04.2021 06:31:15.822 GMT-0700,186.003,185.86700000000002,0.1,0.1
01.04.2021 06:31:16.276 GMT-0700,186.072,185.868,0.1,0.1
01.04.2021 06:31:16.326 GMT-0700,186.042,185.918,0.1,0.1
01.04.2021 06:31:16.377 GMT-0700,186.043,185.89700000000002,0.1,0.1
01.04.2021 06:31:16.532 GMT-0700,186.043,185.89700000000002,0.1,0.1
01.04.2021 06:31:16.632 GMT-0700,186.043,185.89700000000002,0.1,0.1
01.04.2021 06:31:16.729 GMT-0700,186.043,185.89700000000002,0.1,0.1
01.04.2021 06:31:17.070 GMT-0700,186.043,185.947,0.1,0.075
01.04.2021 06:31:17.184 GMT-0700,185.993,185.947,0.1,0.1
01.04.2021 06:31:18.072 GMT-0700,185.952,185.937,0.0008,0.075
01.04.2021 06:31:18.123 GMT-0700,185.953,185.857,0.1,0.1
01.04.2021 06:31:19.017 GMT-0700,185.953,185.857,0.1,0.1
01.04.2021 06:31:19.167 GMT-0700,185.952,185.858,0.1,0.1
01.04.2021 06:31:19.726 GMT-0700,185.99200000000002,185.858,0.1,0.1
01.04.2021 06:31:19.776 GMT-0700,186.062,185.948,0.1,0.1
01.04.2021 06:31:19.827 GMT-0700,186.062,185.918,0.1,0.1
01.04.2021 06:31:19.891 GMT-0700,186.063,185.937,0.1,0.1
01.04.2021 06:31:20.706 GMT-0700,186.05200000000002,185.938,0.0008,0.1
01.04.2021 06:31:20.849 GMT-0700,186.053,185.997,0.1,0.075
01.04.2021 06:31:20.950 GMT-0700,186.073,186.01700000000002,0.1,0.1
01.04.2021 06:31:21.000 GMT-0700,186.073,186.007,0.1,0.1
01.04.2021 06:31:21.100 GMT-0700,186.072,185.998,0.1,0.1
01.04.2021 06:31:21.328 GMT-0700,186.073,186.02700000000002,0.1,0.075
01.04.2021 06:31:21.379 GMT-0700,186.143,186.037,0.1,0.1
01.04.2021 06:31:21.808 GMT-0700,186.183,186.037,0.1,0.1
01.04.2021 06:31:21.858 GMT-0700,186.162,186.03799999999998,0.1,0.1
01.04.2021 06:31:22.307 GMT-0700,186.16299999999998,186.01700000000002,0.1,0.1
01.04.2021 06:31:23.042 GMT-0700,186.16299999999998,186.05700000000002,0.0008,0.075
01.04.2021 06:31:23.093 GMT-0700,186.173,186.05700000000002,0.1,0.1
01.04.2021 06:31:23.349 GMT-0700,186.153,186.05700000000002,0.0008,0.1
01.04.2021 06:31:23.468 GMT-0700,186.113,186.01700000000002,0.1,0.1
01.04.2021 06:31:23.579 GMT-0700,186.043,185.95700000000002,0.1,0.1
01.04.2021 06:31:23.795 GMT-0700,186.123,185.977,0.1,0.1
01.04.2021 06:31:23.954 GMT-0700,186.092,185.978,0.1,0.1
01.04.2021 06:31:24.075 GMT-0700,186.072,185.978,0.0008,0.1
01.04.2021 06:31:24.175 GMT-0700,186.093,185.967,0.1,0.1
01.04.2021 06:31:24.232 GMT-0700,186.092,185.968,0.1,0.1
01.04.2021 06:31:24.950 GMT-0700,186.05200000000002,185.978,0.0008,0.1
01.04.2021 06:31:25.000 GMT-0700,186.073,185.977,0.1,0.1
01.04.2021 06:31:25.057 GMT-0700,186.072,185.978,0.1,0.1
01.04.2021 06:31:25.725 GMT-0700,186.073,185.977,0.1,0.1
01.04.2021 06:31:25.825 GMT-0700,186.093,185.977,0.1,0.1
01.04.2021 06:31:25.876 GMT-0700,186.063,185.977,0.1,0.1
01.04.2021 06:31:26.109 GMT-0700,186.033,185.95700000000002,0.1,0.1
01.04.2021 06:31:26.159 GMT-0700,186.02200000000002,185.918,0.1,0.1
01.04.2021 06:31:26.304 GMT-0700,185.99200000000002,185.918,0.0008,0.075
01.04.2021 06:31:26.354 GMT-0700,185.99200000000002,185.898,0.1,0.1
01.04.2021 06:31:26.405 GMT-0700,185.963,185.847,0.1,0.1
01.04.2021 06:31:26.505 GMT-0700,185.963,185.857,0.1,0.075
01.04.2021 06:31:26.605 GMT-0700,185.99200000000002,185.838,0.1,0.1
01.04.2021 06:31:26.706 GMT-0700,185.99200000000002,185.858,0.1,0.1
01.04.2021 06:31:27.188 GMT-0700,185.97299999999998,185.83700000000002,0.1,0.1
01.04.2021 06:31:27.293 GMT-0700,185.952,185.838,0.1,0.1
01.04.2021 06:31:27.523 GMT-0700,185.953,185.817,0.1,0.1
01.04.2021 06:31:27.575 GMT-0700,185.952,185.81799999999998,0.1,0.1
01.04.2021 06:31:28.466 GMT-0700,185.953,185.817,0.1,0.1
01.04.2021 06:31:28.527 GMT-0700,185.952,185.838,0.1,0.1
01.04.2021 06:31:28.848 GMT-0700,185.97299999999998,185.83700000000002,0.1,0.1
01.04.2021 06:31:28.899 GMT-0700,185.952,185.838,0.1,0.1
01.04.2021 06:31:31.534 GMT-0700,185.972,185.838,0.1,0.1
01.04.2021 06:31:31.775 GMT-0700,185.952,185.838,0.0008,0.1
01.04.2021 06:31:32.362 GMT-0700,185.972,185.838,0.1,0.1
01.04.2021 06:31:32.412 GMT-0700,185.953,185.83700000000002,0.1,0.1
01.04.2021 06:31:32.941 GMT-0700,185.972,185.838,0.1,0.1
01.04.2021 06:31:32.991 GMT-0700,185.942,185.838,0.1,0.1
01.04.2021 06:31:34.621 GMT-0700,185.93200000000002,185.838,0.0008,0.1
01.04.2021 06:31:35.060 GMT-0700,185.94299999999998,185.847,0.1,0.1
01.04.2021 06:31:35.394 GMT-0700,185.94299999999998,185.877,0.1,0.075
01.04.2021 06:31:35.494 GMT-0700,185.93200000000002,185.84799999999998,0.1,0.1
01.04.2021 06:31:36.589 GMT-0700,185.93200000000002,185.878,0.1,0.1
01.04.2021 06:31:37.135 GMT-0700,185.872,185.838,0.0008,0.075
01.04.2021 06:31:37.186 GMT-0700,185.883,185.787,0.1,0.1
01.04.2021 06:31:37.749 GMT-0700,185.873,185.787,0.0008,0.1
01.04.2021 06:31:38.693 GMT-0700,185.882,185.808,0.1,0.075
01.04.2021 06:31:38.743 GMT-0700,185.883,185.787,0.1,0.1
01.04.2021 06:31:38.995 GMT-0700,185.882,185.808,0.1,0.1
01.04.2021 06:31:39.046 GMT-0700,185.882,185.78799999999998,0.1,0.1
01.04.2021 06:31:39.098 GMT-0700,185.882,185.78799999999998,0.1,0.1
01.04.2021 06:31:40.496 GMT-0700,185.873,185.80700000000002,0.0008,0.075
01.04.2021 06:31:40.547 GMT-0700,185.873,185.77700000000002,0.1,0.1
01.04.2021 06:31:40.898 GMT-0700,185.873,185.77700000000002,0.1,0.1
01.04.2021 06:31:40.948 GMT-0700,185.883,185.787,0.1,0.1
01.04.2021 06:31:41.156 GMT-0700,185.883,185.847,0.0008,0.075
01.04.2021 06:31:41.206 GMT-0700,185.953,185.847,0.1,0.1
01.04.2021 06:31:41.257 GMT-0700,185.952,185.828,0.1,0.1
01.04.2021 06:31:41.327 GMT-0700,185.952,185.84799999999998,0.1,0.075
01.04.2021 06:31:41.638 GMT-0700,185.93200000000002,185.84799999999998,0.0008,0.075
01.04.2021 06:31:41.688 GMT-0700,185.933,185.827,0.1,0.1
01.04.2021 06:31:41.808 GMT-0700,185.952,185.828,0.1,0.1
01.04.2021 06:31:41.892 GMT-0700,185.96200000000002,185.858,0.1,0.1
01.04.2021 06:31:41.993 GMT-0700,185.952,185.828,0.1,0.1
01.04.2021 06:31:42.097 GMT-0700,185.953,185.827,0.1,0.1
01.04.2021 06:31:42.147 GMT-0700,185.93200000000002,185.828,0.1,0.1
01.04.2021 06:31:42.296 GMT-0700,185.933,185.827,0.1,0.1
01.04.2021 06:31:43.266 GMT-0700,185.942,185.838,0.1,0.1
01.04.2021 06:31:43.554 GMT-0700,185.94299999999998,185.83700000000002,0.1,0.1
01.04.2021 06:31:44.606 GMT-0700,185.942,185.838,0.1,0.1
01.04.2021 06:31:44.662 GMT-0700,185.933,185.83700000000002,0.0008,0.1
01.04.2021 06:31:44.842 GMT-0700,185.94299999999998,185.83700000000002,0.1,0.1
01.04.2021 06:31:44.892 GMT-0700,185.94299999999998,185.857,0.1,0.1
01.04.2021 06:31:46.322 GMT-0700,185.993,185.857,0.1,0.1
01.04.2021 06:31:47.233 GMT-0700,185.99200000000002,185.858,0.1,0.1
01.04.2021 06:31:47.430 GMT-0700,185.993,185.857,0.1,0.1
01.04.2021 06:31:47.712 GMT-0700,185.963,185.857,0.0008,0.1
01.04.2021 06:31:48.228 GMT-0700,185.912,185.858,0.0008,0.075
01.04.2021 06:31:48.279 GMT-0700,185.963,185.83700000000002,0.1,0.1
01.04.2021 06:31:48.545 GMT-0700,185.963,185.877,0.1,0.075
01.04.2021 06:31:48.595 GMT-0700,185.96200000000002,185.838,0.1,0.1
01.04.2021 06:31:48.646 GMT-0700,185.993,185.86700000000002,0.1,0.1
01.04.2021 06:31:48.884 GMT-0700,185.953,185.857,0.1,0.1
01.04.2021 06:31:49.766 GMT-0700,185.953,185.857,0.1,0.1
01.04.2021 06:31:50.169 GMT-0700,185.953,185.857,0.1,0.1
01.04.2021 06:31:50.341 GMT-0700,185.953,185.857,0.1,0.1
01.04.2021 06:31:50.885 GMT-0700,186.033,185.977,0.1,0.1
01.04.2021 06:31:51.078 GMT-0700,186.043,185.977,0.1,0.1
01.04.2021 06:31:51.129 GMT-0700,186.122,185.978,0.1,0.1
01.04.2021 06:31:51.179 GMT-0700,186.11200000000002,185.978,0.1,0.1
01.04.2021 06:31:51.229 GMT-0700,186.123,185.977,0.1,0.1
01.04.2021 06:31:51.537 GMT-0700,186.122,186.008,0.1,0.1
01.04.2021 06:31:51.588 GMT-0700,186.172,186.008,0.1,0.1
01.04.2021 06:31:51.646 GMT-0700,186.173,186.007,0.1,0.1
01.04.2021 06:31:51.807 GMT-0700,186.173,186.007,0.1,0.1
01.04.2021 06:31:51.858 GMT-0700,186.183,186.037,0.1,0.1
01.04.2021 06:31:51.908 GMT-0700,186.172,186.03799999999998,0.1,0.1
01.04.2021 06:31:51.958 GMT-0700,186.18200000000002,186.03799999999998,0.1,0.1
01.04.2021 06:31:52.009 GMT-0700,186.173,186.037,0.1,0.1
01.04.2021 06:31:52.349 GMT-0700,186.173,186.037,0.1,0.1
01.04.2021 06:31:53.184 GMT-0700,186.153,186.05700000000002,0.0008,0.075
01.04.2021 06:31:53.234 GMT-0700,186.183,186.05700000000002,0.1,0.1
01.04.2021 06:31:53.387 GMT-0700,186.16299999999998,186.05700000000002,0.1,0.1
01.04.2021 06:31:54.572 GMT-0700,186.183,186.05700000000002,0.1,0.1
01.04.2021 06:31:55.909 GMT-0700,186.183,186.05700000000002,0.1,0.1
01.04.2021 06:31:56.375 GMT-0700,186.18200000000002,186.058,0.1,0.1
01.04.2021 06:31:56.628 GMT-0700,186.16299999999998,186.05700000000002,0.0008,0.1
01.04.2021 06:31:56.729 GMT-0700,186.113,185.98700000000002,0.1,0.1
01.04.2021 06:31:56.818 GMT-0700,186.092,185.988,0.0008,0.1
01.04.2021 06:31:57.895 GMT-0700,186.003,185.98700000000002,0.0008,0.1
01.04.2021 06:31:57.945 GMT-0700,186.093,185.977,0.1,0.1
01.04.2021 06:31:58.016 GMT-0700,186.063,185.977,0.0008,0.1
01.04.2021 06:31:58.576 GMT-0700,186.092,185.978,0.1,0.1
01.04.2021 06:31:58.627 GMT-0700,186.073,185.977,0.1,0.1
01.04.2021 06:31:58.875 GMT-0700,186.073,185.95700000000002,0.1,0.1
01.04.2021 06:31:58.925 GMT-0700,186.05200000000002,185.938,0.1,0.1
01.04.2021 06:31:59.036 GMT-0700,186.05200000000002,185.958,0.1,0.1
01.04.2021 06:31:59.087 GMT-0700,186.072,185.958,0.1,0.1
01.04.2021 06:31:59.191 GMT-0700,186.073,185.95700000000002,0.1,0.1
01.04.2021 06:31:59.241 GMT-0700,186.072,185.958,0.1,0.1
01.04.2021 06:31:59.492 GMT-0700,186.072,185.978,0.1,0.075
01.04.2021 06:31:59.542 GMT-0700,186.093,185.977,0.1,0.1
01.04.2021 06:31:59.597 GMT-0700,186.072,185.978,0.0008,0.1
01.04.2021 06:31:59.698 GMT-0700,186.05200000000002,185.958,0.1,0.1
01.04.2021 06:32:00.199 GMT-0700,186.053,185.95700000000002,0.1,0.1
01.04.2021 06:32:00.249 GMT-0700,186.053,185.95700000000002,0.1,0.1
01.04.2021 06:32:00.706 GMT-0700,186.053,185.95700000000002,0.1,0.1
01.04.2021 06:32:01.510 GMT-0700,186.008,185.988,0.0008,0.1
01.04.2021 06:32:01.561 GMT-0700,186.053,185.95700000000002,0.1,0.1
01.04.2021 06:32:01.611 GMT-0700,186.053,185.997,0.1,0.1
01.04.2021 06:32:01.910 GMT-0700,186.053,186.007,0.0008,0.075
01.04.2021 06:32:01.961 GMT-0700,186.123,186.007,0.1,0.1
01.04.2021 06:32:02.121 GMT-0700,186.133,186.037,0.1,0.1
01.04.2021 06:32:02.355 GMT-0700,186.133,186.007,0.1,0.1
01.04.2021 06:32:02.417 GMT-0700,186.14200000000002,186.008,0.1,0.1
01.04.2021 06:32:02.467 GMT-0700,186.14200000000002,186.03799999999998,0.1,0.1
01.04.2021 06:32:02.646 GMT-0700,186.162,186.058,0.1,0.1
01.04.2021 06:32:03.561 GMT-0700,186.18200000000002,186.078,0.1,0.1
01.04.2021 06:32:03.688 GMT-0700,186.18200000000002,186.058,0.1,0.1
01.04.2021 06:32:03.831 GMT-0700,186.183,186.05700000000002,0.1,0.1
01.04.2021 06:32:04.062 GMT-0700,186.16299999999998,186.05700000000002,0.1,0.1
01.04.2021 06:32:04.230 GMT-0700,186.18200000000002,186.078,0.1,0.1
01.04.2021 06:32:04.341 GMT-0700,186.21200000000002,186.078,0.1,0.1
01.04.2021 06:32:04.395 GMT-0700,186.24200000000002,186.118,0.1,0.1
01.04.2021 06:32:04.452 GMT-0700,186.233,186.11700000000002,0.1,0.1
01.04.2021 06:32:04.590 GMT-0700,186.24200000000002,186.138,0.1,0.1
01.04.2021 06:32:04.692 GMT-0700,186.293,186.157,0.1,0.1
01.04.2021 06:32:04.742 GMT-0700,186.262,186.138,0.1,0.1
01.04.2021 06:32:04.847 GMT-0700,186.262,186.168,0.1,0.1
01.04.2021 06:32:05.065 GMT-0700,186.292,186.188,0.1,0.1
01.04.2021 06:32:05.744 GMT-0700,186.303,186.20700000000002,0.1,0.1
01.04.2021 06:32:05.851 GMT-0700,186.30200000000002,186.188,0.1,0.1
01.04.2021 06:32:05.902 GMT-0700,186.303,186.20700000000002,0.1,0.1
01.04.2021 06:32:06.104 GMT-0700,186.283,186.157,0.1,0.1
01.04.2021 06:32:06.180 GMT-0700,186.282,186.218,0.1,0.075
01.04.2021 06:32:06.230 GMT-0700,186.303,186.187,0.1,0.1
01.04.2021 06:32:06.325 GMT-0700,186.30200000000002,186.188,0.1,0.1
01.04.2021 06:32:06.533 GMT-0700,186.30200000000002,186.238,0.1,0.075
01.04.2021 06:32:06.583 GMT-0700,186.303,186.217,0.1,0.1
01.04.2021 06:32:07.082 GMT-0700,186.303,186.217,0.1,0.1
01.04.2021 06:32:07.133 GMT-0700,186.373,186.23700000000002,0.1,0.1
01.04.2021 06:32:07.183 GMT-0700,186.343,186.23700000000002,0.1,0.1
01.04.2021 06:32:07.795 GMT-0700,186.342,186.238,0.1,0.1
01.04.2021 06:32:07.947 GMT-0700,186.382,186.268,0.1,0.1
01.04.2021 06:32:07.998 GMT-0700,186.393,186.27700000000002,0.1,0.1
01.04.2021 06:32:09.389 GMT-0700,186.308,186.278,0.0008,0.075
01.04.2021 06:32:09.440 GMT-0700,186.322,186.188,0.1,0.1
01.04.2021 06:32:09.854 GMT-0700,186.292,186.188,0.0008,0.1
01.04.2021 06:32:10.104 GMT-0700,186.19299999999998,186.187,0.0008,0.075
01.04.2021 06:32:10.154 GMT-0700,186.19299999999998,186.077,0.1,0.1
01.04.2021 06:32:10.205 GMT-0700,186.263,186.157,0.1,0.1
01.04.2021 06:32:10.489 GMT-0700,186.233,186.107,0.1,0.1
01.04.2021 06:32:10.539 GMT-0700,186.233,186.107,0.1,0.1
01.04.2021 06:32:10.590 GMT-0700,186.233,186.127,0.1,0.1
01.04.2021 06:32:10.918 GMT-0700,186.263,186.127,0.1,0.1
01.04.2021 06:32:11.455 GMT-0700,186.233,186.127,0.1,0.1
01.04.2021 06:32:11.505 GMT-0700,186.263,186.127,0.1,0.1
01.04.2021 06:32:12.403 GMT-0700,186.263,186.137,0.1,0.1
01.04.2021 06:32:12.594 GMT-0700,186.262,186.128,0.1,0.1
01.04.2021 06:32:12.694 GMT-0700,186.22299999999998,186.097,0.1,0.1
01.04.2021 06:32:12.865 GMT-0700,186.222,186.118,0.1,0.1
01.04.2021 06:32:12.915 GMT-0700,186.22299999999998,186.097,0.1,0.1
01.04.2021 06:32:13.158 GMT-0700,186.22299999999998,186.11700000000002,0.0008,0.075
01.04.2021 06:32:13.208 GMT-0700,186.262,186.118,0.1,0.1
01.04.2021 06:32:13.357 GMT-0700,186.22299999999998,186.11700000000002,0.0008,0.1
01.04.2021 06:32:13.804 GMT-0700,186.222,186.09799999999998,0.1,0.1
01.04.2021 06:32:14.571 GMT-0700,186.262,186.09799999999998,0.1,0.1
01.04.2021 06:32:14.801 GMT-0700,186.263,186.097,0.1,0.1
01.04.2021 06:32:15.152 GMT-0700,186.262,186.128,0.1,0.1
01.04.2021 06:32:15.202 GMT-0700,186.22299999999998,186.077,0.1,0.1
01.04.2021 06:32:15.347 GMT-0700,186.22299999999998,186.077,0.1,0.1
01.04.2021 06:32:16.223 GMT-0700,186.263,186.127,0.1,0.1
01.04.2021 06:32:16.415 GMT-0700,186.262,186.168,0.1,0.1
01.04.2021 06:32:16.465 GMT-0700,186.262,186.128,0.1,0.1
01.04.2021 06:32:16.706 GMT-0700,186.262,186.128,0.1,0.1
01.04.2021 06:32:16.756 GMT-0700,186.263,186.127,0.1,0.1
01.04.2021 06:32:16.884 GMT-0700,186.262,186.158,0.1,0.1
01.04.2021 06:32:18.783 GMT-0700,186.263,186.167,0.1,0.075
01.04.2021 06:32:18.834 GMT-0700,186.273,186.167,0.1,0.1
01.04.2021 06:32:19.179 GMT-0700,186.273,186.157,0.1,0.1
01.04.2021 06:32:19.230 GMT-0700,186.27200000000002,186.168,0.1,0.1
01.04.2021 06:32:19.386 GMT-0700,186.273,186.17700000000002,0.1,0.1
01.04.2021 06:32:19.487 GMT-0700,186.27200000000002,186.158,0.1,0.1
01.04.2021 06:32:20.281 GMT-0700,186.27200000000002,186.158,0.1,0.1
01.04.2021 06:32:20.656 GMT-0700,186.27200000000002,186.158,0.1,0.1
01.04.2021 06:32:20.707 GMT-0700,186.233,186.157,0.1,0.1
01.04.2021 06:32:20.977 GMT-0700,186.232,186.158,0.1,0.1
01.04.2021 06:32:21.027 GMT-0700,186.232,186.158,0.1,0.1
01.04.2021 06:32:21.371 GMT-0700,186.363,186.257,0.1,0.1
01.04.2021 06:32:22.519 GMT-0700,186.363,186.187,0.1,0.1
01.04.2021 06:32:22.569 GMT-0700,186.262,186.188,0.1,0.1
01.04.2021 06:32:22.619 GMT-0700,186.263,186.217,0.1,0.1
01.04.2021 06:32:22.670 GMT-0700,186.263,186.157,0.1,0.1
01.04.2021 06:32:23.305 GMT-0700,186.263,186.157,0.1,0.1
01.04.2021 06:32:23.356 GMT-0700,186.313,186.167,0.1,0.1
01.04.2021 06:32:23.752 GMT-0700,186.312,186.218,0.1,0.1
01.04.2021 06:32:23.959 GMT-0700,186.313,186.167,0.1,0.1
01.04.2021 06:32:24.332 GMT-0700,186.313,186.167,0.1,0.1
01.04.2021 06:32:24.382 GMT-0700,186.312,186.168,0.1,0.1
01.04.2021 06:32:24.584 GMT-0700,186.313,186.197,0.1,0.1
01.04.2021 06:32:24.634 GMT-0700,186.313,186.167,0.1,0.1
01.04.2021 06:32:24.769 GMT-0700,186.312,186.218,0.1,0.1
01.04.2021 06:32:25.514 GMT-0700,186.36200000000002,186.278,0.1,0.1
01.04.2021 06:32:25.565 GMT-0700,186.342,186.168,0.1,0.1
01.04.2021 06:32:25.634 GMT-0700,186.343,186.167,0.1,0.1
01.04.2021 06:32:25.734 GMT-0700,186.342,186.168,0.1,0.1
01.04.2021 06:32:25.812 GMT-0700,186.343,186.227,0.1,0.075
01.04.2021 06:32:25.863 GMT-0700,186.342,186.168,0.1,0.1
01.04.2021 06:32:25.963 GMT-0700,186.393,186.227,0.1,0.1
01.04.2021 06:32:27.009 GMT-0700,186.393,186.27700000000002,0.1,0.075
01.04.2021 06:32:27.431 GMT-0700,186.412,186.278,0.1,0.1
01.04.2021 06:32:27.481 GMT-0700,186.41299999999998,186.27700000000002,0.1,0.1
01.04.2021 06:32:29.985 GMT-0700,186.373,186.27700000000002,0.0008,0.1
01.04.2021 06:32:30.085 GMT-0700,186.412,186.278,0.1,0.1
01.04.2021 06:32:30.350 GMT-0700,186.372,186.278,0.0008,0.1
01.04.2021 06:32:30.451 GMT-0700,186.412,186.278,0.1,0.1
01.04.2021 06:32:31.200 GMT-0700,186.422,186.338,0.1,0.1
01.04.2021 06:32:31.250 GMT-0700,186.453,186.27700000000002,0.1,0.1
01.04.2021 06:32:31.668 GMT-0700,186.40200000000002,186.278,0.1,0.1
01.04.2021 06:32:33.174 GMT-0700,186.452,186.298,0.1,0.1
01.04.2021 06:32:33.691 GMT-0700,186.452,186.298,0.1,0.1
01.04.2021 06:32:34.377 GMT-0700,186.452,186.298,0.1,0.1
01.04.2021 06:32:34.433 GMT-0700,186.453,186.327,0.1,0.075
01.04.2021 06:32:35.346 GMT-0700,186.452,186.338,0.1,0.1
01.04.2021 06:32:35.692 GMT-0700,186.463,186.33700000000002,0.1,0.1
01.04.2021 06:32:36.460 GMT-0700,186.46200000000002,186.328,0.1,0.1
01.04.2021 06:32:37.214 GMT-0700,186.39200000000002,186.328,0.0008,0.075
01.04.2021 06:32:37.265 GMT-0700,186.352,186.278,0.1,0.1
01.04.2021 06:32:37.365 GMT-0700,186.373,186.297,0.1,0.1
01.04.2021 06:32:37.482 GMT-0700,186.412,186.298,0.1,0.1
01.04.2021 06:32:37.712 GMT-0700,186.41299999999998,186.27700000000002,0.1,0.1
01.04.2021 06:32:37.812 GMT-0700,186.373,186.257,0.1,0.1
01.04.2021 06:32:38.273 GMT-0700,186.373,186.217,0.1,0.1
01.04.2021 06:32:38.349 GMT-0700,186.372,186.258,0.1,0.1
01.04.2021 06:32:38.549 GMT-0700,186.373,186.217,0.1,0.1
01.04.2021 06:32:38.600 GMT-0700,186.372,186.258,0.1,0.1
01.04.2021 06:32:38.650 GMT-0700,186.372,186.218,0.1,0.1
01.04.2021 06:32:38.700 GMT-0700,186.373,186.26700000000002,0.1,0.1
01.04.2021 06:32:38.871 GMT-0700,186.372,186.218,0.1,0.1
01.04.2021 06:32:38.921 GMT-0700,186.372,186.258,0.1,0.1
01.04.2021 06:32:39.338 GMT-0700,186.372,186.218,0.1,0.1
01.04.2021 06:32:39.389 GMT-0700,186.303,186.217,0.1,0.1
01.04.2021 06:32:39.844 GMT-0700,186.373,186.217,0.1,0.1
01.04.2021 06:32:39.895 GMT-0700,186.372,186.258,0.1,0.1
01.04.2021 06:32:40.420 GMT-0700,186.372,186.218,0.1,0.1
01.04.2021 06:32:40.480 GMT-0700,186.372,186.258,0.1,0.1
01.04.2021 06:32:40.530 GMT-0700,186.373,186.217,0.1,0.1
01.04.2021 06:32:40.606 GMT-0700,186.33200000000002,186.218,0.1,0.1
01.04.2021 06:32:42.054 GMT-0700,186.372,186.218,0.1,0.1
01.04.2021 06:32:42.190 GMT-0700,186.333,186.217,0.0008,0.1
01.04.2021 06:32:42.291 GMT-0700,186.322,186.218,0.1,0.1
01.04.2021 06:32:42.432 GMT-0700,186.283,186.217,0.0008,0.075
01.04.2021 06:32:42.482 GMT-0700,186.263,186.157,0.1,0.1
01.04.2021 06:32:42.556 GMT-0700,186.263,186.157,0.1,0.1
01.04.2021 06:32:42.899 GMT-0700,186.322,186.258,0.1,0.1
01.04.2021 06:32:43.907 GMT-0700,186.322,186.208,0.1,0.1
01.04.2021 06:32:44.497 GMT-0700,186.323,186.20700000000002,0.1,0.1
01.04.2021 06:32:44.796 GMT-0700,186.323,186.20700000000002,0.1,0.1
01.04.2021 06:32:45.173 GMT-0700,186.313,186.20700000000002,0.0008,0.075
01.04.2021 06:32:45.224 GMT-0700,186.27200000000002,186.158,0.1,0.1
01.04.2021 06:32:45.274 GMT-0700,186.30200000000002,186.188,0.1,0.1
01.04.2021 06:32:45.614 GMT-0700,186.322,186.188,0.1,0.1
01.04.2021 06:32:45.671 GMT-0700,186.303,186.187,0.0008,0.1
01.04.2021 06:32:46.212 GMT-0700,186.293,186.187,0.0008,0.075
01.04.2021 06:32:46.944 GMT-0700,186.30200000000002,186.158,0.1,0.1
01.04.2021 06:32:47.057 GMT-0700,186.273,186.157,0.0008,0.1
01.04.2021 06:32:47.415 GMT-0700,186.303,186.187,0.1,0.1
01.04.2021 06:32:47.713 GMT-0700,186.322,186.188,0.1,0.1
01.04.2021 06:32:47.763 GMT-0700,186.303,186.187,0.0008,0.1
01.04.2021 06:32:47.864 GMT-0700,186.282,186.188,0.1,0.1
01.04.2021 06:32:48.568 GMT-0700,186.283,186.157,0.1,0.1
01.04.2021 06:32:48.618 GMT-0700,186.27200000000002,186.158,0.1,0.1
01.04.2021 06:32:48.756 GMT-0700,186.282,186.188,0.1,0.1
01.04.2021 06:32:49.101 GMT-0700,186.283,186.157,0.1,0.1
01.04.2021 06:32:49.399 GMT-0700,186.283,186.157,0.1,0.1
01.04.2021 06:32:49.758 GMT-0700,186.283,186.157,0.1,0.1
01.04.2021 06:32:50.084 GMT-0700,186.262,186.158,0.0008,0.1
01.04.2021 06:32:50.134 GMT-0700,186.282,186.158,0.1,0.1
01.04.2021 06:32:50.187 GMT-0700,186.282,186.158,0.1,0.1
01.04.2021 06:32:50.237 GMT-0700,186.262,186.158,0.1,0.1
01.04.2021 06:32:50.288 GMT-0700,186.282,186.158,0.1,0.1
01.04.2021 06:32:50.396 GMT-0700,186.282,186.158,0.1,0.1
01.04.2021 06:32:50.682 GMT-0700,186.282,186.258,0.1,0.1
01.04.2021 06:32:50.732 GMT-0700,186.352,186.248,0.1,0.1
01.04.2021 06:32:50.783 GMT-0700,186.333,186.23700000000002,0.1,0.1
01.04.2021 06:32:50.833 GMT-0700,186.312,186.198,0.1,0.1
01.04.2021 06:32:50.945 GMT-0700,186.333,186.197,0.1,0.1
01.04.2021 06:32:51.020 GMT-0700,186.333,186.217,0.1,0.075
01.04.2021 06:32:51.372 GMT-0700,186.303,186.217,0.0008,0.075
01.04.2021 06:32:51.423 GMT-0700,186.303,186.197,0.1,0.1
01.04.2021 06:32:51.712 GMT-0700,186.33200000000002,186.218,0.1,0.1
01.04.2021 06:32:51.816 GMT-0700,186.313,186.217,0.0008,0.1
01.04.2021 06:32:51.989 GMT-0700,186.312,186.198,0.1,0.1
01.04.2021 06:32:52.243 GMT-0700,186.313,186.217,0.1,0.075
01.04.2021 06:32:53.173 GMT-0700,186.312,186.198,0.1,0.1
01.04.2021 06:32:53.232 GMT-0700,186.333,186.227,0.1,0.1
01.04.2021 06:32:53.822 GMT-0700,186.343,186.257,0.1,0.1
01.04.2021 06:32:53.872 GMT-0700,186.373,186.257,0.1,0.1
01.04.2021 06:32:53.952 GMT-0700,186.372,186.298,0.1,0.075
01.04.2021 06:32:54.002 GMT-0700,186.372,186.258,0.1,0.1
01.04.2021 06:32:54.053 GMT-0700,186.373,186.27700000000002,0.1,0.1
01.04.2021 06:32:54.259 GMT-0700,186.39200000000002,186.31799999999998,0.1,0.1
01.04.2021 06:32:54.310 GMT-0700,186.47299999999998,186.347,0.1,0.1
01.04.2021 06:32:54.360 GMT-0700,186.44299999999998,186.327,0.1,0.1
01.04.2021 06:32:54.604 GMT-0700,186.44299999999998,186.327,0.1,0.1
01.04.2021 06:32:54.706 GMT-0700,186.40200000000002,186.34799999999998,0.0008,0.075
01.04.2021 06:32:54.756 GMT-0700,186.423,186.327,0.1,0.1
01.04.2021 06:32:55.014 GMT-0700,186.422,186.34799999999998,0.0008,0.075
01.04.2021 06:32:55.064 GMT-0700,186.453,186.347,0.1,0.1
01.04.2021 06:32:55.115 GMT-0700,186.47299999999998,186.36700000000002,0.1,0.1
01.04.2021 06:32:55.165 GMT-0700,186.47299999999998,186.347,0.1,0.1
01.04.2021 06:32:55.215 GMT-0700,186.422,186.328,0.1,0.1
01.04.2021 06:32:55.266 GMT-0700,186.43200000000002,186.328,0.1,0.1
01.04.2021 06:32:55.357 GMT-0700,186.422,186.328,0.0008,0.1
01.04.2021 06:32:55.516 GMT-0700,186.403,186.327,0.0008,0.075
01.04.2021 06:32:55.566 GMT-0700,186.40200000000002,186.31799999999998,0.1,0.1
01.04.2021 06:32:55.715 GMT-0700,186.423,186.317,0.1,0.1
01.04.2021 06:32:55.765 GMT-0700,186.423,186.317,0.1,0.1
01.04.2021 06:32:55.816 GMT-0700,186.423,186.327,0.1,0.1
01.04.2021 06:32:55.922 GMT-0700,186.423,186.317,0.1,0.1
01.04.2021 06:32:56.209 GMT-0700,186.423,186.317,0.1,0.1
01.04.2021 06:32:56.259 GMT-0700,186.433,186.327,0.1,0.1
01.04.2021 06:32:56.734 GMT-0700,186.43200000000002,186.34799999999998,0.1,0.075
01.04.2021 06:32:56.784 GMT-0700,186.44299999999998,186.347,0.1,0.1
01.04.2021 06:32:56.848 GMT-0700,186.44299999999998,186.347,0.1,0.1
01.04.2021 06:32:56.899 GMT-0700,186.442,186.34799999999998,0.1,0.1
01.04.2021 06:32:57.119 GMT-0700,186.44299999999998,186.347,0.1,0.1
01.04.2021 06:32:57.545 GMT-0700,186.442,186.34799999999998,0.1,0.1
01.04.2021 06:32:57.829 GMT-0700,186.472,186.34799999999998,0.1,0.1
01.04.2021 06:32:57.880 GMT-0700,186.503,186.417,0.1,0.1
01.04.2021 06:32:58.152 GMT-0700,186.602,186.508,0.1,0.1
01.04.2021 06:32:58.496 GMT-0700,186.602,186.528,0.0008,0.075
01.04.2021 06:32:58.546 GMT-0700,186.653,186.567,0.1,0.1
01.04.2021 06:32:58.748 GMT-0700,186.61200000000002,186.53799999999998,0.1,0.1
01.04.2021 06:32:58.799 GMT-0700,186.623,186.51700000000002,0.1,0.1
01.04.2021 06:32:58.906 GMT-0700,186.633,186.537,0.1,0.1
01.04.2021 06:32:59.047 GMT-0700,186.623,186.52700000000002,0.1,0.1
01.04.2021 06:32:59.154 GMT-0700,186.632,186.53799999999998,0.1,0.1
01.04.2021 06:32:59.354 GMT-0700,186.632,186.528,0.1,0.1
01.04.2021 06:32:59.542 GMT-0700,186.64200000000002,186.548,0.1,0.1
01.04.2021 06:32:59.953 GMT-0700,186.633,186.547,0.0008,0.075
01.04.2021 06:33:00.003 GMT-0700,186.632,186.53799999999998,0.1,0.1
01.04.2021 06:33:00.081 GMT-0700,186.603,186.537,0.0008,0.1
01.04.2021 06:33:00.131 GMT-0700,186.623,186.52700000000002,0.1,0.1
01.04.2021 06:33:00.449 GMT-0700,186.632,186.528,0.1,0.1
01.04.2021 06:33:00.499 GMT-0700,186.632,186.53799999999998,0.1,0.1
01.04.2021 06:33:00.669 GMT-0700,186.64200000000002,186.548,0.1,0.1
01.04.2021 06:33:00.719 GMT-0700,186.643,186.537,0.1,0.1
01.04.2021 06:33:00.769 GMT-0700,186.64200000000002,186.548,0.1,0.1
01.04.2021 06:33:00.870 GMT-0700,186.622,186.528,0.1,0.1
01.04.2021 06:33:01.099 GMT-0700,186.623,186.48700000000002,0.1,0.1
01.04.2021 06:33:01.150 GMT-0700,186.533,186.437,0.1,0.1
01.04.2021 06:33:01.200 GMT-0700,186.543,186.447,0.1,0.1
01.04.2021 06:33:01.357 GMT-0700,186.523,186.42700000000002,0.1,0.1
01.04.2021 06:33:01.457 GMT-0700,186.532,186.428,0.1,0.1
01.04.2021 06:33:01.507 GMT-0700,186.503,186.39700000000002,0.1,0.1
01.04.2021 06:33:01.615 GMT-0700,186.503,186.39700000000002,0.1,0.1
01.04.2021 06:33:01.716 GMT-0700,186.482,186.398,0.1,0.1
01.04.2021 06:33:01.766 GMT-0700,186.503,186.39700000000002,0.1,0.1
01.04.2021 06:33:01.816 GMT-0700,186.502,186.408,0.1,0.1
01.04.2021 06:33:01.867 GMT-0700,186.512,186.408,0.1,0.1
01.04.2021 06:33:01.927 GMT-0700,186.502,186.408,0.1,0.1
01.04.2021 06:33:02.028 GMT-0700,186.512,186.408,0.1,0.1
01.04.2021 06:33:02.086 GMT-0700,186.503,186.407,0.0008,0.1
01.04.2021 06:33:02.384 GMT-0700,186.512,186.418,0.1,0.1
01.04.2021 06:33:02.434 GMT-0700,186.513,186.417,0.1,0.1
01.04.2021 06:33:02.554 GMT-0700,186.512,186.418,0.1,0.1
01.04.2021 06:33:02.604 GMT-0700,186.503,186.407,0.1,0.1
01.04.2021 06:33:02.655 GMT-0700,186.433,186.357,0.1,0.1
01.04.2021 06:33:02.705 GMT-0700,186.43200000000002,186.338,0.1,0.1
01.04.2021 06:33:03.003 GMT-0700,186.442,186.34799999999998,0.1,0.1
01.04.2021 06:33:03.139 GMT-0700,186.453,186.347,0.1,0.1
01.04.2021 06:33:03.189 GMT-0700,186.452,186.368,0.1,0.1
01.04.2021 06:33:03.280 GMT-0700,186.452,186.368,0.1,0.1
01.04.2021 06:33:03.330 GMT-0700,186.452,186.368,0.1,0.1
01.04.2021 06:33:03.404 GMT-0700,186.452,186.398,0.0008,0.075
01.04.2021 06:33:03.454 GMT-0700,186.493,186.39700000000002,0.1,0.1
01.04.2021 06:33:03.679 GMT-0700,186.49200000000002,186.388,0.1,0.1
01.04.2021 06:33:03.790 GMT-0700,186.482,186.388,0.1,0.1
01.04.2021 06:33:03.930 GMT-0700,186.483,186.39700000000002,0.1,0.1
01.04.2021 06:33:04.102 GMT-0700,186.512,186.398,0.1,0.1
01.04.2021 06:33:04.152 GMT-0700,186.513,186.407,0.1,0.1
01.04.2021 06:33:04.203 GMT-0700,186.533,186.437,0.1,0.1
01.04.2021 06:33:04.353 GMT-0700,186.523,186.467,0.1,0.1
01.04.2021 06:33:04.403 GMT-0700,186.532,186.468,0.1,0.1
01.04.2021 06:33:04.541 GMT-0700,186.593,186.52700000000002,0.1,0.1
01.04.2021 06:33:04.592 GMT-0700,186.563,186.467,0.1,0.1
01.04.2021 06:33:04.742 GMT-0700,186.583,186.48700000000002,0.1,0.1
01.04.2021 06:33:05.040 GMT-0700,186.572,186.468,0.1,0.1
01.04.2021 06:33:05.090 GMT-0700,186.563,186.467,0.1,0.1
01.04.2021 06:33:05.140 GMT-0700,186.603,186.507,0.1,0.1
01.04.2021 06:33:05.378 GMT-0700,186.602,186.508,0.1,0.1
01.04.2021 06:33:05.649 GMT-0700,186.572,186.518,0.1,0.1
01.04.2021 06:33:05.699 GMT-0700,186.58200000000002,186.518,0.1,0.1
01.04.2021 06:33:05.750 GMT-0700,186.563,186.447,0.1,0.1
01.04.2021 06:33:05.800 GMT-0700,186.572,186.478,0.1,0.1
01.04.2021 06:33:05.901 GMT-0700,186.592,186.488,0.1,0.1
01.04.2021 06:33:05.951 GMT-0700,186.583,186.477,0.1,0.1
01.04.2021 06:33:06.099 GMT-0700,186.583,186.48700000000002,0.1,0.1
01.04.2021 06:33:06.201 GMT-0700,186.603,186.507,0.1,0.1
01.04.2021 06:33:06.251 GMT-0700,186.61200000000002,186.508,0.1,0.1
01.04.2021 06:33:06.467 GMT-0700,186.61200000000002,186.508,0.1,0.1
01.04.2021 06:33:06.693 GMT-0700,186.613,186.52700000000002,0.0008,0.075
01.04.2021 06:33:06.744 GMT-0700,186.623,186.51700000000002,0.1,0.1
01.04.2021 06:33:06.831 GMT-0700,186.623,186.51700000000002,0.1,0.1
01.04.2021 06:33:07.488 GMT-0700,186.66299999999998,186.52700000000002,0.1,0.1
01.04.2021 06:33:07.538 GMT-0700,186.653,186.577,0.1,0.1
01.04.2021 06:33:07.589 GMT-0700,186.653,186.567,0.1,0.1
01.04.2021 06:33:07.718 GMT-0700,186.662,186.578,0.1,0.1
01.04.2021 06:33:08.028 GMT-0700,186.65200000000002,186.56799999999998,0.1,0.075
01.04.2021 06:33:08.079 GMT-0700,186.653,186.55700000000002,0.1,0.1
01.04.2021 06:33:08.133 GMT-0700,186.653,186.55700000000002,0.1,0.1
01.04.2021 06:33:08.388 GMT-0700,186.66299999999998,186.567,0.1,0.1
01.04.2021 06:33:08.438 GMT-0700,186.65200000000002,186.558,0.1,0.1
01.04.2021 06:33:08.538 GMT-0700,186.55200000000002,186.488,0.1,0.1
01.04.2021 06:33:08.595 GMT-0700,186.553,186.477,0.1,0.1
01.04.2021 06:33:08.687 GMT-0700,186.533,186.477,0.0008,0.075
01.04.2021 06:33:08.737 GMT-0700,186.543,186.447,0.1,0.1
01.04.2021 06:33:08.884 GMT-0700,186.55200000000002,186.468,0.1,0.1
01.04.2021 06:33:08.947 GMT-0700,186.563,186.467,0.1,0.1
01.04.2021 06:33:09.104 GMT-0700,186.563,186.45700000000002,0.1,0.1
01.04.2021 06:33:09.154 GMT-0700,186.52200000000002,186.428,0.1,0.1
01.04.2021 06:33:09.335 GMT-0700,186.542,186.458,0.0008,0.075
01.04.2021 06:33:09.386 GMT-0700,186.55200000000002,186.458,0.1,0.1
01.04.2021 06:33:09.560 GMT-0700,186.55200000000002,186.458,0.1,0.1
01.04.2021 06:33:09.824 GMT-0700,186.553,186.477,0.1,0.1
01.04.2021 06:33:09.874 GMT-0700,186.542,186.468,0.1,0.1
01.04.2021 06:33:10.048 GMT-0700,186.543,186.45700000000002,0.1,0.1
01.04.2021 06:33:10.166 GMT-0700,186.543,186.447,0.1,0.1
01.04.2021 06:33:10.216 GMT-0700,186.553,186.447,0.1,0.1
01.04.2021 06:33:10.267 GMT-0700,186.55200000000002,186.458,0.1,0.1
01.04.2021 06:33:10.415 GMT-0700,186.55200000000002,186.458,0.1,0.1
01.04.2021 06:33:10.643 GMT-0700,186.553,186.45700000000002,0.1,0.1
01.04.2021 06:33:10.892 GMT-0700,186.532,186.438,0.1,0.1
01.04.2021 06:33:10.942 GMT-0700,186.542,186.438,0.1,0.1
01.04.2021 06:33:10.993 GMT-0700,186.533,186.447,0.1,0.1
01.04.2021 06:33:11.043 GMT-0700,186.542,186.438,0.1,0.1
01.04.2021 06:33:11.132 GMT-0700,186.532,186.438,0.0008,0.1
01.04.2021 06:33:11.234 GMT-0700,186.542,186.438,0.1,0.1
01.04.2021 06:33:11.335 GMT-0700,186.532,186.438,0.1,0.1
01.04.2021 06:33:11.402 GMT-0700,186.512,186.438,0.0008,0.1
01.04.2021 06:33:11.452 GMT-0700,186.523,186.437,0.1,0.1
01.04.2021 06:33:11.849 GMT-0700,186.523,186.437,0.1,0.1
01.04.2021 06:33:11.959 GMT-0700,186.453,186.437,0.0008,0.075
01.04.2021 06:33:12.009 GMT-0700,186.46200000000002,186.368,0.1,0.1
01.04.2021 06:33:12.110 GMT-0700,186.502,186.398,0.1,0.1
01.04.2021 06:33:12.160 GMT-0700,186.483,186.377,0.1,0.1
01.04.2021 06:33:12.283 GMT-0700,186.493,186.387,0.1,0.1
01.04.2021 06:33:12.433 GMT-0700,186.503,186.417,0.1,0.075
01.04.2021 06:33:12.483 GMT-0700,186.502,186.398,0.1,0.1
01.04.2021 06:33:12.799 GMT-0700,186.503,186.407,0.1,0.1
01.04.2021 06:33:12.914 GMT-0700,186.502,186.398,0.1,0.1
01.04.2021 06:33:13.191 GMT-0700,186.503,186.39700000000002,0.1,0.1
01.04.2021 06:33:13.301 GMT-0700,186.553,186.45700000000002,0.1,0.1
01.04.2021 06:33:13.555 GMT-0700,186.58200000000002,186.458,0.1,0.1
01.04.2021 06:33:13.605 GMT-0700,186.583,186.477,0.1,0.1
01.04.2021 06:33:13.683 GMT-0700,186.573,186.477,0.0008,0.1
01.04.2021 06:33:13.904 GMT-0700,186.572,186.468,0.1,0.1
01.04.2021 06:33:14.107 GMT-0700,186.553,186.467,0.0008,0.1
01.04.2021 06:33:14.157 GMT-0700,186.55200000000002,186.458,0.1,0.1
01.04.2021 06:33:14.303 GMT-0700,186.563,186.45700000000002,0.1,0.1
01.04.2021 06:33:14.354 GMT-0700,186.55200000000002,186.458,0.1,0.1
01.04.2021 06:33:14.653 GMT-0700,186.553,186.447,0.1,0.1
01.04.2021 06:33:14.874 GMT-0700,186.553,186.45700000000002,0.1,0.075
01.04.2021 06:33:15.728 GMT-0700,186.562,186.458,0.1,0.1
01.04.2021 06:33:16.370 GMT-0700,186.542,186.458,0.0008,0.1
01.04.2021 06:33:16.421 GMT-0700,186.512,186.418,0.1,0.1
01.04.2021 06:33:16.521 GMT-0700,186.503,186.407,0.1,0.1
01.04.2021 06:33:16.572 GMT-0700,186.513,186.407,0.1,0.1
01.04.2021 06:33:16.622 GMT-0700,186.493,186.387,0.1,0.1
01.04.2021 06:33:17.066 GMT-0700,186.46200000000002,186.388,0.0008,0.075
01.04.2021 06:33:17.117 GMT-0700,186.46200000000002,186.358,0.1,0.1
01.04.2021 06:33:17.406 GMT-0700,186.46200000000002,186.34799999999998,0.1,0.1
01.04.2021 06:33:17.478 GMT-0700,186.463,186.347,0.1,0.1
01.04.2021 06:33:17.596 GMT-0700,186.453,186.347,0.1,0.1
01.04.2021 06:33:17.647 GMT-0700,186.463,186.36700000000002,0.1,0.1
01.04.2021 06:33:17.747 GMT-0700,186.453,186.347,0.1,0.1
01.04.2021 06:33:18.399 GMT-0700,186.44299999999998,186.347,0.0008,0.1
01.04.2021 06:33:18.614 GMT-0700,186.422,186.34799999999998,0.0008,0.075
01.04.2021 06:33:18.664 GMT-0700,186.422,186.328,0.1,0.1
01.04.2021 06:33:18.991 GMT-0700,186.433,186.327,0.1,0.1
01.04.2021 06:33:19.206 GMT-0700,186.423,186.327,0.0008,0.1
01.04.2021 06:33:19.547 GMT-0700,186.423,186.317,0.1,0.1
01.04.2021 06:33:19.598 GMT-0700,186.403,186.317,0.1,0.1
01.04.2021 06:33:19.753 GMT-0700,186.373,186.257,0.1,0.1
01.04.2021 06:33:19.803 GMT-0700,186.373,186.27700000000002,0.1,0.1
01.04.2021 06:33:20.115 GMT-0700,186.373,186.27700000000002,0.1,0.1
01.04.2021 06:33:20.516 GMT-0700,186.41299999999998,186.30700000000002,0.1,0.1
01.04.2021 06:33:20.566 GMT-0700,186.40200000000002,186.308,0.1,0.1
01.04.2021 06:33:20.616 GMT-0700,186.373,186.317,0.1,0.1
01.04.2021 06:33:20.667 GMT-0700,186.373,186.297,0.1,0.1
01.04.2021 06:33:21.094 GMT-0700,186.372,186.278,0.1,0.1
01.04.2021 06:33:21.145 GMT-0700,186.372,186.28799999999998,0.1,0.1
01.04.2021 06:33:21.312 GMT-0700,186.343,186.287,0.1,0.1
01.04.2021 06:33:21.362 GMT-0700,186.372,186.278,0.1,0.1
01.04.2021 06:33:21.617 GMT-0700,186.372,186.278,0.1,0.1
01.04.2021 06:33:21.717 GMT-0700,186.372,186.278,0.1,0.1
01.04.2021 06:33:21.842 GMT-0700,186.373,186.27700000000002,0.1,0.1
01.04.2021 06:33:21.892 GMT-0700,186.363,186.26700000000002,0.1,0.1
01.04.2021 06:33:21.942 GMT-0700,186.33200000000002,186.258,0.1,0.1
01.04.2021 06:33:22.066 GMT-0700,186.403,186.30700000000002,0.1,0.1
01.04.2021 06:33:22.116 GMT-0700,186.422,186.328,0.1,0.1
01.04.2021 06:33:22.220 GMT-0700,186.422,186.338,0.1,0.1
01.04.2021 06:33:22.328 GMT-0700,186.44299999999998,186.33700000000002,0.1,0.1
01.04.2021 06:33:22.378 GMT-0700,186.43200000000002,186.34799999999998,0.1,0.1
01.04.2021 06:33:22.494 GMT-0700,186.442,186.34799999999998,0.1,0.1
01.04.2021 06:33:22.545 GMT-0700,186.453,186.357,0.1,0.1
01.04.2021 06:33:22.671 GMT-0700,186.452,186.378,0.1,0.1
01.04.2021 06:33:22.721 GMT-0700,186.453,186.36700000000002,0.1,0.1
01.04.2021 06:33:23.779 GMT-0700,186.452,186.338,0.1,0.1
01.04.2021 06:33:23.829 GMT-0700,186.43200000000002,186.338,0.1,0.1
01.04.2021 06:33:24.116 GMT-0700,186.442,186.338,0.1,0.1
01.04.2021 06:33:24.166 GMT-0700,186.46200000000002,186.368,0.1,0.1
01.04.2021 06:33:24.216 GMT-0700,186.453,186.357,0.1,0.1
01.04.2021 06:33:24.389 GMT-0700,186.463,186.377,0.1,0.1
01.04.2021 06:33:24.439 GMT-0700,186.46200000000002,186.368,0.1,0.1
01.04.2021 06:33:24.509 GMT-0700,186.453,186.36700000000002,0.0008,0.1
01.04.2021 06:33:24.560 GMT-0700,186.442,186.34799999999998,0.1,0.1
01.04.2021 06:33:24.627 GMT-0700,186.422,186.34799999999998,0.0008,0.075
01.04.2021 06:33:24.677 GMT-0700,186.422,186.338,0.1,0.1
01.04.2021 06:33:24.781 GMT-0700,186.433,186.347,0.1,0.1
01.04.2021 06:33:24.994 GMT-0700,186.423,186.327,0.1,0.1
01.04.2021 06:33:25.044 GMT-0700,186.433,186.33700000000002,0.1,0.1
01.04.2021 06:33:25.145 GMT-0700,186.43200000000002,186.34799999999998,0.1,0.1
01.04.2021 06:33:25.873 GMT-0700,186.433,186.33700000000002,0.1,0.1
01.04.2021 06:33:25.936 GMT-0700,186.412,186.338,0.0008,0.1
01.04.2021 06:33:26.115 GMT-0700,186.41299999999998,186.347,0.0008,0.075
01.04.2021 06:33:26.166 GMT-0700,186.442,186.34799999999998,0.1,0.1
01.04.2021 06:33:26.486 GMT-0700,186.423,186.347,0.0008,0.1
01.04.2021 06:33:26.817 GMT-0700,186.423,186.347,0.1,0.1
01.04.2021 06:33:27.063 GMT-0700,186.423,186.347,0.1,0.1
01.04.2021 06:33:27.152 GMT-0700,186.363,186.34799999999998,0.0008,0.075
01.04.2021 06:33:27.202 GMT-0700,186.363,186.297,0.1,0.1
01.04.2021 06:33:27.303 GMT-0700,186.353,186.287,0.1,0.1
01.04.2021 06:33:27.419 GMT-0700,186.352,186.268,0.1,0.1
01.04.2021 06:33:27.512 GMT-0700,186.273,186.26700000000002,0.0008,0.075
01.04.2021 06:33:27.563 GMT-0700,186.303,186.20700000000002,0.1,0.1
01.04.2021 06:33:27.714 GMT-0700,186.293,186.197,0.1,0.1
01.04.2021 06:33:27.966 GMT-0700,186.293,186.197,0.1,0.1
01.04.2021 06:33:28.017 GMT-0700,186.292,186.198,0.1,0.1
01.04.2021 06:33:28.402 GMT-0700,186.353,186.26700000000002,0.1,0.1
01.04.2021 06:33:28.453 GMT-0700,186.352,186.258,0.1,0.1
01.04.2021 06:33:28.503 GMT-0700,186.342,186.258,0.1,0.1
01.04.2021 06:33:28.553 GMT-0700,186.342,186.248,0.1,0.1
01.04.2021 06:33:28.673 GMT-0700,186.343,186.247,0.1,0.1
01.04.2021 06:33:28.826 GMT-0700,186.343,186.247,0.1,0.1
01.04.2021 06:33:28.876 GMT-0700,186.333,186.23700000000002,0.1,0.1
01.04.2021 06:33:28.977 GMT-0700,186.36200000000002,186.268,0.1,0.1
01.04.2021 06:33:29.194 GMT-0700,186.343,186.247,0.1,0.1
01.04.2021 06:33:29.359 GMT-0700,186.313,186.217,0.1,0.1
01.04.2021 06:33:29.666 GMT-0700,186.313,186.227,0.1,0.075
01.04.2021 06:33:29.834 GMT-0700,186.323,186.227,0.1,0.1
01.04.2021 06:33:29.913 GMT-0700,186.322,186.238,0.1,0.1
01.04.2021 06:33:30.031 GMT-0700,186.333,186.23700000000002,0.1,0.1
01.04.2021 06:33:30.463 GMT-0700,186.322,186.238,0.1,0.1
01.04.2021 06:33:30.568 GMT-0700,186.342,186.238,0.1,0.1
01.04.2021 06:33:30.619 GMT-0700,186.343,186.247,0.1,0.1
01.04.2021 06:33:30.865 GMT-0700,186.333,186.247,0.0008,0.1
01.04.2021 06:33:30.915 GMT-0700,186.33200000000002,186.238,0.1,0.1
01.04.2021 06:33:30.966 GMT-0700,186.312,186.228,0.1,0.1
01.04.2021 06:33:31.101 GMT-0700,186.323,186.217,0.1,0.1
01.04.2021 06:33:31.202 GMT-0700,186.303,186.20700000000002,0.1,0.1
01.04.2021 06:33:31.361 GMT-0700,186.292,186.198,0.1,0.1
01.04.2021 06:33:31.412 GMT-0700,186.303,186.197,0.1,0.1
01.04.2021 06:33:31.462 GMT-0700,186.30200000000002,186.218,0.1,0.1
01.04.2021 06:33:31.512 GMT-0700,186.312,186.208,0.1,0.1
01.04.2021 06:33:31.563 GMT-0700,186.24200000000002,186.168,0.1,0.1
01.04.2021 06:33:31.613 GMT-0700,186.283,186.187,0.1,0.1
01.04.2021 06:33:31.663 GMT-0700,186.27200000000002,186.188,0.1,0.1
01.04.2021 06:33:31.714 GMT-0700,186.262,186.168,0.1,0.1
01.04.2021 06:33:31.850 GMT-0700,186.262,186.118,0.1,0.1
01.04.2021 06:33:31.901 GMT-0700,186.21200000000002,186.118,0.1,0.1
01.04.2021 06:33:32.105 GMT-0700,186.213,186.127,0.1,0.075
01.04.2021 06:33:32.513 GMT-0700,186.213,186.137,0.1,0.1
01.04.2021 06:33:32.749 GMT-0700,186.21200000000002,186.138,0.1,0.1
01.04.2021 06:33:32.935 GMT-0700,186.21200000000002,186.138,0.1,0.1
01.04.2021 06:33:33.036 GMT-0700,186.243,186.137,0.1,0.1
01.04.2021 06:33:33.086 GMT-0700,186.243,186.14700000000002,0.1,0.1
01.04.2021 06:33:33.171 GMT-0700,186.233,186.14700000000002,0.1,0.1
01.04.2021 06:33:33.669 GMT-0700,186.243,186.14700000000002,0.1,0.1
01.04.2021 06:33:33.784 GMT-0700,186.262,186.168,0.0008,0.1
01.04.2021 06:33:34.155 GMT-0700,186.252,186.168,0.1,0.1
01.04.2021 06:33:34.441 GMT-0700,186.243,186.14700000000002,0.1,0.1
01.04.2021 06:33:34.542 GMT-0700,186.233,186.137,0.1,0.1
01.04.2021 06:33:34.649 GMT-0700,186.22299999999998,186.137,0.0008,0.075
01.04.2021 06:33:34.699 GMT-0700,186.24200000000002,186.148,0.1,0.1
01.04.2021 06:33:34.750 GMT-0700,186.222,186.138,0.1,0.1
01.04.2021 06:33:34.875 GMT-0700,186.21200000000002,186.118,0.1,0.1
01.04.2021 06:33:35.005 GMT-0700,186.213,186.11700000000002,0.1,0.1
01.04.2021 06:33:35.523 GMT-0700,186.192,186.138,0.0008,0.1
01.04.2021 06:33:35.574 GMT-0700,186.203,186.137,0.1,0.1
01.04.2021 06:33:35.729 GMT-0700,186.213,186.14700000000002,0.1,0.1
01.04.2021 06:33:35.780 GMT-0700,186.21200000000002,186.138,0.1,0.1
01.04.2021 06:33:36.322 GMT-0700,186.213,186.137,0.1,0.1
01.04.2021 06:33:36.479 GMT-0700,186.213,186.137,0.1,0.1
01.04.2021 06:33:38.785 GMT-0700,186.19299999999998,186.137,0.0008,0.1
01.04.2021 06:33:38.835 GMT-0700,186.21200000000002,186.138,0.1,0.1
01.04.2021 06:33:39.035 GMT-0700,186.202,186.138,0.1,0.1
01.04.2021 06:33:39.720 GMT-0700,186.203,186.14700000000002,0.1,0.075
01.04.2021 06:33:39.770 GMT-0700,186.203,186.11700000000002,0.1,0.1
01.04.2021 06:33:39.827 GMT-0700,186.232,186.118,0.1,0.1
01.04.2021 06:33:39.877 GMT-0700,186.233,186.167,0.1,0.1
01.04.2021 06:33:40.084 GMT-0700,186.262,186.158,0.1,0.1
01.04.2021 06:33:40.134 GMT-0700,186.292,186.188,0.1,0.1
01.04.2021 06:33:40.216 GMT-0700,186.263,186.187,0.0008,0.1
01.04.2021 06:33:40.613 GMT-0700,186.203,186.187,0.0008,0.075
01.04.2021 06:33:40.663 GMT-0700,186.232,186.128,0.1,0.1
01.04.2021 06:33:40.714 GMT-0700,186.232,186.148,0.1,0.1
01.04.2021 06:33:40.764 GMT-0700,186.233,186.137,0.1,0.1
01.04.2021 06:33:40.822 GMT-0700,186.222,186.128,0.1,0.1
01.04.2021 06:33:40.872 GMT-0700,186.222,186.118,0.1,0.1
01.04.2021 06:33:40.966 GMT-0700,186.202,186.118,0.0008,0.075
01.04.2021 06:33:41.016 GMT-0700,186.202,186.09799999999998,0.1,0.1
01.04.2021 06:33:41.066 GMT-0700,186.232,186.128,0.1,0.1
01.04.2021 06:33:41.197 GMT-0700,186.22299999999998,186.127,0.0008,0.075
01.04.2021 06:33:41.298 GMT-0700,186.213,186.127,0.1,0.1
01.04.2021 06:33:41.420 GMT-0700,186.183,186.127,0.1,0.1
01.04.2021 06:33:41.625 GMT-0700,186.183,186.11700000000002,0.1,0.1
01.04.2021 06:33:41.688 GMT-0700,186.18200000000002,186.09799999999998,0.1,0.1
01.04.2021 06:33:41.768 GMT-0700,186.183,186.097,0.1,0.1
01.04.2021 06:33:41.869 GMT-0700,186.18200000000002,186.09799999999998,0.1,0.1
01.04.2021 06:33:42.555 GMT-0700,186.172,186.09799999999998,0.0008,0.075
01.04.2021 06:33:42.606 GMT-0700,186.172,186.088,0.1,0.1
01.04.2021 06:33:43.054 GMT-0700,186.173,186.077,0.1,0.1
01.04.2021 06:33:43.113 GMT-0700,186.173,186.077,0.1,0.1
01.04.2021 06:33:45.397 GMT-0700,186.172,186.09799999999998,0.1,0.1
01.04.2021 06:33:45.512 GMT-0700,186.22299999999998,186.11700000000002,0.1,0.1
01.04.2021 06:33:45.562 GMT-0700,186.203,186.097,0.1,0.1
01.04.2021 06:33:46.831 GMT-0700,186.202,186.088,0.1,0.1
01.04.2021 06:33:46.881 GMT-0700,186.183,186.08700000000002,0.1,0.1
01.04.2021 06:33:46.948 GMT-0700,186.18200000000002,186.128,0.0008,0.075
01.04.2021 06:33:46.998 GMT-0700,186.203,186.11700000000002,0.1,0.1
01.04.2021 06:33:47.048 GMT-0700,186.173,186.08700000000002,0.1,0.1
01.04.2021 06:33:47.336 GMT-0700,186.172,186.088,0.0008,0.1
01.04.2021 06:33:47.386 GMT-0700,186.203,186.08700000000002,0.1,0.1
01.04.2021 06:33:47.436 GMT-0700,186.202,186.108,0.1,0.1
01.04.2021 06:33:47.487 GMT-0700,186.203,186.08700000000002,0.1,0.1
01.04.2021 06:33:47.566 GMT-0700,186.202,186.088,0.1,0.1
01.04.2021 06:33:47.676 GMT-0700,186.16299999999998,186.077,0.0008,0.1
01.04.2021 06:33:48.184 GMT-0700,186.173,186.067,0.1,0.1
01.04.2021 06:33:48.497 GMT-0700,186.22299999999998,186.107,0.1,0.1
01.04.2021 06:33:48.548 GMT-0700,186.203,186.107,0.1,0.1
01.04.2021 06:33:48.648 GMT-0700,186.192,186.088,0.1,0.1
01.04.2021 06:33:48.771 GMT-0700,186.18200000000002,186.088,0.0008,0.1
01.04.2021 06:33:49.010 GMT-0700,186.192,186.088,0.1,0.1
01.04.2021 06:33:49.060 GMT-0700,186.18200000000002,186.088,0.1,0.1
01.04.2021 06:33:49.111 GMT-0700,186.19299999999998,186.08700000000002,0.1,0.1
01.04.2021 06:33:49.161 GMT-0700,186.203,186.107,0.1,0.1
01.04.2021 06:33:49.312 GMT-0700,186.19299999999998,186.107,0.1,0.1
01.04.2021 06:33:49.563 GMT-0700,186.18200000000002,186.108,0.0008,0.1
01.04.2021 06:33:49.613 GMT-0700,186.183,186.11700000000002,0.1,0.1
01.04.2021 06:33:49.935 GMT-0700,186.183,186.107,0.1,0.1
01.04.2021 06:33:50.230 GMT-0700,186.18200000000002,186.088,0.1,0.1
01.04.2021 06:33:50.355 GMT-0700,186.183,186.107,0.1,0.1
01.04.2021 06:33:50.508 GMT-0700,186.183,186.14700000000002,0.0008,0.075
01.04.2021 06:33:50.559 GMT-0700,186.232,186.138,0.1,0.1
01.04.2021 06:33:50.838 GMT-0700,186.222,186.138,0.0008,0.1
01.04.2021 06:33:51.106 GMT-0700,186.233,186.137,0.1,0.1
01.04.2021 06:33:51.417 GMT-0700,186.232,186.148,0.1,0.075
01.04.2021 06:33:51.467 GMT-0700,186.21200000000002,186.138,0.1,0.1
01.04.2021 06:33:51.681 GMT-0700,186.213,186.137,0.1,0.1
01.04.2021 06:33:51.731 GMT-0700,186.21200000000002,186.138,0.1,0.1
01.04.2021 06:33:51.825 GMT-0700,186.243,186.137,0.1,0.1
01.04.2021 06:33:51.875 GMT-0700,186.27200000000002,186.168,0.1,0.1
01.04.2021 06:33:52.296 GMT-0700,186.273,186.167,0.1,0.1
01.04.2021 06:33:52.486 GMT-0700,186.312,186.188,0.1,0.1
01.04.2021 06:33:52.536 GMT-0700,186.312,186.218,0.1,0.1
01.04.2021 06:33:52.840 GMT-0700,186.312,186.208,0.1,0.1
01.04.2021 06:33:53.116 GMT-0700,186.293,186.20700000000002,0.0008,0.1
01.04.2021 06:33:53.274 GMT-0700,186.293,186.187,0.1,0.1
01.04.2021 06:33:53.438 GMT-0700,186.292,186.208,0.1,0.075
01.04.2021 06:33:53.538 GMT-0700,186.313,186.217,0.1,0.1
01.04.2021 06:33:54.012 GMT-0700,186.313,186.23700000000002,0.0008,0.075
01.04.2021 06:33:54.063 GMT-0700,186.342,186.238,0.1,0.1
01.04.2021 06:33:54.113 GMT-0700,186.323,186.227,0.1,0.1
01.04.2021 06:33:54.217 GMT-0700,186.312,186.218,0.1,0.1
01.04.2021 06:33:54.267 GMT-0700,186.312,186.208,0.1,0.1
01.04.2021 06:33:54.326 GMT-0700,186.313,186.217,0.1,0.1
01.04.2021 06:33:54.376 GMT-0700,186.313,186.20700000000002,0.1,0.1
01.04.2021 06:33:54.426 GMT-0700,186.30200000000002,186.208,0.1,0.1
01.04.2021 06:33:54.550 GMT-0700,186.30200000000002,186.208,0.1,0.1
01.04.2021 06:33:55.385 GMT-0700,186.312,186.218,0.1,0.1
01.04.2021 06:33:55.477 GMT-0700,186.342,186.218,0.1,0.1
01.04.2021 06:33:55.528 GMT-0700,186.343,186.23700000000002,0.1,0.1
01.04.2021 06:33:55.661 GMT-0700,186.312,186.238,0.0008,0.1
01.04.2021 06:33:56.424 GMT-0700,186.312,186.208,0.1,0.1
01.04.2021 06:33:56.743 GMT-0700,186.313,186.227,0.1,0.1
01.04.2021 06:33:57.496 GMT-0700,186.312,186.248,0.1,0.1
01.04.2021 06:33:57.790 GMT-0700,186.343,186.227,0.1,0.1
01.04.2021 06:33:57.884 GMT-0700,186.323,186.227,0.1,0.1
01.04.2021 06:33:58.056 GMT-0700,186.342,186.228,0.1,0.1
01.04.2021 06:33:58.106 GMT-0700,186.322,186.228,0.1,0.1
01.04.2021 06:33:58.223 GMT-0700,186.322,186.228,0.1,0.1
01.04.2021 06:33:58.273 GMT-0700,186.322,186.228,0.1,0.1
01.04.2021 06:33:58.791 GMT-0700,186.323,186.23700000000002,0.1,0.1
01.04.2021 06:33:58.999 GMT-0700,186.323,186.227,0.1,0.1
01.04.2021 06:33:59.131 GMT-0700,186.322,186.228,0.1,0.1
01.04.2021 06:33:59.768 GMT-0700,186.322,186.228,0.1,0.1
01.04.2021 06:33:59.982 GMT-0700,186.313,186.227,0.0008,0.1
01.04.2021 06:34:00.314 GMT-0700,186.303,186.20700000000002,0.1,0.1
01.04.2021 06:34:01.153 GMT-0700,186.303,186.197,0.1,0.1
01.04.2021 06:34:01.455 GMT-0700,186.30200000000002,186.208,0.1,0.1
01.04.2021 06:34:01.725 GMT-0700,186.343,186.247,0.1,0.1
01.04.2021 06:34:01.776 GMT-0700,186.353,186.247,0.1,0.1
01.04.2021 06:34:02.036 GMT-0700,186.322,186.248,0.1,0.1
01.04.2021 06:34:02.137 GMT-0700,186.322,186.278,0.1,0.1
01.04.2021 06:34:02.302 GMT-0700,186.36200000000002,186.278,0.1,0.1
01.04.2021 06:34:02.353 GMT-0700,186.383,186.27700000000002,0.1,0.1
01.04.2021 06:34:02.416 GMT-0700,186.353,186.27700000000002,0.1,0.1
01.04.2021 06:34:02.466 GMT-0700,186.352,186.248,0.1,0.1
01.04.2021 06:34:02.519 GMT-0700,186.333,186.247,0.1,0.1
01.04.2021 06:34:02.569 GMT-0700,186.382,186.248,0.1,0.1
01.04.2021 06:34:02.620 GMT-0700,186.382,186.278,0.1,0.1
01.04.2021 06:34:02.722 GMT-0700,186.383,186.287,0.1,0.1
01.04.2021 06:34:02.772 GMT-0700,186.382,186.278,0.1,0.1
01.04.2021 06:34:03.059 GMT-0700,186.353,186.27700000000002,0.0008,0.075
01.04.2021 06:34:03.126 GMT-0700,186.382,186.248,0.1,0.1
01.04.2021 06:34:03.177 GMT-0700,186.382,186.278,0.1,0.1
01.04.2021 06:34:03.534 GMT-0700,186.382,186.28799999999998,0.1,0.075
01.04.2021 06:34:03.635 GMT-0700,186.383,186.27700000000002,0.1,0.1
01.04.2021 06:34:03.685 GMT-0700,186.382,186.298,0.1,0.1
01.04.2021 06:34:03.875 GMT-0700,186.383,186.317,0.1,0.1
01.04.2021 06:34:03.925 GMT-0700,186.423,186.317,0.1,0.1
01.04.2021 06:34:03.975 GMT-0700,186.423,186.33700000000002,0.1,0.1
01.04.2021 06:34:04.266 GMT-0700,186.40200000000002,186.298,0.1,0.1
01.04.2021 06:34:04.358 GMT-0700,186.403,186.297,0.1,0.1
01.04.2021 06:34:04.699 GMT-0700,186.422,186.308,0.1,0.1
01.04.2021 06:34:04.854 GMT-0700,186.423,186.30700000000002,0.1,0.1
01.04.2021 06:34:04.955 GMT-0700,186.463,186.377,0.1,0.1
01.04.2021 06:34:05.511 GMT-0700,186.46200000000002,186.378,0.1,0.1
01.04.2021 06:34:05.562 GMT-0700,186.463,186.377,0.1,0.1
01.04.2021 06:34:05.646 GMT-0700,186.463,186.377,0.1,0.1
01.04.2021 06:34:06.001 GMT-0700,186.463,186.36700000000002,0.1,0.1
01.04.2021 06:34:06.222 GMT-0700,186.442,186.358,0.1,0.1
01.04.2021 06:34:06.547 GMT-0700,186.442,186.34799999999998,0.1,0.1
01.04.2021 06:34:06.896 GMT-0700,186.452,186.34799999999998,0.1,0.1
01.04.2021 06:34:06.946 GMT-0700,186.46200000000002,186.378,0.1,0.1
01.04.2021 06:34:07.054 GMT-0700,186.46200000000002,186.418,0.0008,0.075
01.04.2021 06:34:07.105 GMT-0700,186.513,186.417,0.1,0.1
01.04.2021 06:34:07.427 GMT-0700,186.513,186.417,0.1,0.1
01.04.2021 06:34:07.609 GMT-0700,186.49200000000002,186.408,0.1,0.1
01.04.2021 06:34:07.709 GMT-0700,186.49200000000002,186.388,0.1,0.1
01.04.2021 06:34:07.759 GMT-0700,186.47299999999998,186.36700000000002,0.1,0.1
01.04.2021 06:34:09.598 GMT-0700,186.463,186.387,0.0008,0.075
01.04.2021 06:34:09.649 GMT-0700,186.472,186.388,0.1,0.1
01.04.2021 06:34:10.032 GMT-0700,186.49200000000002,186.388,0.1,0.1
01.04.2021 06:34:10.083 GMT-0700,186.472,186.388,0.1,0.1
01.04.2021 06:34:11.323 GMT-0700,186.472,186.388,0.1,0.1
01.04.2021 06:34:11.509 GMT-0700,186.47299999999998,186.387,0.1,0.1
01.04.2021 06:34:11.576 GMT-0700,186.47299999999998,186.407,0.1,0.1
01.04.2021 06:34:11.869 GMT-0700,186.472,186.388,0.1,0.1
01.04.2021 06:34:11.919 GMT-0700,186.472,186.408,0.1,0.1
01.04.2021 06:34:12.131 GMT-0700,186.47299999999998,186.407,0.1,0.1
01.04.2021 06:34:13.043 GMT-0700,186.493,186.407,0.1,0.1
01.04.2021 06:34:13.101 GMT-0700,186.512,186.408,0.1,0.1
01.04.2021 06:34:13.151 GMT-0700,186.512,186.418,0.1,0.1
01.04.2021 06:34:13.269 GMT-0700,186.513,186.407,0.1,0.1
01.04.2021 06:34:13.359 GMT-0700,186.493,186.407,0.0008,0.1
01.04.2021 06:34:13.728 GMT-0700,186.513,186.407,0.1,0.1
01.04.2021 06:34:13.784 GMT-0700,186.493,186.407,0.0008,0.1
01.04.2021 06:34:14.021 GMT-0700,186.493,186.387,0.1,0.1
01.04.2021 06:34:14.277 GMT-0700,186.512,186.418,0.1,0.1
01.04.2021 06:34:14.833 GMT-0700,186.513,186.417,0.1,0.1
01.04.2021 06:34:14.883 GMT-0700,186.512,186.418,0.1,0.1
01.04.2021 06:34:14.961 GMT-0700,186.512,186.418,0.1,0.1
01.04.2021 06:34:15.258 GMT-0700,186.513,186.42700000000002,0.1,0.1
01.04.2021 06:34:15.308 GMT-0700,186.512,186.428,0.1,0.1
01.04.2021 06:34:15.371 GMT-0700,186.523,186.437,0.1,0.1
01.04.2021 06:34:15.581 GMT-0700,186.502,186.438,0.0008,0.1
01.04.2021 06:34:15.681 GMT-0700,186.503,186.42700000000002,0.1,0.1
01.04.2021 06:34:16.261 GMT-0700,186.502,186.428,0.1,0.1
01.04.2021 06:34:16.575 GMT-0700,186.503,186.42700000000002,0.1,0.1
01.04.2021 06:34:17.416 GMT-0700,186.523,186.42700000000002,0.1,0.1
01.04.2021 06:34:17.466 GMT-0700,186.52200000000002,186.438,0.1,0.1
01.04.2021 06:34:17.517 GMT-0700,186.52200000000002,186.428,0.1,0.1
01.04.2021 06:34:17.944 GMT-0700,186.523,186.42700000000002,0.1,0.1
01.04.2021 06:34:18.237 GMT-0700,186.52200000000002,186.438,0.1,0.1
01.04.2021 06:34:18.420 GMT-0700,186.593,186.437,0.1,0.1
01.04.2021 06:34:18.471 GMT-0700,186.592,186.498,0.1,0.1
01.04.2021 06:34:18.521 GMT-0700,186.562,186.498,0.1,0.1
01.04.2021 06:34:18.626 GMT-0700,186.593,186.497,0.1,0.1
01.04.2021 06:34:18.733 GMT-0700,186.572,186.498,0.0008,0.075
01.04.2021 06:34:18.783 GMT-0700,186.573,186.477,0.1,0.1
01.04.2021 06:34:19.034 GMT-0700,186.572,186.478,0.1,0.1
01.04.2021 06:34:19.154 GMT-0700,186.572,186.498,0.1,0.1
01.04.2021 06:34:20.139 GMT-0700,186.573,186.51700000000002,0.1,0.1
01.04.2021 06:34:20.189 GMT-0700,186.583,186.507,0.1,0.1
01.04.2021 06:34:20.239 GMT-0700,186.58200000000002,186.528,0.1,0.1
01.04.2021 06:34:20.290 GMT-0700,186.573,186.477,0.1,0.1
01.04.2021 06:34:20.570 GMT-0700,186.573,186.45700000000002,0.1,0.1
01.04.2021 06:34:20.621 GMT-0700,186.562,186.468,0.1,0.1
01.04.2021 06:34:21.166 GMT-0700,186.563,186.467,0.1,0.1
01.04.2021 06:34:23.492 GMT-0700,186.563,186.507,0.0008,0.075
01.04.2021 06:34:23.542 GMT-0700,186.593,186.507,0.1,0.1
01.04.2021 06:34:23.593 GMT-0700,186.553,186.507,0.1,0.1
01.04.2021 06:34:23.936 GMT-0700,186.583,186.507,0.1,0.1
01.04.2021 06:34:23.987 GMT-0700,186.592,186.508,0.1,0.1
01.04.2021 06:34:24.348 GMT-0700,186.573,186.507,0.0008,0.1
01.04.2021 06:34:24.557 GMT-0700,186.553,186.507,0.1,0.075
01.04.2021 06:34:24.607 GMT-0700,186.502,186.408,0.1,0.1
01.04.2021 06:34:24.665 GMT-0700,186.502,186.408,0.1,0.1
01.04.2021 06:34:24.716 GMT-0700,186.532,186.438,0.1,0.1
01.04.2021 06:34:25.027 GMT-0700,186.502,186.408,0.1,0.1
01.04.2021 06:34:25.077 GMT-0700,186.532,186.428,0.1,0.1
01.04.2021 06:34:25.131 GMT-0700,186.512,186.428,0.1,0.1
01.04.2021 06:34:25.507 GMT-0700,186.513,186.42700000000002,0.1,0.1
01.04.2021 06:34:25.557 GMT-0700,186.553,186.467,0.1,0.1
01.04.2021 06:34:25.921 GMT-0700,186.542,186.468,0.1,0.1
01.04.2021 06:34:26.006 GMT-0700,186.532,186.448,0.1,0.1
01.04.2021 06:34:26.106 GMT-0700,186.542,186.448,0.1,0.1
01.04.2021 06:34:26.675 GMT-0700,186.533,186.447,0.1,0.1
01.04.2021 06:34:26.845 GMT-0700,186.563,186.447,0.1,0.1
01.04.2021 06:34:26.895 GMT-0700,186.562,186.478,0.1,0.1
01.04.2021 06:34:27.519 GMT-0700,186.563,186.497,0.1,0.1
01.04.2021 06:34:27.755 GMT-0700,186.613,186.51700000000002,0.1,0.1
01.04.2021 06:34:27.915 GMT-0700,186.61200000000002,186.548,0.1,0.1
01.04.2021 06:34:27.965 GMT-0700,186.61200000000002,186.528,0.1,0.1
01.04.2021 06:34:28.016 GMT-0700,186.623,186.537,0.1,0.1
01.04.2021 06:34:28.066 GMT-0700,186.66299999999998,186.567,0.1,0.1
01.04.2021 06:34:28.118 GMT-0700,186.65200000000002,186.56799999999998,0.1,0.1
01.04.2021 06:34:28.220 GMT-0700,186.71200000000002,186.618,0.1,0.1
01.04.2021 06:34:28.678 GMT-0700,186.72299999999998,186.61700000000002,0.1,0.1
01.04.2021 06:34:28.770 GMT-0700,186.722,186.618,0.1,0.1
01.04.2021 06:34:28.975 GMT-0700,186.722,186.658,0.1,0.1
01.04.2021 06:34:29.141 GMT-0700,186.702,186.658,0.0008,0.075
01.04.2021 06:34:29.192 GMT-0700,186.702,186.628,0.1,0.1
01.04.2021 06:34:29.299 GMT-0700,186.703,186.627,0.1,0.1
01.04.2021 06:34:29.349 GMT-0700,186.703,186.61700000000002,0.1,0.1
01.04.2021 06:34:29.842 GMT-0700,186.713,186.61700000000002,0.1,0.1
01.04.2021 06:34:30.140 GMT-0700,186.722,186.618,0.1,0.1
01.04.2021 06:34:30.190 GMT-0700,186.722,186.638,0.1,0.1
01.04.2021 06:34:30.340 GMT-0700,186.722,186.628,0.1,0.1
01.04.2021 06:34:30.391 GMT-0700,186.713,186.627,0.1,0.1
01.04.2021 06:34:30.635 GMT-0700,186.71200000000002,186.618,0.1,0.1
01.04.2021 06:34:31.100 GMT-0700,186.69299999999998,186.61700000000002,0.0008,0.1
01.04.2021 06:34:31.265 GMT-0700,186.683,186.61700000000002,0.0008,0.1
01.04.2021 06:34:31.467 GMT-0700,186.69299999999998,186.61700000000002,0.1,0.1
01.04.2021 06:34:31.656 GMT-0700,186.71200000000002,186.618,0.1,0.1
01.04.2021 06:34:31.880 GMT-0700,186.762,186.618,0.1,0.1
01.04.2021 06:34:31.931 GMT-0700,186.762,186.658,0.1,0.1
01.04.2021 06:34:31.982 GMT-0700,186.762,186.658,0.1,0.1
01.04.2021 06:34:32.519 GMT-0700,186.752,186.648,0.1,0.1
01.04.2021 06:34:32.621 GMT-0700,186.752,186.658,0.1,0.075
01.04.2021 06:34:32.671 GMT-0700,186.762,186.658,0.1,0.1
01.04.2021 06:34:32.772 GMT-0700,186.732,186.638,0.1,0.1
01.04.2021 06:34:33.569 GMT-0700,186.713,186.637,0.0008,0.1
01.04.2021 06:34:33.862 GMT-0700,186.74200000000002,186.658,0.1,0.1
01.04.2021 06:34:34.104 GMT-0700,186.763,186.657,0.1,0.1
01.04.2021 06:34:34.154 GMT-0700,186.753,186.657,0.1,0.1
01.04.2021 06:34:34.616 GMT-0700,186.783,186.67700000000002,0.1,0.1
01.04.2021 06:34:34.666 GMT-0700,186.783,186.67700000000002,0.1,0.1
01.04.2021 06:34:34.753 GMT-0700,186.783,186.67700000000002,0.1,0.1
01.04.2021 06:34:35.290 GMT-0700,186.782,186.678,0.1,0.1
01.04.2021 06:34:35.410 GMT-0700,186.763,186.67700000000002,0.0008,0.1
01.04.2021 06:34:36.118 GMT-0700,186.77200000000002,186.688,0.1,0.1
01.04.2021 06:34:36.223 GMT-0700,186.77200000000002,186.678,0.1,0.1
01.04.2021 06:34:36.274 GMT-0700,186.77200000000002,186.688,0.1,0.1
01.04.2021 06:34:36.384 GMT-0700,186.773,186.697,0.1,0.1
01.04.2021 06:34:36.434 GMT-0700,186.803,186.727,0.1,0.1
01.04.2021 06:34:36.523 GMT-0700,186.80200000000002,186.758,0.1,0.075
01.04.2021 06:34:36.573 GMT-0700,186.80200000000002,186.738,0.1,0.1
01.04.2021 06:34:37.406 GMT-0700,186.833,186.73700000000002,0.1,0.1
01.04.2021 06:34:37.456 GMT-0700,186.873,186.747,0.1,0.1
01.04.2021 06:34:37.519 GMT-0700,186.873,186.76700000000002,0.1,0.075
01.04.2021 06:34:38.227 GMT-0700,186.872,186.768,0.1,0.1
01.04.2021 06:34:38.579 GMT-0700,186.872,186.768,0.1,0.1
01.04.2021 06:34:38.938 GMT-0700,186.853,186.76700000000002,0.0008,0.1
01.04.2021 06:34:39.111 GMT-0700,186.852,186.748,0.1,0.1
01.04.2021 06:34:39.172 GMT-0700,186.853,186.747,0.1,0.1
01.04.2021 06:34:39.381 GMT-0700,186.782,186.708,0.1,0.1
01.04.2021 06:34:39.482 GMT-0700,186.782,186.698,0.1,0.1
01.04.2021 06:34:39.691 GMT-0700,186.77200000000002,186.688,0.1,0.1
01.04.2021 06:34:39.912 GMT-0700,186.782,186.698,0.1,0.075
01.04.2021 06:34:39.962 GMT-0700,186.783,186.687,0.1,0.1
01.04.2021 06:34:40.203 GMT-0700,186.782,186.688,0.1,0.1
01.04.2021 06:34:40.309 GMT-0700,186.803,186.697,0.1,0.1
01.04.2021 06:34:40.360 GMT-0700,186.803,186.70700000000002,0.1,0.1
01.04.2021 06:34:40.585 GMT-0700,186.823,186.70700000000002,0.1,0.1
01.04.2021 06:34:41.172 GMT-0700,186.792,186.708,0.0008,0.1
01.04.2021 06:34:41.527 GMT-0700,186.792,186.698,0.1,0.1
01.04.2021 06:34:41.578 GMT-0700,186.782,186.698,0.1,0.1
01.04.2021 06:34:41.745 GMT-0700,186.80200000000002,186.708,0.1,0.1
01.04.2021 06:34:41.940 GMT-0700,186.823,186.727,0.1,0.1
01.04.2021 06:34:42.313 GMT-0700,186.822,186.718,0.1,0.1
01.04.2021 06:34:42.411 GMT-0700,186.823,186.717,0.1,0.1
01.04.2021 06:34:42.579 GMT-0700,186.822,186.718,0.1,0.1
01.04.2021 06:34:42.892 GMT-0700,186.822,186.728,0.1,0.075
01.04.2021 06:34:42.997 GMT-0700,186.803,186.717,0.1,0.1
01.04.2021 06:34:43.048 GMT-0700,186.80200000000002,186.708,0.1,0.1
01.04.2021 06:34:43.389 GMT-0700,186.80200000000002,186.698,0.1,0.1
01.04.2021 06:34:43.526 GMT-0700,186.782,186.698,0.0008,0.1
01.04.2021 06:34:44.006 GMT-0700,186.80200000000002,186.708,0.1,0.1
01.04.2021 06:34:44.244 GMT-0700,186.80200000000002,186.698,0.1,0.1
01.04.2021 06:34:44.307 GMT-0700,186.782,186.698,0.1,0.1
01.04.2021 06:34:44.358 GMT-0700,186.80200000000002,186.698,0.1,0.1
01.04.2021 06:34:44.465 GMT-0700,186.793,186.697,0.0008,0.1
01.04.2021 06:34:46.000 GMT-0700,186.763,186.697,0.0008,0.075
01.04.2021 06:34:46.271 GMT-0700,186.72299999999998,186.67700000000002,0.1,0.1
01.04.2021 06:34:46.322 GMT-0700,186.722,186.678,0.1,0.1
01.04.2021 06:34:47.283 GMT-0700,186.685,186.678,0.0008,0.075
01.04.2021 06:34:47.333 GMT-0700,186.683,186.637,0.1,0.1
01.04.2021 06:34:48.294 GMT-0700,186.672,186.638,0.0008,0.075
01.04.2021 06:34:48.344 GMT-0700,186.672,186.618,0.1,0.1
01.04.2021 06:34:48.589 GMT-0700,186.683,186.657,0.1,0.1
01.04.2021 06:34:48.639 GMT-0700,186.683,186.627,0.1,0.1
01.04.2021 06:34:48.836 GMT-0700,186.72299999999998,186.637,0.1,0.1
01.04.2021 06:34:49.159 GMT-0700,186.722,186.658,0.1,0.1
01.04.2021 06:34:49.333 GMT-0700,186.722,186.638,0.1,0.1
01.04.2021 06:34:50.067 GMT-0700,186.72299999999998,186.657,0.1,0.075
01.04.2021 06:34:50.336 GMT-0700,186.77200000000002,186.658,0.1,0.1
01.04.2021 06:34:50.386 GMT-0700,186.77200000000002,186.658,0.1,0.1
01.04.2021 06:34:50.436 GMT-0700,186.722,186.658,0.1,0.1
01.04.2021 06:34:50.560 GMT-0700,186.732,186.638,0.1,0.1
01.04.2021 06:34:50.746 GMT-0700,186.732,186.638,0.1,0.1
01.04.2021 06:34:52.212 GMT-0700,186.69299999999998,186.637,0.1,0.1
01.04.2021 06:34:52.263 GMT-0700,186.74200000000002,186.638,0.1,0.1
01.04.2021 06:34:52.322 GMT-0700,186.722,186.658,0.1,0.1
01.04.2021 06:34:52.372 GMT-0700,186.72299999999998,186.64700000000002,0.1,0.1
01.04.2021 06:34:52.443 GMT-0700,186.72299999999998,186.657,0.1,0.1
01.04.2021 06:34:52.604 GMT-0700,186.793,186.70700000000002,0.1,0.1
01.04.2021 06:34:52.741 GMT-0700,186.792,186.698,0.1,0.1
01.04.2021 06:34:53.010 GMT-0700,186.793,186.697,0.1,0.1
01.04.2021 06:34:53.372 GMT-0700,186.793,186.70700000000002,0.1,0.1
01.04.2021 06:34:53.422 GMT-0700,186.80200000000002,186.708,0.1,0.1
01.04.2021 06:34:53.480 GMT-0700,186.80200000000002,186.708,0.1,0.1
01.04.2021 06:34:53.653 GMT-0700,186.803,186.70700000000002,0.1,0.1
01.04.2021 06:34:53.800 GMT-0700,186.80200000000002,186.718,0.1,0.1
01.04.2021 06:34:53.926 GMT-0700,186.80200000000002,186.708,0.1,0.1
01.04.2021 06:34:54.259 GMT-0700,186.792,186.708,0.0008,0.1
01.04.2021 06:34:54.360 GMT-0700,186.793,186.697,0.1,0.1
01.04.2021 06:34:54.460 GMT-0700,186.833,186.757,0.1,0.1
01.04.2021 06:34:54.510 GMT-0700,186.83200000000002,186.738,0.1,0.1
01.04.2021 06:34:54.593 GMT-0700,186.83200000000002,186.748,0.1,0.1
01.04.2021 06:34:54.748 GMT-0700,186.833,186.787,0.0008,0.075
01.04.2021 06:34:54.799 GMT-0700,186.882,186.778,0.1,0.1
01.04.2021 06:34:54.849 GMT-0700,186.863,186.77700000000002,0.1,0.1
01.04.2021 06:34:55.211 GMT-0700,186.852,186.748,0.1,0.1
01.04.2021 06:34:55.288 GMT-0700,186.842,186.748,0.0008,0.1
01.04.2021 06:34:55.505 GMT-0700,186.853,186.747,0.1,0.1
01.04.2021 06:34:55.564 GMT-0700,186.853,186.76700000000002,0.1,0.1
01.04.2021 06:34:55.743 GMT-0700,186.843,186.757,0.1,0.1
01.04.2021 06:34:57.294 GMT-0700,186.843,186.747,0.1,0.1
01.04.2021 06:34:57.511 GMT-0700,186.833,186.747,0.1,0.1
01.04.2021 06:34:57.649 GMT-0700,186.80200000000002,186.738,0.1,0.1
01.04.2021 06:34:58.252 GMT-0700,186.813,186.727,0.1,0.1
01.04.2021 06:34:58.303 GMT-0700,186.783,186.727,0.1,0.1
01.04.2021 06:34:58.657 GMT-0700,186.823,186.727,0.1,0.1
01.04.2021 06:34:58.791 GMT-0700,186.823,186.757,0.0008,0.075
01.04.2021 06:34:58.841 GMT-0700,186.843,186.73700000000002,0.1,0.1
01.04.2021 06:34:59.063 GMT-0700,186.823,186.73700000000002,0.0008,0.1
01.04.2021 06:34:59.113 GMT-0700,186.823,186.727,0.1,0.1
01.04.2021 06:34:59.248 GMT-0700,186.843,186.747,0.1,0.1
01.04.2021 06:35:00.117 GMT-0700,186.842,186.748,0.1,0.1
01.04.2021 06:35:01.020 GMT-0700,186.822,186.768,0.0008,0.1
01.04.2021 06:35:01.469 GMT-0700,186.803,186.76700000000002,0.1,0.1
01.04.2021 06:35:02.730 GMT-0700,186.842,186.768,0.1,0.1
01.04.2021 06:35:02.992 GMT-0700,186.823,186.73700000000002,0.0008,0.1
01.04.2021 06:35:03.095 GMT-0700,186.833,186.73700000000002,0.1,0.075
01.04.2021 06:35:03.395 GMT-0700,186.83200000000002,186.738,0.1,0.1
01.04.2021 06:35:03.445 GMT-0700,186.873,186.787,0.1,0.1
01.04.2021 06:35:03.495 GMT-0700,186.873,186.797,0.1,0.1
01.04.2021 06:35:03.696 GMT-0700,186.853,186.80700000000002,0.1,0.1
01.04.2021 06:35:04.654 GMT-0700,186.872,186.78799999999998,0.1,0.1
01.04.2021 06:35:04.773 GMT-0700,186.852,186.78799999999998,0.0008,0.1
01.04.2021 06:35:05.099 GMT-0700,186.873,186.787,0.1,0.1
01.04.2021 06:35:05.243 GMT-0700,186.852,186.78799999999998,0.0008,0.1
01.04.2021 06:35:05.569 GMT-0700,186.812,186.78799999999998,0.0008,0.1
01.04.2021 06:35:05.620 GMT-0700,186.813,186.73700000000002,0.1,0.1
01.04.2021 06:35:06.426 GMT-0700,186.803,186.727,0.1,0.1
01.04.2021 06:35:06.476 GMT-0700,186.792,186.708,0.1,0.1
01.04.2021 06:35:06.527 GMT-0700,186.812,186.718,0.1,0.1
01.04.2021 06:35:06.577 GMT-0700,186.80200000000002,186.708,0.1,0.1
01.04.2021 06:35:06.713 GMT-0700,186.813,186.70700000000002,0.1,0.1
01.04.2021 06:35:06.764 GMT-0700,186.812,186.718,0.1,0.1
01.04.2021 06:35:07.002 GMT-0700,186.793,186.70700000000002,0.1,0.1
01.04.2021 06:35:07.152 GMT-0700,186.793,186.70700000000002,0.1,0.1
01.04.2021 06:35:07.305 GMT-0700,186.793,186.70700000000002,0.1,0.1
01.04.2021 06:35:07.649 GMT-0700,186.773,186.70700000000002,0.0008,0.1
01.04.2021 06:35:07.699 GMT-0700,186.792,186.708,0.1,0.1
01.04.2021 06:35:07.811 GMT-0700,186.783,186.70700000000002,0.0008,0.1
01.04.2021 06:35:08.108 GMT-0700,186.813,186.70700000000002,0.1,0.1
01.04.2021 06:35:08.158 GMT-0700,186.813,186.727,0.1,0.1
01.04.2021 06:35:08.209 GMT-0700,186.813,186.70700000000002,0.1,0.1
01.04.2021 06:35:08.270 GMT-0700,186.792,186.708,0.0008,0.1
01.04.2021 06:35:08.908 GMT-0700,186.813,186.70700000000002,0.1,0.1
01.04.2021 06:35:09.095 GMT-0700,186.812,186.708,0.1,0.1
01.04.2021 06:35:09.145 GMT-0700,186.813,186.747,0.1,0.1
01.04.2021 06:35:09.613 GMT-0700,186.812,186.728,0.1,0.1
01.04.2021 06:35:09.857 GMT-0700,186.812,186.718,0.1,0.1
01.04.2021 06:35:10.139 GMT-0700,186.813,186.70700000000002,0.1,0.1
01.04.2021 06:35:10.189 GMT-0700,186.812,186.728,0.1,0.1
01.04.2021 06:35:10.497 GMT-0700,186.812,186.748,0.1,0.1
01.04.2021 06:35:10.671 GMT-0700,186.813,186.727,0.1,0.1
01.04.2021 06:35:11.775 GMT-0700,186.833,186.727,0.1,0.1
01.04.2021 06:35:11.826 GMT-0700,186.873,186.77700000000002,0.1,0.1
01.04.2021 06:35:12.083 GMT-0700,186.852,186.778,0.0008,0.1
01.04.2021 06:35:12.437 GMT-0700,186.872,186.778,0.1,0.1
01.04.2021 06:35:13.749 GMT-0700,186.852,186.778,0.0008,0.1
01.04.2021 06:35:14.425 GMT-0700,186.853,186.77700000000002,0.1,0.1
01.04.2021 06:35:14.712 GMT-0700,186.853,186.77700000000002,0.1,0.1
01.04.2021 06:35:15.893 GMT-0700,186.873,186.787,0.1,0.1
01.04.2021 06:35:17.060 GMT-0700,186.853,186.787,0.1,0.1
01.04.2021 06:35:17.566 GMT-0700,186.93200000000002,186.858,0.1,0.1
01.04.2021 06:35:17.666 GMT-0700,186.972,186.888,0.1,0.1
01.04.2021 06:35:17.717 GMT-0700,186.96200000000002,186.868,0.1,0.1
01.04.2021 06:35:17.920 GMT-0700,186.963,186.877,0.1,0.075
01.04.2021 06:35:18.021 GMT-0700,186.94299999999998,186.857,0.1,0.1
01.04.2021 06:35:18.072 GMT-0700,186.952,186.858,0.1,0.1
01.04.2021 06:35:18.184 GMT-0700,186.982,186.878,0.1,0.1
01.04.2021 06:35:18.315 GMT-0700,186.982,186.878,0.1,0.1
01.04.2021 06:35:18.366 GMT-0700,186.982,186.878,0.1,0.1
01.04.2021 06:35:18.416 GMT-0700,186.97299999999998,186.877,0.1,0.1
01.04.2021 06:35:19.117 GMT-0700,186.952,186.868,0.1,0.1
01.04.2021 06:35:19.378 GMT-0700,186.953,186.857,0.1,0.1
01.04.2021 06:35:20.648 GMT-0700,186.922,186.858,0.0008,0.075
01.04.2021 06:35:21.052 GMT-0700,186.903,186.817,0.1,0.1
01.04.2021 06:35:21.394 GMT-0700,186.912,186.81799999999998,0.1,0.1
01.04.2021 06:35:21.444 GMT-0700,186.912,186.838,0.1,0.1
01.04.2021 06:35:21.881 GMT-0700,186.912,186.828,0.1,0.1
01.04.2021 06:35:22.634 GMT-0700,186.90200000000002,186.81799999999998,0.1,0.1
01.04.2021 06:35:23.839 GMT-0700,186.903,186.80700000000002,0.1,0.1
01.04.2021 06:35:24.016 GMT-0700,186.90200000000002,186.808,0.1,0.1
01.04.2021 06:35:26.230 GMT-0700,186.94299999999998,186.847,0.1,0.1
01.04.2021 06:35:26.280 GMT-0700,186.942,186.858,0.1,0.1
01.04.2021 06:35:26.555 GMT-0700,186.93200000000002,186.84799999999998,0.1,0.1
01.04.2021 06:35:26.928 GMT-0700,186.93200000000002,186.84799999999998,0.1,0.1
01.04.2021 06:35:27.214 GMT-0700,186.93200000000002,186.84799999999998,0.1,0.1
01.04.2021 06:35:27.527 GMT-0700,186.93200000000002,186.868,0.1,0.1
01.04.2021 06:35:28.257 GMT-0700,186.93200000000002,186.84799999999998,0.1,0.1
01.04.2021 06:35:28.695 GMT-0700,186.93200000000002,186.858,0.1,0.1
01.04.2021 06:35:28.862 GMT-0700,186.93200000000002,186.858,0.1,0.1
01.04.2021 06:35:29.557 GMT-0700,186.933,186.877,0.1,0.1
01.04.2021 06:35:30.068 GMT-0700,186.91299999999998,186.887,0.1,0.1
01.04.2021 06:35:30.119 GMT-0700,186.93200000000002,186.888,0.1,0.1
01.04.2021 06:35:30.864 GMT-0700,186.93200000000002,186.888,0.1,0.1
01.04.2021 06:35:33.236 GMT-0700,186.922,186.898,0.0008,0.075
01.04.2021 06:35:33.287 GMT-0700,186.983,186.89700000000002,0.1,0.1
01.04.2021 06:35:33.358 GMT-0700,186.983,186.89700000000002,0.1,0.1
01.04.2021 06:35:33.673 GMT-0700,187.003,186.92700000000002,0.1,0.1
01.04.2021 06:35:33.772 GMT-0700,187.003,186.92700000000002,0.1,0.1
01.04.2021 06:35:34.046 GMT-0700,186.938,186.92700000000002,0.0008,0.075
01.04.2021 06:35:34.096 GMT-0700,186.97299999999998,186.89700000000002,0.1,0.1
01.04.2021 06:35:34.343 GMT-0700,186.983,186.89700000000002,0.1,0.1
01.04.2021 06:35:34.515 GMT-0700,186.963,186.89700000000002,0.0008,0.1
01.04.2021 06:35:34.684 GMT-0700,186.972,186.898,0.1,0.1
01.04.2021 06:35:34.834 GMT-0700,186.953,186.89700000000002,0.0008,0.1
01.04.2021 06:35:35.002 GMT-0700,186.953,186.917,0.0008,0.075
01.04.2021 06:35:35.053 GMT-0700,186.993,186.907,0.1,0.1
01.04.2021 06:35:35.103 GMT-0700,186.963,186.907,0.1,0.1
01.04.2021 06:35:35.255 GMT-0700,186.963,186.89700000000002,0.1,0.1
01.04.2021 06:35:35.790 GMT-0700,186.96200000000002,186.898,0.1,0.1
01.04.2021 06:35:37.829 GMT-0700,186.925,186.918,0.0008,0.075
01.04.2021 06:35:37.879 GMT-0700,186.94299999999998,186.857,0.1,0.1
01.04.2021 06:35:37.969 GMT-0700,186.93200000000002,186.858,0.0008,0.1
01.04.2021 06:35:38.070 GMT-0700,186.93200000000002,186.84799999999998,0.1,0.1
01.04.2021 06:35:38.179 GMT-0700,186.93200000000002,186.84799999999998,0.1,0.1
01.04.2021 06:35:38.229 GMT-0700,186.953,186.86700000000002,0.1,0.1
01.04.2021 06:35:39.410 GMT-0700,186.952,186.858,0.1,0.1
01.04.2021 06:35:39.460 GMT-0700,186.942,186.858,0.1,0.1
01.04.2021 06:35:39.658 GMT-0700,186.952,186.868,0.1,0.1
01.04.2021 06:35:39.960 GMT-0700,186.942,186.868,0.0008,0.075
01.04.2021 06:35:40.011 GMT-0700,186.942,186.858,0.1,0.1
01.04.2021 06:35:40.254 GMT-0700,186.953,186.857,0.1,0.1
01.04.2021 06:35:40.305 GMT-0700,186.953,186.86700000000002,0.1,0.1
01.04.2021 06:35:40.734 GMT-0700,186.922,186.868,0.0008,0.075
01.04.2021 06:35:40.784 GMT-0700,186.923,186.857,0.1,0.1
01.04.2021 06:35:41.675 GMT-0700,186.923,186.887,0.1,0.1
01.04.2021 06:35:41.726 GMT-0700,186.893,186.797,0.1,0.1
01.04.2021 06:35:41.776 GMT-0700,186.89200000000002,186.808,0.1,0.1
01.04.2021 06:35:42.177 GMT-0700,186.903,186.80700000000002,0.1,0.1
01.04.2021 06:35:42.227 GMT-0700,186.903,186.817,0.1,0.1
01.04.2021 06:35:43.156 GMT-0700,186.912,186.81799999999998,0.1,0.1
01.04.2021 06:35:43.206 GMT-0700,186.912,186.828,0.1,0.1
01.04.2021 06:35:43.460 GMT-0700,186.912,186.81799999999998,0.1,0.1
01.04.2021 06:35:43.511 GMT-0700,186.90200000000002,186.81799999999998,0.1,0.1
01.04.2021 06:35:43.809 GMT-0700,186.872,186.81799999999998,0.0008,0.1
01.04.2021 06:35:44.505 GMT-0700,186.863,186.787,0.1,0.1
01.04.2021 06:35:44.629 GMT-0700,186.853,186.787,0.0008,0.1
01.04.2021 06:35:44.679 GMT-0700,186.863,186.787,0.1,0.1
01.04.2021 06:35:44.750 GMT-0700,186.853,186.787,0.0008,0.075
01.04.2021 06:35:45.204 GMT-0700,186.842,186.778,0.1,0.075
01.04.2021 06:35:45.254 GMT-0700,186.843,186.76700000000002,0.1,0.1
01.04.2021 06:35:45.305 GMT-0700,186.83200000000002,186.768,0.1,0.1
01.04.2021 06:35:45.646 GMT-0700,186.842,186.768,0.1,0.1
01.04.2021 06:35:45.909 GMT-0700,186.842,186.768,0.1,0.1
01.04.2021 06:35:46.299 GMT-0700,186.813,186.76700000000002,0.0008,0.075
01.04.2021 06:35:46.349 GMT-0700,186.80200000000002,186.718,0.1,0.1
01.04.2021 06:35:46.408 GMT-0700,186.793,186.717,0.0008,0.1
01.04.2021 06:35:46.820 GMT-0700,186.793,186.70700000000002,0.1,0.1
01.04.2021 06:35:47.175 GMT-0700,186.792,186.708,0.1,0.1
01.04.2021 06:35:47.275 GMT-0700,186.89200000000002,186.808,0.1,0.1
01.04.2021 06:35:47.376 GMT-0700,186.89200000000002,186.78799999999998,0.1,0.1
01.04.2021 06:35:47.459 GMT-0700,186.89200000000002,186.78799999999998,0.1,0.1
01.04.2021 06:35:47.846 GMT-0700,186.873,186.787,0.0008,0.1
01.04.2021 06:35:48.156 GMT-0700,186.883,186.787,0.1,0.1
01.04.2021 06:35:48.207 GMT-0700,186.882,186.808,0.1,0.1
01.04.2021 06:35:48.307 GMT-0700,186.89200000000002,186.808,0.1,0.1
01.04.2021 06:35:48.358 GMT-0700,186.912,186.81799999999998,0.1,0.1
01.04.2021 06:35:48.610 GMT-0700,186.903,186.817,0.1,0.1
01.04.2021 06:35:49.107 GMT-0700,186.903,186.80700000000002,0.1,0.1
01.04.2021 06:35:49.296 GMT-0700,186.90200000000002,186.808,0.1,0.1
01.04.2021 06:35:49.484 GMT-0700,186.883,186.80700000000002,0.1,0.1
01.04.2021 06:35:50.189 GMT-0700,186.933,186.857,0.1,0.1
01.04.2021 06:35:50.290 GMT-0700,186.97299999999998,186.877,0.1,0.1
01.04.2021 06:35:50.650 GMT-0700,186.97299999999998,186.89700000000002,0.0008,0.075
01.04.2021 06:35:50.715 GMT-0700,186.982,186.898,0.1,0.1
01.04.2021 06:35:51.073 GMT-0700,186.983,186.89700000000002,0.1,0.1
01.04.2021 06:35:51.384 GMT-0700,186.983,186.917,0.1,0.075
01.04.2021 06:35:51.434 GMT-0700,186.982,186.908,0.1,0.1
01.04.2021 06:35:51.893 GMT-0700,186.983,186.92700000000002,0.1,0.075
01.04.2021 06:35:51.998 GMT-0700,187.003,186.947,0.1,0.1
01.04.2021 06:35:52.134 GMT-0700,187.003,186.95700000000002,0.1,0.1
01.04.2021 06:35:52.328 GMT-0700,187.02200000000002,186.968,0.1,0.1
01.04.2021 06:35:52.378 GMT-0700,187.033,186.98700000000002,0.1,0.1
01.04.2021 06:35:52.478 GMT-0700,187.013,186.95700000000002,0.1,0.1
01.04.2021 06:35:52.529 GMT-0700,187.032,186.958,0.1,0.1
01.04.2021 06:35:52.764 GMT-0700,187.043,186.95700000000002,0.1,0.1
01.04.2021 06:35:53.091 GMT-0700,187.033,186.95700000000002,0.0008,0.1
01.04.2021 06:35:53.242 GMT-0700,187.013,186.92700000000002,0.1,0.1
01.04.2021 06:35:53.421 GMT-0700,187.023,186.92700000000002,0.1,0.1
01.04.2021 06:35:53.522 GMT-0700,187.033,186.947,0.1,0.1
01.04.2021 06:35:53.572 GMT-0700,187.043,186.947,0.1,0.1
01.04.2021 06:35:53.672 GMT-0700,187.033,186.947,0.0008,0.1
01.04.2021 06:35:54.255 GMT-0700,187.042,186.958,0.1,0.1
01.04.2021 06:35:54.612 GMT-0700,187.02200000000002,186.978,0.0008,0.075
01.04.2021 06:35:54.662 GMT-0700,187.05200000000002,186.978,0.1,0.1
01.04.2021 06:35:54.861 GMT-0700,187.042,186.978,0.0008,0.075
01.04.2021 06:35:54.911 GMT-0700,187.043,186.95700000000002,0.1,0.1
01.04.2021 06:35:54.969 GMT-0700,187.032,186.958,0.0008,0.1
01.04.2021 06:35:55.163 GMT-0700,187.02200000000002,186.958,0.0008,0.1
01.04.2021 06:35:56.472 GMT-0700,187.012,186.958,0.0008,0.1
01.04.2021 06:35:57.299 GMT-0700,187.003,186.95700000000002,0.0008,0.1
01.04.2021 06:35:59.702 GMT-0700,187.08200000000002,186.998,0.1,0.1
01.04.2021 06:36:00.307 GMT-0700,187.08200000000002,186.988,0.1,0.1
01.04.2021 06:36:00.495 GMT-0700,187.083,186.98700000000002,0.1,0.1
01.04.2021 06:36:00.677 GMT-0700,187.083,186.98700000000002,0.1,0.1
01.04.2021 06:36:00.731 GMT-0700,187.102,187.028,0.1,0.1
01.04.2021 06:36:00.912 GMT-0700,187.073,187.02700000000002,0.0008,0.075
01.04.2021 06:36:00.962 GMT-0700,187.093,187.01700000000002,0.1,0.1
01.04.2021 06:36:01.031 GMT-0700,187.092,187.018,0.1,0.1
01.04.2021 06:36:01.081 GMT-0700,187.083,186.997,0.1,0.1
01.04.2021 06:36:01.285 GMT-0700,187.072,186.988,0.1,0.1
01.04.2021 06:36:01.615 GMT-0700,187.08200000000002,186.988,0.1,0.1
01.04.2021 06:36:01.666 GMT-0700,187.08200000000002,186.998,0.1,0.1
01.04.2021 06:36:01.871 GMT-0700,187.08200000000002,186.998,0.1,0.1
01.04.2021 06:36:02.028 GMT-0700,187.05200000000002,187.008,0.0008,0.075
01.04.2021 06:36:02.078 GMT-0700,187.042,186.978,0.1,0.1
01.04.2021 06:36:02.129 GMT-0700,187.043,186.95700000000002,0.1,0.1
01.04.2021 06:36:02.181 GMT-0700,187.053,186.95700000000002,0.1,0.1
01.04.2021 06:36:02.232 GMT-0700,187.073,186.98700000000002,0.1,0.1
01.04.2021 06:36:02.510 GMT-0700,187.083,186.98700000000002,0.1,0.1
01.04.2021 06:36:02.645 GMT-0700,187.08200000000002,186.998,0.1,0.1
01.04.2021 06:36:02.696 GMT-0700,187.083,187.01700000000002,0.1,0.1
01.04.2021 06:36:02.902 GMT-0700,187.083,187.007,0.1,0.1
01.04.2021 06:36:02.956 GMT-0700,187.08200000000002,187.008,0.1,0.1
01.04.2021 06:36:03.253 GMT-0700,187.133,187.047,0.1,0.1
01.04.2021 06:36:03.743 GMT-0700,187.122,187.048,0.0008,0.1
01.04.2021 06:36:04.073 GMT-0700,187.133,187.047,0.1,0.1
01.04.2021 06:36:04.231 GMT-0700,187.132,187.058,0.1,0.1
01.04.2021 06:36:04.281 GMT-0700,187.133,187.047,0.1,0.1
01.04.2021 06:36:04.682 GMT-0700,187.14200000000002,187.048,0.1,0.1
01.04.2021 06:36:04.732 GMT-0700,187.14200000000002,187.06799999999998,0.1,0.1
01.04.2021 06:36:04.983 GMT-0700,187.133,187.067,0.0008,0.1
01.04.2021 06:36:05.084 GMT-0700,187.143,187.067,0.1,0.1
01.04.2021 06:36:05.277 GMT-0700,187.132,187.06799999999998,0.0008,0.1
01.04.2021 06:36:05.585 GMT-0700,187.153,187.067,0.1,0.1
01.04.2021 06:36:05.678 GMT-0700,187.153,187.077,0.1,0.075
01.04.2021 06:36:05.841 GMT-0700,187.15200000000002,187.078,0.1,0.1
01.04.2021 06:36:05.994 GMT-0700,187.092,187.06799999999998,0.1,0.1
01.04.2021 06:36:06.044 GMT-0700,187.123,187.067,0.1,0.1
01.04.2021 06:36:06.240 GMT-0700,187.132,187.06799999999998,0.1,0.1
01.04.2021 06:36:06.353 GMT-0700,187.143,187.067,0.1,0.1
01.04.2021 06:36:06.478 GMT-0700,187.133,187.067,0.1,0.1
01.04.2021 06:36:06.805 GMT-0700,187.143,187.11700000000002,0.1,0.1
01.04.2021 06:36:06.855 GMT-0700,187.143,187.08700000000002,0.1,0.1
01.04.2021 06:36:06.909 GMT-0700,187.133,187.08700000000002,0.0008,0.1
01.04.2021 06:36:06.960 GMT-0700,187.123,187.067,0.1,0.1
01.04.2021 06:36:07.341 GMT-0700,187.113,187.067,0.0008,0.075
01.04.2021 06:36:07.391 GMT-0700,187.093,187.007,0.1,0.1
01.04.2021 06:36:07.856 GMT-0700,187.072,186.998,0.1,0.1
01.04.2021 06:36:08.066 GMT-0700,187.083,186.997,0.1,0.1
01.04.2021 06:36:08.119 GMT-0700,187.063,186.997,0.0008,0.1
01.04.2021 06:36:08.221 GMT-0700,187.032,186.998,0.0008,0.075
01.04.2021 06:36:08.271 GMT-0700,187.032,186.958,0.1,0.1
01.04.2021 06:36:08.537 GMT-0700,187.063,186.977,0.1,0.1
01.04.2021 06:36:08.831 GMT-0700,187.043,186.977,0.0008,0.1
01.04.2021 06:36:08.932 GMT-0700,187.102,187.028,0.1,0.1
01.04.2021 06:36:09.224 GMT-0700,187.103,187.02700000000002,0.1,0.1
01.04.2021 06:36:09.382 GMT-0700,187.102,187.028,0.1,0.1
01.04.2021 06:36:09.854 GMT-0700,187.11200000000002,187.028,0.1,0.1
01.04.2021 06:36:10.686 GMT-0700,187.102,187.028,0.1,0.1
01.04.2021 06:36:10.949 GMT-0700,187.113,187.02700000000002,0.1,0.1
01.04.2021 06:36:11.055 GMT-0700,187.102,187.028,0.1,0.1
01.04.2021 06:36:11.462 GMT-0700,187.093,187.02700000000002,0.0008,0.1
01.04.2021 06:36:11.656 GMT-0700,187.102,187.028,0.1,0.1
01.04.2021 06:36:11.989 GMT-0700,187.092,187.028,0.1,0.1
01.04.2021 06:36:12.175 GMT-0700,187.123,187.02700000000002,0.1,0.1
01.04.2021 06:36:12.225 GMT-0700,187.113,187.037,0.1,0.1
01.04.2021 06:36:12.526 GMT-0700,187.11200000000002,187.03799999999998,0.1,0.1
01.04.2021 06:36:12.577 GMT-0700,187.132,187.048,0.1,0.1
01.04.2021 06:36:12.746 GMT-0700,187.123,187.047,0.1,0.1
01.04.2021 06:36:13.103 GMT-0700,187.123,187.02700000000002,0.1,0.1
01.04.2021 06:36:13.154 GMT-0700,187.102,187.028,0.1,0.1
01.04.2021 06:36:13.587 GMT-0700,187.113,187.02700000000002,0.1,0.1
01.04.2021 06:36:13.652 GMT-0700,187.102,187.028,0.0008,0.1
01.04.2021 06:36:13.989 GMT-0700,187.11200000000002,187.028,0.1,0.1
01.04.2021 06:36:14.057 GMT-0700,187.093,187.02700000000002,0.0008,0.1
01.04.2021 06:36:14.108 GMT-0700,187.113,187.02700000000002,0.1,0.1
01.04.2021 06:36:14.208 GMT-0700,187.122,187.03799999999998,0.1,0.1
01.04.2021 06:36:14.578 GMT-0700,187.132,187.048,0.1,0.1
01.04.2021 06:36:15.083 GMT-0700,187.133,187.047,0.1,0.1
01.04.2021 06:36:15.995 GMT-0700,187.102,187.028,0.1,0.1
01.04.2021 06:36:16.046 GMT-0700,187.183,187.097,0.1,0.1
01.04.2021 06:36:16.096 GMT-0700,187.133,187.05700000000002,0.1,0.1
01.04.2021 06:36:16.264 GMT-0700,187.133,187.05700000000002,0.1,0.1
01.04.2021 06:36:16.315 GMT-0700,187.143,187.067,0.1,0.1
01.04.2021 06:36:16.508 GMT-0700,187.143,187.047,0.1,0.1
01.04.2021 06:36:16.559 GMT-0700,187.132,187.048,0.1,0.1
01.04.2021 06:36:16.682 GMT-0700,187.123,187.047,0.0008,0.1
01.04.2021 06:36:17.088 GMT-0700,187.11200000000002,187.048,0.0008,0.1
01.04.2021 06:36:17.189 GMT-0700,187.14200000000002,187.058,0.1,0.1
01.04.2021 06:36:17.284 GMT-0700,187.132,187.048,0.1,0.1
01.04.2021 06:36:17.429 GMT-0700,187.11200000000002,187.048,0.0008,0.1
01.04.2021 06:36:17.479 GMT-0700,187.122,187.048,0.1,0.1
01.04.2021 06:36:17.683 GMT-0700,187.113,187.047,0.0008,0.1
01.04.2021 06:36:17.733 GMT-0700,187.122,187.058,0.1,0.1
01.04.2021 06:36:17.784 GMT-0700,187.133,187.05700000000002,0.1,0.1
01.04.2021 06:36:18.443 GMT-0700,187.123,187.05700000000002,0.0008,0.1
01.04.2021 06:36:18.582 GMT-0700,187.123,187.05700000000002,0.1,0.1
01.04.2021 06:36:18.633 GMT-0700,187.122,187.058,0.1,0.1
01.04.2021 06:36:18.869 GMT-0700,187.11200000000002,187.058,0.0008,0.1
01.04.2021 06:36:18.919 GMT-0700,187.143,187.05700000000002,0.1,0.1
01.04.2021 06:36:19.079 GMT-0700,187.14200000000002,187.058,0.1,0.1
01.04.2021 06:36:19.179 GMT-0700,187.133,187.047,0.1,0.1
01.04.2021 06:36:19.285 GMT-0700,187.133,187.047,0.1,0.1
01.04.2021 06:36:19.545 GMT-0700,187.132,187.058,0.1,0.1
01.04.2021 06:36:19.665 GMT-0700,187.123,187.05700000000002,0.1,0.1
01.04.2021 06:36:19.937 GMT-0700,187.122,187.058,0.1,0.1
01.04.2021 06:36:20.052 GMT-0700,187.11200000000002,187.058,0.0008,0.1
01.04.2021 06:36:20.152 GMT-0700,187.122,187.058,0.1,0.1
01.04.2021 06:36:20.286 GMT-0700,187.11200000000002,187.058,0.0008,0.1
01.04.2021 06:36:20.461 GMT-0700,187.083,187.047,0.1,0.1
01.04.2021 06:36:20.590 GMT-0700,187.103,187.047,0.1,0.1
01.04.2021 06:36:20.640 GMT-0700,187.08200000000002,187.048,0.1,0.1
01.04.2021 06:36:21.098 GMT-0700,187.063,187.047,0.0008,0.075
01.04.2021 06:36:21.148 GMT-0700,187.083,187.02700000000002,0.1,0.1
01.04.2021 06:36:21.249 GMT-0700,187.092,187.028,0.1,0.1
01.04.2021 06:36:21.405 GMT-0700,187.093,187.02700000000002,0.1,0.1
01.04.2021 06:36:21.633 GMT-0700,187.072,187.03799999999998,0.1,0.1
01.04.2021 06:36:21.683 GMT-0700,187.113,187.05700000000002,0.1,0.1
01.04.2021 06:36:21.852 GMT-0700,187.102,187.058,0.0008,0.1
01.04.2021 06:36:22.560 GMT-0700,187.062,187.03799999999998,0.1,0.1
01.04.2021 06:36:22.611 GMT-0700,187.102,187.058,0.1,0.1
01.04.2021 06:36:22.999 GMT-0700,187.132,187.058,0.1,0.1
01.04.2021 06:36:23.049 GMT-0700,187.133,187.077,0.1,0.1
01.04.2021 06:36:23.281 GMT-0700,187.123,187.077,0.0008,0.1
01.04.2021 06:36:23.560 GMT-0700,187.083,187.067,0.1,0.1
01.04.2021 06:36:23.611 GMT-0700,187.132,187.088,0.1,0.1
01.04.2021 06:36:23.711 GMT-0700,187.122,187.03799999999998,0.1,0.1
01.04.2021 06:36:23.865 GMT-0700,187.122,187.03799999999998,0.1,0.1
01.04.2021 06:36:23.915 GMT-0700,187.123,187.037,0.1,0.1
01.04.2021 06:36:24.525 GMT-0700,187.122,187.03799999999998,0.1,0.1
01.04.2021 06:36:25.252 GMT-0700,187.113,187.05700000000002,0.1,0.1
01.04.2021 06:36:25.684 GMT-0700,187.103,187.05700000000002,0.1,0.1
01.04.2021 06:36:25.734 GMT-0700,187.123,187.05700000000002,0.1,0.1
01.04.2021 06:36:26.092 GMT-0700,187.132,187.058,0.1,0.1
01.04.2021 06:36:26.193 GMT-0700,187.122,187.058,0.1,0.1
01.04.2021 06:36:26.550 GMT-0700,187.11200000000002,187.058,0.0008,0.1
01.04.2021 06:36:27.128 GMT-0700,187.11200000000002,187.03799999999998,0.1,0.1
01.04.2021 06:36:27.179 GMT-0700,187.102,187.028,0.1,0.1
01.04.2021 06:36:27.229 GMT-0700,187.103,187.037,0.1,0.1
01.04.2021 06:36:27.279 GMT-0700,187.103,187.02700000000002,0.1,0.1
01.04.2021 06:36:27.518 GMT-0700,187.113,187.02700000000002,0.1,0.1
01.04.2021 06:36:27.629 GMT-0700,187.103,187.02700000000002,0.0008,0.1
01.04.2021 06:36:28.057 GMT-0700,187.102,187.028,0.1,0.1
01.04.2021 06:36:28.108 GMT-0700,187.102,187.028,0.1,0.1
01.04.2021 06:36:28.816 GMT-0700,187.103,187.02700000000002,0.1,0.1
01.04.2021 06:36:32.333 GMT-0700,187.083,187.037,0.1,0.075
01.04.2021 06:36:32.591 GMT-0700,187.073,187.037,0.0008,0.1
01.04.2021 06:36:32.768 GMT-0700,187.122,187.03799999999998,0.1,0.1
01.04.2021 06:36:32.818 GMT-0700,187.14200000000002,187.078,0.1,0.1
01.04.2021 06:36:32.919 GMT-0700,187.123,187.037,0.1,0.1
01.04.2021 06:36:33.019 GMT-0700,187.11200000000002,187.03799999999998,0.1,0.1
01.04.2021 06:36:33.170 GMT-0700,187.103,187.037,0.1,0.1
01.04.2021 06:36:33.317 GMT-0700,187.072,187.03799999999998,0.1,0.1
01.04.2021 06:36:33.367 GMT-0700,187.083,187.037,0.1,0.1
01.04.2021 06:36:33.594 GMT-0700,187.092,187.03799999999998,0.1,0.1
01.04.2021 06:36:33.777 GMT-0700,187.08200000000002,187.03799999999998,0.0008,0.1
01.04.2021 06:36:34.066 GMT-0700,187.072,187.03799999999998,0.1,0.1
01.04.2021 06:36:34.117 GMT-0700,187.042,186.988,0.1,0.1
01.04.2021 06:36:34.397 GMT-0700,187.042,186.998,0.1,0.1
01.04.2021 06:36:34.679 GMT-0700,187.093,186.997,0.1,0.1
01.04.2021 06:36:34.729 GMT-0700,187.092,187.018,0.1,0.1
01.04.2021 06:36:34.830 GMT-0700,187.102,187.018,0.1,0.1
01.04.2021 06:36:34.880 GMT-0700,187.102,187.028,0.1,0.1
01.04.2021 06:36:34.930 GMT-0700,187.103,187.01700000000002,0.1,0.1
01.04.2021 06:36:35.052 GMT-0700,187.083,187.01700000000002,0.0008,0.075
01.04.2021 06:36:35.102 GMT-0700,187.073,186.997,0.1,0.1
01.04.2021 06:36:35.175 GMT-0700,187.08200000000002,186.998,0.1,0.1
01.04.2021 06:36:35.513 GMT-0700,187.08200000000002,186.998,0.1,0.1
01.04.2021 06:36:35.614 GMT-0700,187.063,186.997,0.1,0.1
01.04.2021 06:36:36.002 GMT-0700,187.05200000000002,186.998,0.0008,0.1
01.04.2021 06:36:36.574 GMT-0700,187.063,186.997,0.1,0.1
01.04.2021 06:36:36.624 GMT-0700,187.062,187.008,0.1,0.1
01.04.2021 06:36:37.263 GMT-0700,187.05200000000002,186.998,0.1,0.1
01.04.2021 06:36:38.135 GMT-0700,187.072,186.998,0.1,0.1
01.04.2021 06:36:38.193 GMT-0700,187.062,186.998,0.0008,0.1
01.04.2021 06:36:38.434 GMT-0700,187.072,186.998,0.1,0.1
01.04.2021 06:36:38.485 GMT-0700,187.072,186.998,0.1,0.1
01.04.2021 06:36:39.082 GMT-0700,187.033,186.997,0.0008,0.1
01.04.2021 06:36:39.132 GMT-0700,187.003,186.937,0.1,0.1
01.04.2021 06:36:40.141 GMT-0700,186.993,186.937,0.0008,0.1
01.04.2021 06:36:40.475 GMT-0700,186.982,186.938,0.1,0.1
01.04.2021 06:36:40.576 GMT-0700,186.993,186.937,0.1,0.1
01.04.2021 06:36:41.520 GMT-0700,186.993,186.947,0.1,0.1
01.04.2021 06:36:41.777 GMT-0700,187.02200000000002,186.948,0.1,0.1
01.04.2021 06:36:41.827 GMT-0700,187.003,186.95700000000002,0.1,0.1
01.04.2021 06:36:41.878 GMT-0700,187.043,186.95700000000002,0.1,0.1
01.04.2021 06:36:42.005 GMT-0700,187.043,186.95700000000002,0.1,0.1
01.04.2021 06:36:42.397 GMT-0700,187.053,186.967,0.1,0.1
01.04.2021 06:36:42.996 GMT-0700,187.05200000000002,186.998,0.1,0.1
01.04.2021 06:36:43.271 GMT-0700,187.043,186.997,0.0008,0.1
01.04.2021 06:36:43.455 GMT-0700,187.002,186.998,0.0008,0.075
01.04.2021 06:36:43.505 GMT-0700,187.013,186.95700000000002,0.1,0.1
01.04.2021 06:36:43.640 GMT-0700,187.023,186.95700000000002,0.1,0.1
01.04.2021 06:36:44.013 GMT-0700,187.003,186.95700000000002,0.0008,0.1
01.04.2021 06:36:45.858 GMT-0700,187.02200000000002,186.958,0.1,0.1
01.04.2021 06:36:46.116 GMT-0700,187.012,186.958,0.0008,0.1
01.04.2021 06:36:46.229 GMT-0700,187.002,186.958,0.0008,0.1
01.04.2021 06:36:46.279 GMT-0700,187.012,186.958,0.1,0.1
01.04.2021 06:36:46.700 GMT-0700,187.023,186.95700000000002,0.1,0.1
01.04.2021 06:36:46.794 GMT-0700,187.033,186.977,0.1,0.1
01.04.2021 06:36:46.935 GMT-0700,187.012,186.968,0.1,0.075
01.04.2021 06:36:46.985 GMT-0700,187.033,186.95700000000002,0.1,0.1
01.04.2021 06:36:47.109 GMT-0700,187.02200000000002,186.958,0.0008,0.1
01.04.2021 06:36:47.394 GMT-0700,187.033,186.95700000000002,0.1,0.1
01.04.2021 06:36:47.485 GMT-0700,187.043,186.95700000000002,0.1,0.1
01.04.2021 06:36:47.644 GMT-0700,187.032,186.958,0.1,0.1
01.04.2021 06:36:47.831 GMT-0700,187.002,186.958,0.0008,0.1
01.04.2021 06:36:51.410 GMT-0700,187.002,186.958,0.1,0.1
01.04.2021 06:36:51.934 GMT-0700,187.003,186.988,0.0008,0.075
01.04.2021 06:36:51.984 GMT-0700,187.043,186.977,0.1,0.1
01.04.2021 06:36:52.882 GMT-0700,187.023,186.977,0.0008,0.1
01.04.2021 06:36:54.053 GMT-0700,187.012,186.978,0.0008,0.1
01.04.2021 06:36:54.103 GMT-0700,187.02200000000002,186.978,0.1,0.1
01.04.2021 06:36:54.660 GMT-0700,187.05200000000002,186.988,0.1,0.1
01.04.2021 06:36:54.711 GMT-0700,187.053,186.977,0.1,0.1
01.04.2021 06:36:54.770 GMT-0700,187.023,186.977,0.0008,0.1
01.04.2021 06:36:55.161 GMT-0700,187.02200000000002,186.978,0.1,0.1
01.04.2021 06:36:55.391 GMT-0700,187.02200000000002,186.988,0.1,0.1
01.04.2021 06:36:55.691 GMT-0700,187.023,186.98700000000002,0.1,0.1
01.04.2021 06:36:55.741 GMT-0700,187.02200000000002,186.988,0.1,0.1
01.04.2021 06:36:56.290 GMT-0700,187.053,186.98700000000002,0.1,0.1
