Local time,Ask,Bid,AskVolume,BidVolume
31.03.2021 06:30:00.204 GMT-0700,186.283,185.997,0.1,0.1
31.03.2021 06:30:01.285 GMT-0700,186.282,185.84799999999998,0.1,0.1
31.03.2021 06:30:02.205 GMT-0700,186.132,185.84799999999998,0.0008,0.1
31.03.2021 06:30:02.804 GMT-0700,185.893,185.73700000000002,0.1,0.1
31.03.2021 06:30:02.855 GMT-0700,186.282,185.738,0.1,0.1
31.03.2021 06:30:02.956 GMT-0700,186.283,185.73700000000002,0.1,0.1
31.03.2021 06:30:03.131 GMT-0700,185.843,185.73700000000002,0.0008,0.075
31.03.2021 06:30:03.181 GMT-0700,186.282,185.698,0.1,0.1
31.03.2021 06:30:03.279 GMT-0700,186.133,185.697,0.0008,0.1
31.03.2021 06:30:18.705 GMT-0700,186.283,185.697,0.1,0.1
31.03.2021 06:30:19.793 GMT-0700,186.113,185.697,0.0008,0.1
31.03.2021 06:30:20.000 GMT-0700,186.113,185.70700000000002,0.1,0.075
31.03.2021 06:30:20.050 GMT-0700,186.11200000000002,185.698,0.1,0.1
31.03.2021 06:30:20.659 GMT-0700,186.113,185.697,0.1,0.1
31.03.2021 06:30:20.709 GMT-0700,186.27200000000002,185.708,0.1,0.1
31.03.2021 06:30:20.816 GMT-0700,186.282,185.698,0.1,0.1
31.03.2021 06:30:21.705 GMT-0700,186.27200000000002,185.698,0.0008,0.1
31.03.2021 06:30:21.756 GMT-0700,186.283,185.697,0.1,0.1
31.03.2021 06:30:21.969 GMT-0700,186.122,185.698,0.1,0.1
31.03.2021 06:30:22.339 GMT-0700,186.122,185.708,0.1,0.075
31.03.2021 06:30:22.490 GMT-0700,186.123,185.697,0.1,0.1
31.03.2021 06:30:22.560 GMT-0700,186.042,185.698,0.0008,0.1
31.03.2021 06:30:22.610 GMT-0700,186.123,185.697,0.1,0.1
31.03.2021 06:30:22.866 GMT-0700,186.282,185.698,0.1,0.1
31.03.2021 06:30:23.372 GMT-0700,186.283,185.697,0.1,0.1
31.03.2021 06:30:23.506 GMT-0700,186.282,185.698,0.1,0.1
31.03.2021 06:30:24.061 GMT-0700,186.27200000000002,185.698,0.1,0.1
31.03.2021 06:30:24.430 GMT-0700,186.283,185.697,0.1,0.1
31.03.2021 06:30:25.122 GMT-0700,186.273,185.697,0.0008,0.1
31.03.2021 06:30:25.315 GMT-0700,186.283,185.697,0.1,0.1
31.03.2021 06:30:28.655 GMT-0700,186.273,185.697,0.0008,0.1
31.03.2021 06:30:28.837 GMT-0700,186.283,185.697,0.1,0.1
31.03.2021 06:30:29.799 GMT-0700,186.27200000000002,185.698,0.1,0.1
31.03.2021 06:30:30.149 GMT-0700,186.282,185.698,0.1,0.1
31.03.2021 06:30:30.654 GMT-0700,186.273,185.697,0.1,0.1
31.03.2021 06:30:31.051 GMT-0700,186.282,185.698,0.1,0.1
31.03.2021 06:30:31.874 GMT-0700,186.27200000000002,185.698,0.0008,0.1
31.03.2021 06:30:32.064 GMT-0700,186.283,185.697,0.1,0.1
31.03.2021 06:30:35.221 GMT-0700,186.273,185.697,0.1,0.1
31.03.2021 06:30:35.322 GMT-0700,186.062,185.948,0.1,0.1
31.03.2021 06:30:35.430 GMT-0700,186.08200000000002,185.948,0.1,0.1
31.03.2021 06:30:35.580 GMT-0700,186.283,185.947,0.1,0.1
31.03.2021 06:30:35.631 GMT-0700,186.282,186.09799999999998,0.1,0.1
31.03.2021 06:30:35.831 GMT-0700,186.222,186.148,0.1,0.1
31.03.2021 06:30:36.316 GMT-0700,186.283,186.14700000000002,0.1,0.1
31.03.2021 06:30:40.651 GMT-0700,186.342,186.238,0.1,0.1
31.03.2021 06:30:40.702 GMT-0700,186.573,186.27700000000002,0.1,0.1
31.03.2021 06:30:40.752 GMT-0700,186.352,186.278,0.1,0.1
31.03.2021 06:30:41.359 GMT-0700,186.352,186.218,0.1,0.1
31.03.2021 06:30:41.641 GMT-0700,186.352,186.148,0.1,0.1
31.03.2021 06:30:44.200 GMT-0700,186.433,186.287,0.1,0.1
31.03.2021 06:30:44.251 GMT-0700,186.433,186.27700000000002,0.1,0.1
31.03.2021 06:30:44.301 GMT-0700,186.433,186.287,0.1,0.1
31.03.2021 06:30:44.430 GMT-0700,186.433,186.287,0.1,0.1
31.03.2021 06:30:44.481 GMT-0700,186.433,186.287,0.1,0.1
31.03.2021 06:30:44.531 GMT-0700,186.382,186.28799999999998,0.1,0.1
31.03.2021 06:30:44.581 GMT-0700,186.383,186.27700000000002,0.1,0.1
31.03.2021 06:30:44.788 GMT-0700,186.43200000000002,186.278,0.1,0.1
31.03.2021 06:30:44.838 GMT-0700,186.573,186.287,0.1,0.1
31.03.2021 06:30:44.894 GMT-0700,186.422,186.28799999999998,0.0008,0.1
31.03.2021 06:30:45.046 GMT-0700,186.422,186.28799999999998,0.1,0.1
31.03.2021 06:30:47.264 GMT-0700,186.40200000000002,186.298,0.1,0.075
31.03.2021 06:30:47.315 GMT-0700,186.40200000000002,186.28799999999998,0.1,0.1
31.03.2021 06:30:48.959 GMT-0700,186.423,186.287,0.1,0.1
31.03.2021 06:30:49.148 GMT-0700,186.422,186.28799999999998,0.1,0.1
31.03.2021 06:30:50.123 GMT-0700,186.41299999999998,186.297,0.1,0.1
31.03.2021 06:30:50.173 GMT-0700,186.41299999999998,186.287,0.1,0.1
31.03.2021 06:30:50.223 GMT-0700,186.39200000000002,186.28799999999998,0.1,0.1
31.03.2021 06:30:50.274 GMT-0700,186.40200000000002,186.28799999999998,0.1,0.1
31.03.2021 06:30:51.865 GMT-0700,186.403,186.30700000000002,0.1,0.1
31.03.2021 06:30:52.088 GMT-0700,186.363,186.30700000000002,0.0008,0.075
31.03.2021 06:30:52.138 GMT-0700,186.40200000000002,186.28799999999998,0.1,0.1
31.03.2021 06:30:52.530 GMT-0700,186.403,186.26700000000002,0.1,0.1
31.03.2021 06:30:53.014 GMT-0700,186.412,186.268,0.1,0.1
31.03.2021 06:30:53.355 GMT-0700,186.412,186.278,0.1,0.075
31.03.2021 06:30:54.856 GMT-0700,186.40200000000002,186.278,0.1,0.1
31.03.2021 06:30:54.957 GMT-0700,186.40200000000002,186.298,0.1,0.1
31.03.2021 06:30:55.007 GMT-0700,186.58200000000002,186.378,0.1,0.1
31.03.2021 06:30:55.107 GMT-0700,186.533,186.287,0.1,0.1
31.03.2021 06:30:55.158 GMT-0700,186.452,186.278,0.1,0.1
31.03.2021 06:30:55.304 GMT-0700,186.453,186.287,0.1,0.075
31.03.2021 06:30:55.404 GMT-0700,186.453,186.27700000000002,0.1,0.1
31.03.2021 06:30:55.454 GMT-0700,186.533,186.407,0.1,0.1
31.03.2021 06:30:55.505 GMT-0700,186.49200000000002,186.28799999999998,0.1,0.1
31.03.2021 06:30:55.703 GMT-0700,186.503,186.287,0.1,0.1
31.03.2021 06:30:55.780 GMT-0700,186.553,186.287,0.1,0.1
31.03.2021 06:30:55.831 GMT-0700,186.55200000000002,186.278,0.1,0.1
31.03.2021 06:30:55.895 GMT-0700,186.553,186.347,0.1,0.075
31.03.2021 06:30:56.106 GMT-0700,186.503,186.347,0.1,0.1
31.03.2021 06:30:56.242 GMT-0700,186.55200000000002,186.34799999999998,0.1,0.1
31.03.2021 06:30:56.662 GMT-0700,186.55200000000002,186.468,0.0008,0.075
31.03.2021 06:30:56.712 GMT-0700,186.77200000000002,186.648,0.1,0.1
31.03.2021 06:30:58.854 GMT-0700,186.773,186.55700000000002,0.1,0.1
31.03.2021 06:31:02.616 GMT-0700,186.74200000000002,186.558,0.0008,0.1
31.03.2021 06:31:05.639 GMT-0700,186.662,186.558,0.0008,0.1
31.03.2021 06:31:05.954 GMT-0700,186.713,186.55700000000002,0.1,0.1
31.03.2021 06:31:06.853 GMT-0700,186.752,186.628,0.1,0.1
31.03.2021 06:31:06.904 GMT-0700,186.792,186.658,0.1,0.1
31.03.2021 06:31:07.310 GMT-0700,186.782,186.558,0.1,0.1
31.03.2021 06:31:07.618 GMT-0700,186.782,186.588,0.1,0.1
31.03.2021 06:31:07.730 GMT-0700,186.683,186.567,0.1,0.1
31.03.2021 06:31:08.946 GMT-0700,186.753,186.567,0.1,0.1
31.03.2021 06:31:12.924 GMT-0700,186.752,186.588,0.1,0.075
31.03.2021 06:31:13.024 GMT-0700,186.713,186.567,0.1,0.1
31.03.2021 06:31:14.099 GMT-0700,186.622,186.56799999999998,0.0008,0.1
31.03.2021 06:31:14.149 GMT-0700,186.64200000000002,186.548,0.1,0.1
31.03.2021 06:31:14.285 GMT-0700,186.71200000000002,186.56799999999998,0.1,0.1
31.03.2021 06:31:14.614 GMT-0700,186.71200000000002,186.548,0.1,0.1
31.03.2021 06:31:14.890 GMT-0700,186.71200000000002,186.548,0.1,0.1
31.03.2021 06:31:18.482 GMT-0700,186.71200000000002,186.548,0.1,0.1
31.03.2021 06:31:18.583 GMT-0700,186.71200000000002,186.548,0.1,0.1
31.03.2021 06:31:18.832 GMT-0700,186.713,186.547,0.1,0.1
31.03.2021 06:31:19.508 GMT-0700,186.713,186.547,0.1,0.1
31.03.2021 06:31:19.627 GMT-0700,186.713,186.547,0.1,0.1
31.03.2021 06:31:19.734 GMT-0700,186.71200000000002,186.56799999999998,0.1,0.1
31.03.2021 06:31:19.868 GMT-0700,186.71200000000002,186.548,0.1,0.1
31.03.2021 06:31:21.347 GMT-0700,186.71200000000002,186.448,0.1,0.1
31.03.2021 06:31:21.397 GMT-0700,186.563,186.347,0.1,0.1
31.03.2021 06:31:21.454 GMT-0700,186.563,186.39700000000002,0.1,0.075
31.03.2021 06:31:21.656 GMT-0700,186.562,186.34799999999998,0.1,0.1
31.03.2021 06:31:21.706 GMT-0700,186.483,186.30700000000002,0.1,0.1
31.03.2021 06:31:22.329 GMT-0700,186.442,186.268,0.1,0.1
31.03.2021 06:31:22.455 GMT-0700,186.44299999999998,186.30700000000002,0.1,0.1
31.03.2021 06:31:23.708 GMT-0700,186.442,186.268,0.1,0.1
31.03.2021 06:31:23.758 GMT-0700,186.44299999999998,186.297,0.1,0.1
31.03.2021 06:31:25.817 GMT-0700,186.442,186.328,0.0008,0.075
31.03.2021 06:31:25.867 GMT-0700,186.483,186.327,0.1,0.1
31.03.2021 06:31:25.917 GMT-0700,186.422,186.298,0.1,0.1
31.03.2021 06:31:26.723 GMT-0700,186.422,186.268,0.1,0.1
31.03.2021 06:31:27.024 GMT-0700,186.393,186.26700000000002,0.1,0.1
31.03.2021 06:31:27.125 GMT-0700,186.422,186.298,0.1,0.1
31.03.2021 06:31:30.754 GMT-0700,186.423,186.227,0.1,0.1
31.03.2021 06:31:30.804 GMT-0700,186.313,186.187,0.1,0.1
31.03.2021 06:31:30.855 GMT-0700,186.323,186.257,0.1,0.1
31.03.2021 06:31:30.905 GMT-0700,186.323,186.23700000000002,0.1,0.1
31.03.2021 06:31:31.031 GMT-0700,186.322,186.208,0.1,0.1
31.03.2021 06:31:31.081 GMT-0700,186.313,186.20700000000002,0.1,0.1
31.03.2021 06:31:31.832 GMT-0700,186.352,186.238,0.1,0.1
31.03.2021 06:31:31.882 GMT-0700,186.323,186.23700000000002,0.1,0.1
31.03.2021 06:31:32.017 GMT-0700,186.322,186.208,0.1,0.1
31.03.2021 06:31:32.067 GMT-0700,186.333,186.20700000000002,0.1,0.1
31.03.2021 06:31:32.259 GMT-0700,186.322,186.208,0.0008,0.1
31.03.2021 06:31:32.360 GMT-0700,186.313,186.20700000000002,0.1,0.1
31.03.2021 06:31:33.011 GMT-0700,186.312,186.188,0.1,0.1
31.03.2021 06:31:33.063 GMT-0700,186.313,186.20700000000002,0.1,0.075
31.03.2021 06:31:35.565 GMT-0700,186.313,186.187,0.1,0.1
31.03.2021 06:31:36.088 GMT-0700,186.313,186.20700000000002,0.1,0.1
31.03.2021 06:31:36.387 GMT-0700,186.312,186.188,0.1,0.1
31.03.2021 06:31:37.678 GMT-0700,186.312,186.208,0.1,0.075
31.03.2021 06:31:37.835 GMT-0700,186.322,186.208,0.1,0.1
31.03.2021 06:31:38.954 GMT-0700,186.372,186.208,0.1,0.1
31.03.2021 06:31:39.004 GMT-0700,186.46200000000002,186.31799999999998,0.1,0.1
31.03.2021 06:31:39.093 GMT-0700,186.463,186.317,0.1,0.1
31.03.2021 06:31:39.825 GMT-0700,186.482,186.328,0.1,0.1
31.03.2021 06:31:40.012 GMT-0700,186.482,186.328,0.1,0.1
31.03.2021 06:31:40.113 GMT-0700,186.453,186.327,0.1,0.1
31.03.2021 06:31:40.163 GMT-0700,186.483,186.327,0.1,0.1
31.03.2021 06:31:40.289 GMT-0700,186.482,186.358,0.1,0.1
31.03.2021 06:31:40.505 GMT-0700,186.482,186.34799999999998,0.1,0.1
31.03.2021 06:31:40.690 GMT-0700,186.453,186.347,0.1,0.1
31.03.2021 06:31:40.960 GMT-0700,186.452,186.358,0.1,0.1
31.03.2021 06:31:41.011 GMT-0700,186.482,186.358,0.1,0.1
31.03.2021 06:31:41.118 GMT-0700,186.482,186.34799999999998,0.1,0.1
31.03.2021 06:31:41.599 GMT-0700,186.453,186.347,0.1,0.1
31.03.2021 06:31:41.800 GMT-0700,186.452,186.34799999999998,0.1,0.1
31.03.2021 06:31:41.851 GMT-0700,186.483,186.357,0.1,0.1
31.03.2021 06:31:42.552 GMT-0700,186.483,186.387,0.0008,0.075
31.03.2021 06:31:45.150 GMT-0700,186.503,186.407,0.0008,0.1
31.03.2021 06:31:45.201 GMT-0700,186.532,186.408,0.1,0.1
31.03.2021 06:31:45.285 GMT-0700,186.573,186.407,0.1,0.1
31.03.2021 06:31:45.335 GMT-0700,186.573,186.45700000000002,0.1,0.1
31.03.2021 06:31:45.386 GMT-0700,186.55200000000002,186.458,0.1,0.1
31.03.2021 06:31:45.522 GMT-0700,186.562,186.458,0.1,0.1
31.03.2021 06:31:47.696 GMT-0700,186.553,186.45700000000002,0.1,0.1
31.03.2021 06:31:48.110 GMT-0700,186.55200000000002,186.458,0.1,0.1
31.03.2021 06:31:48.238 GMT-0700,186.542,186.488,0.1,0.075
31.03.2021 06:31:48.289 GMT-0700,186.542,186.458,0.1,0.1
31.03.2021 06:31:49.989 GMT-0700,186.543,186.45700000000002,0.1,0.1
31.03.2021 06:31:53.778 GMT-0700,186.533,186.477,0.0008,0.075
31.03.2021 06:31:53.829 GMT-0700,186.532,186.458,0.1,0.1
31.03.2021 06:31:54.346 GMT-0700,186.503,186.45700000000002,0.0008,0.075
31.03.2021 06:31:54.397 GMT-0700,186.572,186.438,0.1,0.1
31.03.2021 06:31:54.733 GMT-0700,186.573,186.477,0.0008,0.075
31.03.2021 06:31:54.783 GMT-0700,186.61200000000002,186.488,0.1,0.1
31.03.2021 06:31:55.893 GMT-0700,186.61200000000002,186.518,0.1,0.1
31.03.2021 06:31:55.943 GMT-0700,186.61200000000002,186.488,0.1,0.1
31.03.2021 06:31:57.720 GMT-0700,186.69299999999998,186.61700000000002,0.1,0.1
31.03.2021 06:31:57.770 GMT-0700,186.69299999999998,186.58700000000002,0.1,0.1
31.03.2021 06:32:02.791 GMT-0700,186.733,186.58700000000002,0.1,0.1
31.03.2021 06:32:03.456 GMT-0700,186.653,186.58700000000002,0.0008,0.075
31.03.2021 06:32:03.506 GMT-0700,186.722,186.608,0.1,0.1
31.03.2021 06:32:03.592 GMT-0700,186.722,186.608,0.1,0.1
31.03.2021 06:32:03.724 GMT-0700,186.71200000000002,186.608,0.1,0.1
31.03.2021 06:32:03.941 GMT-0700,186.72299999999998,186.61700000000002,0.1,0.1
31.03.2021 06:32:03.992 GMT-0700,186.722,186.638,0.1,0.1
31.03.2021 06:32:04.309 GMT-0700,186.722,186.618,0.1,0.1
31.03.2021 06:32:04.543 GMT-0700,186.713,186.607,0.1,0.1
31.03.2021 06:32:04.913 GMT-0700,186.71200000000002,186.588,0.1,0.1
31.03.2021 06:32:05.092 GMT-0700,186.713,186.58700000000002,0.1,0.1
31.03.2021 06:32:05.260 GMT-0700,186.72299999999998,186.61700000000002,0.1,0.1
31.03.2021 06:32:05.399 GMT-0700,186.72299999999998,186.637,0.1,0.1
31.03.2021 06:32:05.583 GMT-0700,186.722,186.618,0.1,0.1
31.03.2021 06:32:05.688 GMT-0700,186.672,186.618,0.0008,0.075
31.03.2021 06:32:05.738 GMT-0700,186.713,186.607,0.1,0.1
31.03.2021 06:32:05.789 GMT-0700,186.722,186.618,0.1,0.1
31.03.2021 06:32:06.010 GMT-0700,186.722,186.648,0.1,0.1
31.03.2021 06:32:06.153 GMT-0700,186.722,186.698,0.1,0.1
31.03.2021 06:32:06.426 GMT-0700,186.702,186.685,0.0008,0.075
31.03.2021 06:32:06.477 GMT-0700,186.703,186.61700000000002,0.1,0.1
31.03.2021 06:32:06.693 GMT-0700,186.71200000000002,186.618,0.1,0.1
31.03.2021 06:32:06.744 GMT-0700,186.713,186.607,0.1,0.1
31.03.2021 06:32:06.843 GMT-0700,186.713,186.607,0.1,0.1
31.03.2021 06:32:07.994 GMT-0700,186.713,186.607,0.1,0.1
31.03.2021 06:32:08.054 GMT-0700,186.71200000000002,186.608,0.1,0.1
31.03.2021 06:32:08.104 GMT-0700,186.713,186.607,0.1,0.1
31.03.2021 06:32:08.205 GMT-0700,186.71200000000002,186.608,0.1,0.1
31.03.2021 06:32:08.384 GMT-0700,186.733,186.627,0.1,0.1
31.03.2021 06:32:08.434 GMT-0700,186.733,186.637,0.1,0.1
31.03.2021 06:32:08.656 GMT-0700,186.733,186.71200000000002,0.0008,0.075
31.03.2021 06:32:08.706 GMT-0700,186.842,186.728,0.1,0.1
31.03.2021 06:32:08.757 GMT-0700,186.863,186.727,0.1,0.1
31.03.2021 06:32:08.807 GMT-0700,186.833,186.727,0.1,0.1
31.03.2021 06:32:09.324 GMT-0700,186.912,186.84799999999998,0.1,0.1
31.03.2021 06:32:09.375 GMT-0700,186.912,186.808,0.1,0.1
31.03.2021 06:32:09.475 GMT-0700,186.903,186.817,0.1,0.1
31.03.2021 06:32:09.644 GMT-0700,186.90200000000002,186.808,0.1,0.1
31.03.2021 06:32:10.176 GMT-0700,186.903,186.787,0.1,0.1
31.03.2021 06:32:10.319 GMT-0700,186.903,186.787,0.1,0.1
31.03.2021 06:32:10.603 GMT-0700,186.922,186.81799999999998,0.1,0.1
31.03.2021 06:32:11.070 GMT-0700,186.912,186.81799999999998,0.0008,0.1
31.03.2021 06:32:11.120 GMT-0700,186.922,186.81799999999998,0.1,0.1
31.03.2021 06:32:12.652 GMT-0700,186.922,186.81799999999998,0.1,0.1
31.03.2021 06:32:13.016 GMT-0700,186.903,186.817,0.0008,0.1
31.03.2021 06:32:14.109 GMT-0700,186.91299999999998,186.817,0.1,0.1
31.03.2021 06:32:14.212 GMT-0700,186.90200000000002,186.81799999999998,0.0008,0.1
31.03.2021 06:32:14.544 GMT-0700,186.882,186.798,0.1,0.1
31.03.2021 06:32:15.006 GMT-0700,186.863,186.797,0.0008,0.075
31.03.2021 06:32:15.056 GMT-0700,186.872,186.748,0.1,0.1
31.03.2021 06:32:15.158 GMT-0700,186.873,186.747,0.1,0.1
31.03.2021 06:32:15.412 GMT-0700,186.86200000000002,186.728,0.1,0.1
31.03.2021 06:32:15.462 GMT-0700,186.843,186.727,0.1,0.1
31.03.2021 06:32:16.149 GMT-0700,186.843,186.697,0.1,0.1
31.03.2021 06:32:16.199 GMT-0700,186.773,186.64700000000002,0.1,0.1
31.03.2021 06:32:16.249 GMT-0700,186.773,186.667,0.1,0.1
31.03.2021 06:32:16.514 GMT-0700,186.773,186.64700000000002,0.1,0.1
31.03.2021 06:32:16.574 GMT-0700,186.773,186.657,0.1,0.1
31.03.2021 06:32:16.918 GMT-0700,186.763,186.657,0.1,0.1
31.03.2021 06:32:19.335 GMT-0700,186.763,186.697,0.1,0.1
31.03.2021 06:32:20.267 GMT-0700,186.763,186.70700000000002,0.1,0.075
31.03.2021 06:32:20.317 GMT-0700,186.763,186.697,0.1,0.1
31.03.2021 06:32:20.691 GMT-0700,186.763,186.67700000000002,0.1,0.1
31.03.2021 06:32:20.856 GMT-0700,186.762,186.708,0.1,0.075
31.03.2021 06:32:21.024 GMT-0700,186.762,186.698,0.1,0.1
31.03.2021 06:32:21.157 GMT-0700,186.762,186.678,0.1,0.1
31.03.2021 06:32:21.425 GMT-0700,186.763,186.67700000000002,0.1,0.1
31.03.2021 06:32:21.475 GMT-0700,186.762,186.678,0.1,0.1
31.03.2021 06:32:23.705 GMT-0700,186.72299999999998,186.607,0.1,0.1
31.03.2021 06:32:23.755 GMT-0700,186.74200000000002,186.638,0.1,0.1
31.03.2021 06:32:24.039 GMT-0700,186.763,186.637,0.1,0.1
31.03.2021 06:32:24.462 GMT-0700,186.743,186.637,0.0008,0.1
31.03.2021 06:32:24.563 GMT-0700,186.762,186.638,0.1,0.1
31.03.2021 06:32:25.083 GMT-0700,186.763,186.637,0.1,0.1
31.03.2021 06:32:25.133 GMT-0700,186.762,186.638,0.1,0.1
31.03.2021 06:32:25.380 GMT-0700,186.763,186.657,0.1,0.1
31.03.2021 06:32:26.798 GMT-0700,186.762,186.658,0.1,0.1
31.03.2021 06:32:29.200 GMT-0700,186.733,186.67700000000002,0.1,0.1
31.03.2021 06:32:29.250 GMT-0700,186.752,186.678,0.1,0.1
31.03.2021 06:32:30.054 GMT-0700,186.762,186.678,0.1,0.1
31.03.2021 06:32:30.401 GMT-0700,186.733,186.657,0.1,0.1
31.03.2021 06:32:30.590 GMT-0700,186.753,186.657,0.1,0.1
31.03.2021 06:32:31.046 GMT-0700,186.782,186.698,0.1,0.1
31.03.2021 06:32:31.097 GMT-0700,186.77200000000002,186.658,0.1,0.1
31.03.2021 06:32:31.147 GMT-0700,186.773,186.667,0.1,0.1
31.03.2021 06:32:31.197 GMT-0700,186.80200000000002,186.678,0.1,0.1
31.03.2021 06:32:31.247 GMT-0700,186.783,186.67700000000002,0.1,0.1
31.03.2021 06:32:31.443 GMT-0700,186.763,186.667,0.1,0.1
31.03.2021 06:32:31.768 GMT-0700,186.782,186.668,0.1,0.1
31.03.2021 06:32:32.010 GMT-0700,186.782,186.668,0.1,0.1
31.03.2021 06:32:32.149 GMT-0700,186.783,186.67700000000002,0.1,0.1
31.03.2021 06:32:32.777 GMT-0700,186.783,186.697,0.1,0.1
31.03.2021 06:32:32.827 GMT-0700,186.782,186.698,0.1,0.1
31.03.2021 06:32:33.234 GMT-0700,186.782,186.678,0.1,0.1
31.03.2021 06:32:33.684 GMT-0700,186.783,186.697,0.1,0.075
31.03.2021 06:32:33.896 GMT-0700,186.863,186.747,0.1,0.1
31.03.2021 06:32:33.999 GMT-0700,186.833,186.76700000000002,0.1,0.1
31.03.2021 06:32:34.236 GMT-0700,186.83200000000002,186.758,0.1,0.1
31.03.2021 06:32:34.286 GMT-0700,186.833,186.76700000000002,0.1,0.1
31.03.2021 06:32:34.802 GMT-0700,186.823,186.70700000000002,0.1,0.1
31.03.2021 06:32:34.853 GMT-0700,186.843,186.70700000000002,0.1,0.1
31.03.2021 06:32:34.903 GMT-0700,186.843,186.73700000000002,0.1,0.1
31.03.2021 06:32:35.350 GMT-0700,186.813,186.70700000000002,0.1,0.1
31.03.2021 06:32:35.940 GMT-0700,186.812,186.708,0.1,0.1
31.03.2021 06:32:36.374 GMT-0700,186.83200000000002,186.708,0.1,0.1
31.03.2021 06:32:36.440 GMT-0700,186.83200000000002,186.728,0.1,0.1
31.03.2021 06:32:36.567 GMT-0700,186.83200000000002,186.718,0.1,0.1
31.03.2021 06:32:36.617 GMT-0700,186.823,186.717,0.1,0.1
31.03.2021 06:32:36.668 GMT-0700,186.822,186.728,0.1,0.1
31.03.2021 06:32:36.794 GMT-0700,186.833,186.727,0.1,0.1
31.03.2021 06:32:36.856 GMT-0700,186.822,186.728,0.0008,0.075
31.03.2021 06:32:36.906 GMT-0700,186.822,186.718,0.1,0.1
31.03.2021 06:32:36.959 GMT-0700,186.823,186.727,0.1,0.075
31.03.2021 06:32:37.060 GMT-0700,186.83200000000002,186.728,0.1,0.1
31.03.2021 06:32:37.169 GMT-0700,186.822,186.728,0.1,0.1
31.03.2021 06:32:37.221 GMT-0700,186.822,186.718,0.1,0.1
31.03.2021 06:32:37.416 GMT-0700,186.822,186.728,0.1,0.075
31.03.2021 06:32:37.516 GMT-0700,186.833,186.727,0.1,0.1
31.03.2021 06:32:37.713 GMT-0700,186.793,186.727,0.0008,0.075
31.03.2021 06:32:37.764 GMT-0700,186.813,186.717,0.1,0.1
31.03.2021 06:32:37.814 GMT-0700,186.80200000000002,186.708,0.1,0.1
31.03.2021 06:32:37.865 GMT-0700,186.803,186.697,0.1,0.1
31.03.2021 06:32:37.915 GMT-0700,186.813,186.70700000000002,0.1,0.1
31.03.2021 06:32:38.286 GMT-0700,186.792,186.688,0.1,0.1
31.03.2021 06:32:38.336 GMT-0700,186.793,186.67700000000002,0.1,0.1
31.03.2021 06:32:38.387 GMT-0700,186.803,186.697,0.1,0.1
31.03.2021 06:32:38.522 GMT-0700,186.803,186.687,0.1,0.1
31.03.2021 06:32:38.572 GMT-0700,186.792,186.688,0.1,0.1
31.03.2021 06:32:38.705 GMT-0700,186.792,186.688,0.1,0.1
31.03.2021 06:32:38.876 GMT-0700,186.793,186.67700000000002,0.1,0.1
31.03.2021 06:32:38.927 GMT-0700,186.792,186.698,0.1,0.1
31.03.2021 06:32:39.186 GMT-0700,186.792,186.688,0.1,0.1
31.03.2021 06:32:40.422 GMT-0700,186.793,186.657,0.1,0.1
31.03.2021 06:32:40.473 GMT-0700,186.833,186.727,0.1,0.1
31.03.2021 06:32:40.523 GMT-0700,186.792,186.698,0.1,0.1
31.03.2021 06:32:40.680 GMT-0700,186.86200000000002,186.78799999999998,0.1,0.1
31.03.2021 06:32:40.730 GMT-0700,186.86200000000002,186.768,0.1,0.1
31.03.2021 06:32:40.796 GMT-0700,186.882,186.78799999999998,0.1,0.1
31.03.2021 06:32:40.847 GMT-0700,186.883,186.76700000000002,0.1,0.1
31.03.2021 06:32:40.897 GMT-0700,186.883,186.797,0.1,0.1
31.03.2021 06:32:41.084 GMT-0700,186.883,186.787,0.1,0.1
31.03.2021 06:32:41.154 GMT-0700,186.893,186.787,0.1,0.1
31.03.2021 06:32:41.398 GMT-0700,186.882,186.768,0.1,0.1
31.03.2021 06:32:41.576 GMT-0700,186.86200000000002,186.768,0.0008,0.1
31.03.2021 06:32:41.626 GMT-0700,186.863,186.757,0.1,0.1
31.03.2021 06:32:41.681 GMT-0700,186.873,186.76700000000002,0.1,0.1
31.03.2021 06:32:42.097 GMT-0700,186.86200000000002,186.758,0.1,0.1
31.03.2021 06:32:42.232 GMT-0700,186.86200000000002,186.768,0.1,0.1
31.03.2021 06:32:42.394 GMT-0700,186.89200000000002,186.78799999999998,0.1,0.1
31.03.2021 06:32:42.494 GMT-0700,186.882,186.778,0.1,0.1
31.03.2021 06:32:42.874 GMT-0700,186.893,186.787,0.1,0.1
31.03.2021 06:32:43.083 GMT-0700,186.893,186.787,0.1,0.1
31.03.2021 06:32:43.133 GMT-0700,186.883,186.76700000000002,0.1,0.1
31.03.2021 06:32:43.501 GMT-0700,186.882,186.78799999999998,0.1,0.1
31.03.2021 06:32:43.551 GMT-0700,186.882,186.768,0.1,0.1
31.03.2021 06:32:43.751 GMT-0700,186.883,186.787,0.1,0.1
31.03.2021 06:32:43.801 GMT-0700,186.883,186.76700000000002,0.1,0.1
31.03.2021 06:32:44.097 GMT-0700,186.882,186.78799999999998,0.1,0.1
31.03.2021 06:32:44.147 GMT-0700,186.883,186.76700000000002,0.1,0.1
31.03.2021 06:32:44.198 GMT-0700,186.893,186.76700000000002,0.1,0.1
31.03.2021 06:32:44.248 GMT-0700,186.893,186.787,0.1,0.1
31.03.2021 06:32:44.348 GMT-0700,186.893,186.77700000000002,0.1,0.1
31.03.2021 06:32:44.399 GMT-0700,186.893,186.787,0.1,0.1
31.03.2021 06:32:44.629 GMT-0700,186.90200000000002,186.78799999999998,0.1,0.1
31.03.2021 06:32:45.059 GMT-0700,186.90200000000002,186.78799999999998,0.1,0.1
31.03.2021 06:32:47.081 GMT-0700,186.813,186.697,0.1,0.1
31.03.2021 06:32:47.132 GMT-0700,186.812,186.708,0.1,0.1
31.03.2021 06:32:47.233 GMT-0700,186.813,186.717,0.1,0.1
31.03.2021 06:32:47.370 GMT-0700,186.882,186.798,0.1,0.1
31.03.2021 06:32:47.470 GMT-0700,186.89200000000002,186.798,0.1,0.1
31.03.2021 06:32:47.587 GMT-0700,186.90200000000002,186.798,0.1,0.1
31.03.2021 06:32:48.141 GMT-0700,186.90200000000002,186.808,0.1,0.075
31.03.2021 06:32:48.191 GMT-0700,186.90200000000002,186.798,0.1,0.1
31.03.2021 06:32:48.259 GMT-0700,186.903,186.797,0.1,0.1
31.03.2021 06:32:48.309 GMT-0700,186.903,186.797,0.1,0.1
31.03.2021 06:32:48.524 GMT-0700,186.933,186.797,0.1,0.1
31.03.2021 06:32:48.574 GMT-0700,186.933,186.817,0.1,0.1
31.03.2021 06:32:48.633 GMT-0700,186.922,186.81799999999998,0.1,0.1
31.03.2021 06:32:49.057 GMT-0700,186.933,186.817,0.1,0.1
31.03.2021 06:32:49.349 GMT-0700,186.923,186.817,0.0008,0.1
31.03.2021 06:32:49.899 GMT-0700,186.90200000000002,186.798,0.1,0.1
31.03.2021 06:32:50.155 GMT-0700,186.90200000000002,186.798,0.1,0.1
31.03.2021 06:32:50.526 GMT-0700,186.89200000000002,186.798,0.1,0.1
31.03.2021 06:32:50.608 GMT-0700,186.843,186.797,0.0008,0.075
31.03.2021 06:32:50.659 GMT-0700,186.872,186.768,0.1,0.1
31.03.2021 06:32:50.709 GMT-0700,186.883,186.77700000000002,0.1,0.1
31.03.2021 06:32:50.910 GMT-0700,186.90200000000002,186.778,0.1,0.1
31.03.2021 06:32:50.960 GMT-0700,186.903,186.787,0.1,0.1
31.03.2021 06:32:51.809 GMT-0700,186.86200000000002,186.758,0.1,0.1
31.03.2021 06:32:51.859 GMT-0700,186.883,186.76700000000002,0.1,0.1
31.03.2021 06:32:52.111 GMT-0700,186.882,186.78799999999998,0.1,0.1
31.03.2021 06:32:52.284 GMT-0700,186.893,186.787,0.1,0.1
31.03.2021 06:32:52.617 GMT-0700,186.89200000000002,186.798,0.1,0.1
31.03.2021 06:32:52.668 GMT-0700,186.903,186.797,0.1,0.1
31.03.2021 06:32:53.019 GMT-0700,186.903,186.80700000000002,0.1,0.1
31.03.2021 06:32:53.407 GMT-0700,186.903,186.787,0.1,0.1
31.03.2021 06:32:53.457 GMT-0700,186.883,186.787,0.1,0.1
31.03.2021 06:32:53.582 GMT-0700,186.882,186.778,0.1,0.1
31.03.2021 06:32:53.702 GMT-0700,186.90200000000002,186.778,0.1,0.1
31.03.2021 06:32:53.753 GMT-0700,186.90200000000002,186.798,0.1,0.1
31.03.2021 06:32:54.010 GMT-0700,186.903,186.77700000000002,0.1,0.1
31.03.2021 06:32:54.060 GMT-0700,186.903,186.80700000000002,0.1,0.1
31.03.2021 06:32:54.624 GMT-0700,186.86200000000002,186.768,0.1,0.1
31.03.2021 06:32:54.678 GMT-0700,186.883,186.76700000000002,0.1,0.1
31.03.2021 06:32:54.882 GMT-0700,186.883,186.76700000000002,0.1,0.1
31.03.2021 06:32:54.933 GMT-0700,186.873,186.76700000000002,0.1,0.1
31.03.2021 06:32:55.018 GMT-0700,186.863,186.76700000000002,0.0008,0.075
31.03.2021 06:32:55.069 GMT-0700,186.86200000000002,186.748,0.1,0.1
31.03.2021 06:32:55.175 GMT-0700,186.872,186.768,0.1,0.1
31.03.2021 06:32:55.385 GMT-0700,186.882,186.768,0.1,0.1
31.03.2021 06:32:55.491 GMT-0700,186.882,186.78799999999998,0.1,0.1
31.03.2021 06:32:55.637 GMT-0700,186.872,186.768,0.1,0.1
31.03.2021 06:32:55.699 GMT-0700,186.853,186.747,0.1,0.1
31.03.2021 06:32:55.749 GMT-0700,186.863,186.747,0.1,0.1
31.03.2021 06:32:55.810 GMT-0700,186.872,186.748,0.1,0.1
31.03.2021 06:32:55.861 GMT-0700,186.873,186.76700000000002,0.1,0.1
31.03.2021 06:32:56.119 GMT-0700,186.873,186.76700000000002,0.1,0.1
31.03.2021 06:32:56.219 GMT-0700,186.872,186.768,0.1,0.1
31.03.2021 06:32:56.749 GMT-0700,186.853,186.76700000000002,0.0008,0.075
31.03.2021 06:32:56.800 GMT-0700,186.852,186.748,0.1,0.1
31.03.2021 06:32:57.146 GMT-0700,186.873,186.76700000000002,0.1,0.1
31.03.2021 06:32:58.044 GMT-0700,186.872,186.78799999999998,0.1,0.1
31.03.2021 06:32:59.027 GMT-0700,186.872,186.798,0.1,0.075
31.03.2021 06:32:59.127 GMT-0700,186.872,186.78799999999998,0.1,0.1
31.03.2021 06:32:59.349 GMT-0700,186.873,186.80700000000002,0.1,0.1
31.03.2021 06:32:59.399 GMT-0700,186.873,186.787,0.1,0.1
31.03.2021 06:32:59.487 GMT-0700,186.872,186.838,0.0008,0.075
31.03.2021 06:32:59.538 GMT-0700,186.933,186.817,0.1,0.1
31.03.2021 06:32:59.588 GMT-0700,186.912,186.808,0.1,0.1
31.03.2021 06:32:59.689 GMT-0700,186.903,186.80700000000002,0.1,0.1
31.03.2021 06:32:59.877 GMT-0700,186.903,186.787,0.1,0.1
31.03.2021 06:33:00.000 GMT-0700,186.903,186.80700000000002,0.1,0.1
31.03.2021 06:33:00.366 GMT-0700,186.903,186.80700000000002,0.1,0.1
31.03.2021 06:33:00.417 GMT-0700,186.882,186.768,0.1,0.1
31.03.2021 06:33:00.467 GMT-0700,186.893,186.787,0.1,0.1
31.03.2021 06:33:00.517 GMT-0700,186.903,186.787,0.1,0.1
31.03.2021 06:33:00.579 GMT-0700,186.893,186.787,0.1,0.1
31.03.2021 06:33:00.729 GMT-0700,186.923,186.817,0.1,0.1
31.03.2021 06:33:00.944 GMT-0700,186.882,186.81799999999998,0.0008,0.075
31.03.2021 06:33:00.994 GMT-0700,186.90200000000002,186.778,0.1,0.1
31.03.2021 06:33:01.050 GMT-0700,186.90200000000002,186.778,0.1,0.1
31.03.2021 06:33:01.464 GMT-0700,186.893,186.787,0.1,0.1
31.03.2021 06:33:01.714 GMT-0700,186.883,186.797,0.1,0.1
31.03.2021 06:33:01.764 GMT-0700,186.882,186.798,0.1,0.1
31.03.2021 06:33:01.865 GMT-0700,186.893,186.797,0.1,0.1
31.03.2021 06:33:01.923 GMT-0700,186.903,186.797,0.1,0.1
31.03.2021 06:33:01.973 GMT-0700,186.903,186.797,0.1,0.1
31.03.2021 06:33:02.030 GMT-0700,186.90200000000002,186.798,0.1,0.1
31.03.2021 06:33:02.130 GMT-0700,186.90200000000002,186.798,0.1,0.1
31.03.2021 06:33:02.258 GMT-0700,186.903,186.787,0.1,0.1
31.03.2021 06:33:02.689 GMT-0700,186.90200000000002,186.748,0.1,0.1
31.03.2021 06:33:02.739 GMT-0700,186.833,186.717,0.1,0.1
31.03.2021 06:33:02.790 GMT-0700,186.822,186.728,0.1,0.1
31.03.2021 06:33:02.933 GMT-0700,186.803,186.727,0.1,0.1
31.03.2021 06:33:03.621 GMT-0700,186.803,186.717,0.1,0.1
31.03.2021 06:33:03.769 GMT-0700,186.803,186.727,0.1,0.075
31.03.2021 06:33:04.013 GMT-0700,186.80200000000002,186.718,0.1,0.1
31.03.2021 06:33:04.159 GMT-0700,186.803,186.70700000000002,0.1,0.1
31.03.2021 06:33:04.259 GMT-0700,186.793,186.687,0.1,0.1
31.03.2021 06:33:04.446 GMT-0700,186.773,186.657,0.1,0.1
31.03.2021 06:33:04.497 GMT-0700,186.773,186.67700000000002,0.1,0.1
31.03.2021 06:33:04.547 GMT-0700,186.782,186.678,0.1,0.1
31.03.2021 06:33:04.598 GMT-0700,186.80200000000002,186.698,0.1,0.1
31.03.2021 06:33:04.712 GMT-0700,186.803,186.70700000000002,0.0008,0.1
31.03.2021 06:33:04.762 GMT-0700,186.812,186.708,0.1,0.1
31.03.2021 06:33:04.813 GMT-0700,186.813,186.717,0.1,0.1
31.03.2021 06:33:04.863 GMT-0700,186.812,186.708,0.1,0.1
31.03.2021 06:33:04.913 GMT-0700,186.813,186.717,0.1,0.1
31.03.2021 06:33:05.106 GMT-0700,186.813,186.70700000000002,0.1,0.1
31.03.2021 06:33:05.207 GMT-0700,186.792,186.708,0.0008,0.075
31.03.2021 06:33:05.262 GMT-0700,186.792,186.698,0.1,0.1
31.03.2021 06:33:05.398 GMT-0700,186.753,186.697,0.0008,0.075
31.03.2021 06:33:05.449 GMT-0700,186.653,186.577,0.1,0.1
31.03.2021 06:33:05.499 GMT-0700,186.633,186.567,0.1,0.1
31.03.2021 06:33:05.805 GMT-0700,186.633,186.52700000000002,0.1,0.1
31.03.2021 06:33:05.958 GMT-0700,186.633,186.547,0.1,0.075
31.03.2021 06:33:07.024 GMT-0700,186.632,186.578,0.1,0.075
31.03.2021 06:33:07.075 GMT-0700,186.622,186.528,0.1,0.1
31.03.2021 06:33:07.179 GMT-0700,186.633,186.52700000000002,0.1,0.1
31.03.2021 06:33:07.430 GMT-0700,186.623,186.52700000000002,0.0008,0.1
31.03.2021 06:33:07.921 GMT-0700,186.632,186.528,0.1,0.1
31.03.2021 06:33:08.161 GMT-0700,186.64200000000002,186.548,0.1,0.1
31.03.2021 06:33:08.464 GMT-0700,186.64200000000002,186.53799999999998,0.1,0.1
31.03.2021 06:33:08.515 GMT-0700,186.592,186.488,0.1,0.1
31.03.2021 06:33:08.665 GMT-0700,186.592,186.478,0.1,0.1
31.03.2021 06:33:08.716 GMT-0700,186.592,186.458,0.1,0.1
31.03.2021 06:33:08.767 GMT-0700,186.592,186.478,0.1,0.1
31.03.2021 06:33:08.886 GMT-0700,186.573,186.477,0.1,0.1
31.03.2021 06:33:08.989 GMT-0700,186.593,186.497,0.1,0.1
31.03.2021 06:33:09.096 GMT-0700,186.603,186.497,0.1,0.1
31.03.2021 06:33:09.150 GMT-0700,186.603,186.497,0.1,0.1
31.03.2021 06:33:09.280 GMT-0700,186.613,186.537,0.1,0.1
31.03.2021 06:33:09.330 GMT-0700,186.633,186.537,0.1,0.1
31.03.2021 06:33:09.577 GMT-0700,186.633,186.547,0.1,0.075
31.03.2021 06:33:09.627 GMT-0700,186.632,186.53799999999998,0.1,0.1
31.03.2021 06:33:09.841 GMT-0700,186.632,186.548,0.1,0.075
31.03.2021 06:33:09.892 GMT-0700,186.633,186.537,0.1,0.1
31.03.2021 06:33:10.061 GMT-0700,186.632,186.53799999999998,0.1,0.1
31.03.2021 06:33:10.303 GMT-0700,186.632,186.53799999999998,0.1,0.1
31.03.2021 06:33:10.581 GMT-0700,186.633,186.537,0.1,0.1
31.03.2021 06:33:11.172 GMT-0700,186.632,186.53799999999998,0.1,0.1
31.03.2021 06:33:11.504 GMT-0700,186.623,186.537,0.0008,0.1
31.03.2021 06:33:11.697 GMT-0700,186.632,186.53799999999998,0.1,0.1
31.03.2021 06:33:11.747 GMT-0700,186.633,186.537,0.1,0.1
31.03.2021 06:33:12.415 GMT-0700,186.633,186.537,0.1,0.1
31.03.2021 06:33:12.567 GMT-0700,186.632,186.53799999999998,0.1,0.1
31.03.2021 06:33:12.815 GMT-0700,186.633,186.537,0.1,0.1
31.03.2021 06:33:13.537 GMT-0700,186.632,186.498,0.1,0.1
31.03.2021 06:33:13.587 GMT-0700,186.632,186.53799999999998,0.1,0.1
31.03.2021 06:33:13.688 GMT-0700,186.623,186.537,0.1,0.1
31.03.2021 06:33:14.087 GMT-0700,186.592,186.518,0.1,0.1
31.03.2021 06:33:14.567 GMT-0700,186.65200000000002,186.53799999999998,0.1,0.1
31.03.2021 06:33:14.617 GMT-0700,186.65200000000002,186.548,0.1,0.1
31.03.2021 06:33:14.689 GMT-0700,186.662,186.548,0.1,0.1
31.03.2021 06:33:14.739 GMT-0700,186.662,186.558,0.1,0.1
31.03.2021 06:33:14.790 GMT-0700,186.662,186.56799999999998,0.1,0.1
31.03.2021 06:33:14.976 GMT-0700,186.653,186.567,0.0008,0.1
31.03.2021 06:33:15.147 GMT-0700,186.632,186.56799999999998,0.0008,0.1
31.03.2021 06:33:16.316 GMT-0700,186.633,186.567,0.1,0.1
31.03.2021 06:33:16.546 GMT-0700,186.633,186.567,0.1,0.1
31.03.2021 06:33:17.865 GMT-0700,186.643,186.567,0.1,0.1
31.03.2021 06:33:18.562 GMT-0700,186.653,186.567,0.1,0.1
31.03.2021 06:33:18.613 GMT-0700,186.603,186.55700000000002,0.1,0.1
31.03.2021 06:33:18.663 GMT-0700,186.622,186.558,0.1,0.1
31.03.2021 06:33:19.236 GMT-0700,186.632,186.558,0.1,0.1
31.03.2021 06:33:20.484 GMT-0700,186.623,186.55700000000002,0.0008,0.1
31.03.2021 06:33:20.916 GMT-0700,186.633,186.55700000000002,0.1,0.1
31.03.2021 06:33:20.967 GMT-0700,186.643,186.58700000000002,0.1,0.1
31.03.2021 06:33:21.017 GMT-0700,186.703,186.61700000000002,0.1,0.1
31.03.2021 06:33:21.118 GMT-0700,186.752,186.658,0.1,0.1
31.03.2021 06:33:21.168 GMT-0700,186.722,186.628,0.1,0.1
31.03.2021 06:33:21.278 GMT-0700,186.72299999999998,186.637,0.1,0.1
31.03.2021 06:33:21.328 GMT-0700,186.722,186.628,0.1,0.1
31.03.2021 06:33:21.405 GMT-0700,186.722,186.628,0.1,0.1
31.03.2021 06:33:21.676 GMT-0700,186.72299999999998,186.627,0.1,0.1
31.03.2021 06:33:21.730 GMT-0700,186.722,186.628,0.1,0.1
31.03.2021 06:33:21.830 GMT-0700,186.733,186.637,0.1,0.1
31.03.2021 06:33:21.881 GMT-0700,186.732,186.648,0.1,0.1
31.03.2021 06:33:21.931 GMT-0700,186.732,186.638,0.1,0.1
31.03.2021 06:33:21.981 GMT-0700,186.74200000000002,186.648,0.1,0.1
31.03.2021 06:33:22.110 GMT-0700,186.733,186.637,0.1,0.1
31.03.2021 06:33:22.263 GMT-0700,186.733,186.64700000000002,0.1,0.075
31.03.2021 06:33:22.313 GMT-0700,186.732,186.638,0.1,0.1
31.03.2021 06:33:22.373 GMT-0700,186.733,186.64700000000002,0.1,0.075
31.03.2021 06:33:22.423 GMT-0700,186.732,186.638,0.1,0.1
31.03.2021 06:33:22.569 GMT-0700,186.732,186.648,0.1,0.1
31.03.2021 06:33:22.917 GMT-0700,186.80200000000002,186.708,0.1,0.1
31.03.2021 06:33:22.967 GMT-0700,186.793,186.697,0.1,0.1
31.03.2021 06:33:23.193 GMT-0700,186.792,186.688,0.1,0.1
31.03.2021 06:33:23.244 GMT-0700,186.77200000000002,186.688,0.1,0.1
31.03.2021 06:33:23.613 GMT-0700,186.762,186.678,0.1,0.1
31.03.2021 06:33:23.720 GMT-0700,186.72299999999998,186.67700000000002,0.0008,0.001
31.03.2021 06:33:23.770 GMT-0700,186.813,186.717,0.1,0.1
31.03.2021 06:33:23.921 GMT-0700,186.853,186.757,0.1,0.1
31.03.2021 06:33:24.056 GMT-0700,186.86200000000002,186.768,0.1,0.1
31.03.2021 06:33:24.107 GMT-0700,186.882,186.778,0.1,0.1
31.03.2021 06:33:24.200 GMT-0700,186.882,186.778,0.1,0.1
31.03.2021 06:33:24.300 GMT-0700,186.883,186.77700000000002,0.1,0.1
31.03.2021 06:33:24.635 GMT-0700,186.883,186.77700000000002,0.1,0.1
31.03.2021 06:33:24.735 GMT-0700,186.882,186.778,0.1,0.1
31.03.2021 06:33:24.882 GMT-0700,186.86200000000002,186.778,0.0008,0.075
31.03.2021 06:33:24.932 GMT-0700,186.86200000000002,186.768,0.1,0.1
31.03.2021 06:33:25.225 GMT-0700,186.872,186.768,0.1,0.1
31.03.2021 06:33:25.319 GMT-0700,186.86200000000002,186.768,0.0008,0.1
31.03.2021 06:33:25.481 GMT-0700,186.872,186.768,0.1,0.1
31.03.2021 06:33:25.903 GMT-0700,186.86200000000002,186.768,0.0008,0.1
31.03.2021 06:33:26.136 GMT-0700,186.86200000000002,186.768,0.1,0.1
31.03.2021 06:33:27.136 GMT-0700,186.882,186.798,0.1,0.1
31.03.2021 06:33:27.280 GMT-0700,186.893,186.797,0.1,0.1
31.03.2021 06:33:27.499 GMT-0700,186.89200000000002,186.78799999999998,0.1,0.1
31.03.2021 06:33:27.550 GMT-0700,186.882,186.778,0.1,0.1
31.03.2021 06:33:27.667 GMT-0700,186.812,186.718,0.1,0.1
31.03.2021 06:33:27.718 GMT-0700,186.823,186.717,0.1,0.1
31.03.2021 06:33:27.768 GMT-0700,186.813,186.717,0.1,0.1
31.03.2021 06:33:27.933 GMT-0700,186.812,186.728,0.0008,0.075
31.03.2021 06:33:27.984 GMT-0700,186.813,186.70700000000002,0.1,0.1
31.03.2021 06:33:28.272 GMT-0700,186.793,186.687,0.1,0.1
31.03.2021 06:33:28.373 GMT-0700,186.763,186.657,0.1,0.1
31.03.2021 06:33:28.525 GMT-0700,186.763,186.67700000000002,0.0008,0.075
31.03.2021 06:33:28.576 GMT-0700,186.77200000000002,186.678,0.1,0.1
31.03.2021 06:33:29.067 GMT-0700,186.793,186.697,0.1,0.1
31.03.2021 06:33:29.206 GMT-0700,186.793,186.687,0.1,0.1
31.03.2021 06:33:29.657 GMT-0700,186.793,186.697,0.1,0.075
31.03.2021 06:33:29.708 GMT-0700,186.793,186.687,0.1,0.1
31.03.2021 06:33:29.763 GMT-0700,186.792,186.688,0.1,0.1
31.03.2021 06:33:29.814 GMT-0700,186.792,186.698,0.1,0.1
31.03.2021 06:33:29.982 GMT-0700,186.80200000000002,186.698,0.1,0.1
31.03.2021 06:33:30.032 GMT-0700,186.80200000000002,186.708,0.1,0.1
31.03.2021 06:33:30.224 GMT-0700,186.863,186.70700000000002,0.1,0.1
31.03.2021 06:33:30.274 GMT-0700,186.83200000000002,186.738,0.1,0.1
31.03.2021 06:33:30.375 GMT-0700,186.843,186.73700000000002,0.1,0.1
31.03.2021 06:33:30.549 GMT-0700,186.813,186.717,0.1,0.1
31.03.2021 06:33:30.650 GMT-0700,186.812,186.708,0.1,0.1
31.03.2021 06:33:30.737 GMT-0700,186.792,186.708,0.0008,0.075
31.03.2021 06:33:30.788 GMT-0700,186.792,186.698,0.1,0.1
31.03.2021 06:33:30.853 GMT-0700,186.792,186.708,0.1,0.075
31.03.2021 06:33:30.903 GMT-0700,186.80200000000002,186.708,0.1,0.1
31.03.2021 06:33:30.954 GMT-0700,186.813,186.717,0.1,0.1
31.03.2021 06:33:31.701 GMT-0700,186.812,186.708,0.1,0.1
31.03.2021 06:33:31.808 GMT-0700,186.813,186.70700000000002,0.1,0.1
31.03.2021 06:33:32.087 GMT-0700,186.812,186.718,0.1,0.1
31.03.2021 06:33:32.138 GMT-0700,186.83200000000002,186.728,0.1,0.1
31.03.2021 06:33:32.655 GMT-0700,186.822,186.728,0.0008,0.1
31.03.2021 06:33:32.799 GMT-0700,186.822,186.748,0.0008,0.075
31.03.2021 06:33:32.849 GMT-0700,186.843,186.747,0.1,0.1
31.03.2021 06:33:32.921 GMT-0700,186.86200000000002,186.748,0.1,0.1
31.03.2021 06:33:32.971 GMT-0700,186.86200000000002,186.758,0.1,0.1
31.03.2021 06:33:33.154 GMT-0700,186.863,186.747,0.1,0.1
31.03.2021 06:33:33.204 GMT-0700,186.843,186.747,0.1,0.1
31.03.2021 06:33:33.314 GMT-0700,186.86200000000002,186.748,0.1,0.1
31.03.2021 06:33:33.365 GMT-0700,186.86200000000002,186.798,0.1,0.1
31.03.2021 06:33:33.566 GMT-0700,186.86200000000002,186.768,0.1,0.1
31.03.2021 06:33:33.805 GMT-0700,186.792,186.698,0.1,0.1
31.03.2021 06:33:33.906 GMT-0700,186.823,186.717,0.1,0.1
31.03.2021 06:33:34.051 GMT-0700,186.823,186.717,0.1,0.1
31.03.2021 06:33:34.101 GMT-0700,186.822,186.718,0.1,0.1
31.03.2021 06:33:34.163 GMT-0700,186.822,186.718,0.1,0.1
31.03.2021 06:33:35.203 GMT-0700,186.793,186.727,0.1,0.075
31.03.2021 06:33:35.254 GMT-0700,186.792,186.708,0.1,0.1
31.03.2021 06:33:35.561 GMT-0700,186.793,186.70700000000002,0.1,0.1
31.03.2021 06:33:36.792 GMT-0700,186.792,186.728,0.1,0.1
31.03.2021 06:33:36.842 GMT-0700,186.792,186.718,0.1,0.1
31.03.2021 06:33:37.783 GMT-0700,186.83200000000002,186.718,0.1,0.1
31.03.2021 06:33:37.833 GMT-0700,186.83200000000002,186.778,0.1,0.1
31.03.2021 06:33:38.111 GMT-0700,186.863,186.77700000000002,0.1,0.1
31.03.2021 06:33:38.356 GMT-0700,186.86200000000002,186.78799999999998,0.1,0.075
31.03.2021 06:33:38.407 GMT-0700,186.872,186.778,0.1,0.1
31.03.2021 06:33:38.457 GMT-0700,186.872,186.798,0.1,0.1
31.03.2021 06:33:38.594 GMT-0700,186.94299999999998,186.83700000000002,0.1,0.1
31.03.2021 06:33:39.056 GMT-0700,186.942,186.778,0.1,0.1
31.03.2021 06:33:39.106 GMT-0700,186.882,186.78799999999998,0.1,0.1
31.03.2021 06:33:39.270 GMT-0700,186.883,186.77700000000002,0.1,0.1
31.03.2021 06:33:39.488 GMT-0700,186.883,186.787,0.1,0.1
31.03.2021 06:33:39.691 GMT-0700,186.893,186.787,0.1,0.1
31.03.2021 06:33:39.750 GMT-0700,186.89200000000002,186.808,0.0008,0.075
31.03.2021 06:33:39.800 GMT-0700,186.90200000000002,186.808,0.1,0.1
31.03.2021 06:33:40.377 GMT-0700,186.90200000000002,186.798,0.1,0.1
31.03.2021 06:33:40.716 GMT-0700,186.90200000000002,186.808,0.1,0.075
31.03.2021 06:33:40.867 GMT-0700,186.912,186.81799999999998,0.1,0.1
31.03.2021 06:33:41.025 GMT-0700,186.90200000000002,186.81799999999998,0.0008,0.075
31.03.2021 06:33:41.125 GMT-0700,186.922,186.81799999999998,0.1,0.1
31.03.2021 06:33:41.240 GMT-0700,186.912,186.81799999999998,0.0008,0.1
31.03.2021 06:33:41.290 GMT-0700,186.912,186.808,0.1,0.1
31.03.2021 06:33:41.429 GMT-0700,186.91299999999998,186.797,0.1,0.1
31.03.2021 06:33:41.479 GMT-0700,186.893,186.797,0.1,0.1
31.03.2021 06:33:41.949 GMT-0700,186.91299999999998,186.80700000000002,0.1,0.1
31.03.2021 06:33:42.121 GMT-0700,186.893,186.80700000000002,0.0008,0.075
31.03.2021 06:33:42.171 GMT-0700,186.893,186.797,0.1,0.1
31.03.2021 06:33:42.250 GMT-0700,186.83200000000002,186.798,0.0008,0.075
31.03.2021 06:33:42.300 GMT-0700,186.833,186.747,0.1,0.1
31.03.2021 06:33:42.351 GMT-0700,186.83200000000002,186.758,0.1,0.075
31.03.2021 06:33:42.480 GMT-0700,186.823,186.757,0.0008,0.1
31.03.2021 06:33:42.739 GMT-0700,186.822,186.748,0.1,0.1
31.03.2021 06:33:43.554 GMT-0700,186.822,186.768,0.1,0.075
31.03.2021 06:33:43.800 GMT-0700,186.823,186.747,0.1,0.1
31.03.2021 06:33:45.928 GMT-0700,186.752,186.748,0.0008,0.075
31.03.2021 06:33:45.978 GMT-0700,186.74200000000002,186.668,0.1,0.1
31.03.2021 06:33:47.117 GMT-0700,186.80200000000002,186.748,0.1,0.1
31.03.2021 06:33:47.167 GMT-0700,186.823,186.747,0.1,0.1
31.03.2021 06:33:47.480 GMT-0700,186.833,186.747,0.1,0.1
31.03.2021 06:33:48.136 GMT-0700,186.823,186.747,0.0008,0.1
31.03.2021 06:33:48.531 GMT-0700,186.83200000000002,186.748,0.1,0.1
31.03.2021 06:33:49.765 GMT-0700,186.833,186.77700000000002,0.1,0.1
31.03.2021 06:33:49.816 GMT-0700,186.833,186.757,0.1,0.1
31.03.2021 06:33:49.866 GMT-0700,186.813,186.747,0.1,0.1
31.03.2021 06:33:49.917 GMT-0700,186.822,186.748,0.1,0.1
31.03.2021 06:33:50.123 GMT-0700,186.782,186.668,0.1,0.1
31.03.2021 06:33:50.244 GMT-0700,186.752,186.628,0.1,0.1
31.03.2021 06:33:50.294 GMT-0700,186.732,186.628,0.1,0.1
31.03.2021 06:33:50.429 GMT-0700,186.753,186.64700000000002,0.1,0.1
31.03.2021 06:33:51.217 GMT-0700,186.773,186.667,0.1,0.1
31.03.2021 06:33:51.946 GMT-0700,186.733,186.64700000000002,0.0008,0.075
31.03.2021 06:33:51.997 GMT-0700,186.733,186.627,0.1,0.1
31.03.2021 06:33:52.097 GMT-0700,186.753,186.67700000000002,0.1,0.1
31.03.2021 06:33:52.363 GMT-0700,186.753,186.64700000000002,0.1,0.1
31.03.2021 06:33:53.076 GMT-0700,186.752,186.668,0.1,0.1
31.03.2021 06:33:53.126 GMT-0700,186.752,186.648,0.1,0.1
31.03.2021 06:33:53.271 GMT-0700,186.752,186.668,0.1,0.1
31.03.2021 06:33:53.819 GMT-0700,186.753,186.735,0.0008,0.075
31.03.2021 06:33:53.870 GMT-0700,186.823,186.70700000000002,0.1,0.1
31.03.2021 06:33:53.970 GMT-0700,186.803,186.70700000000002,0.1,0.1
31.03.2021 06:33:54.835 GMT-0700,186.792,186.708,0.1,0.1
31.03.2021 06:33:54.948 GMT-0700,186.793,186.717,0.1,0.075
31.03.2021 06:33:55.540 GMT-0700,186.793,186.70700000000002,0.1,0.1
31.03.2021 06:33:55.646 GMT-0700,186.792,186.698,0.1,0.1
31.03.2021 06:33:56.106 GMT-0700,186.793,186.70700000000002,0.1,0.1
31.03.2021 06:33:56.157 GMT-0700,186.792,186.698,0.1,0.1
31.03.2021 06:33:56.327 GMT-0700,186.792,186.708,0.1,0.075
31.03.2021 06:33:56.455 GMT-0700,186.792,186.698,0.1,0.1
31.03.2021 06:33:56.961 GMT-0700,186.792,186.708,0.1,0.075
31.03.2021 06:33:57.227 GMT-0700,186.793,186.697,0.1,0.1
31.03.2021 06:33:57.327 GMT-0700,186.782,186.708,0.1,0.1
31.03.2021 06:33:57.428 GMT-0700,186.783,186.687,0.1,0.1
31.03.2021 06:33:57.747 GMT-0700,186.763,186.687,0.0008,0.075
31.03.2021 06:33:57.797 GMT-0700,186.762,186.668,0.1,0.1
31.03.2021 06:33:57.936 GMT-0700,186.782,186.668,0.1,0.1
31.03.2021 06:33:58.309 GMT-0700,186.763,186.667,0.0008,0.1
31.03.2021 06:33:58.359 GMT-0700,186.763,186.64700000000002,0.1,0.1
31.03.2021 06:33:58.552 GMT-0700,186.74200000000002,186.648,0.0008,0.1
31.03.2021 06:33:58.936 GMT-0700,186.74200000000002,186.648,0.1,0.1
31.03.2021 06:33:58.986 GMT-0700,186.72299999999998,186.607,0.1,0.1
31.03.2021 06:33:59.047 GMT-0700,186.722,186.618,0.1,0.1
31.03.2021 06:33:59.282 GMT-0700,186.71200000000002,186.608,0.1,0.1
31.03.2021 06:33:59.332 GMT-0700,186.71200000000002,186.608,0.1,0.1
31.03.2021 06:33:59.488 GMT-0700,186.71200000000002,186.618,0.1,0.075
31.03.2021 06:33:59.539 GMT-0700,186.71200000000002,186.608,0.1,0.1
31.03.2021 06:33:59.589 GMT-0700,186.692,186.588,0.1,0.1
31.03.2021 06:33:59.830 GMT-0700,186.69299999999998,186.61700000000002,0.0008,0.075
31.03.2021 06:33:59.881 GMT-0700,186.692,186.588,0.1,0.1
31.03.2021 06:33:59.967 GMT-0700,186.71200000000002,186.588,0.1,0.1
31.03.2021 06:34:00.017 GMT-0700,186.71200000000002,186.608,0.1,0.1
31.03.2021 06:34:00.145 GMT-0700,186.71200000000002,186.588,0.1,0.1
31.03.2021 06:34:00.196 GMT-0700,186.672,186.56799999999998,0.1,0.1
31.03.2021 06:34:00.294 GMT-0700,186.672,186.548,0.1,0.1
31.03.2021 06:34:00.345 GMT-0700,186.653,186.547,0.1,0.1
31.03.2021 06:34:00.631 GMT-0700,186.633,186.547,0.0008,0.1
31.03.2021 06:34:00.754 GMT-0700,186.593,186.547,0.0008,0.075
31.03.2021 06:34:00.804 GMT-0700,186.592,186.498,0.1,0.1
31.03.2021 06:34:00.905 GMT-0700,186.61200000000002,186.508,0.1,0.1
31.03.2021 06:34:01.248 GMT-0700,186.61200000000002,186.498,0.1,0.1
31.03.2021 06:34:01.298 GMT-0700,186.592,186.498,0.1,0.1
31.03.2021 06:34:01.909 GMT-0700,186.61200000000002,186.498,0.1,0.1
31.03.2021 06:34:02.022 GMT-0700,186.613,186.497,0.1,0.1
31.03.2021 06:34:02.073 GMT-0700,186.623,186.51700000000002,0.1,0.1
31.03.2021 06:34:02.200 GMT-0700,186.61200000000002,186.518,0.0008,0.1
31.03.2021 06:34:02.702 GMT-0700,186.65200000000002,186.518,0.1,0.1
31.03.2021 06:34:02.764 GMT-0700,186.65200000000002,186.518,0.1,0.1
31.03.2021 06:34:02.873 GMT-0700,186.653,186.577,0.1,0.075
31.03.2021 06:34:02.923 GMT-0700,186.65200000000002,186.548,0.1,0.1
31.03.2021 06:34:03.387 GMT-0700,186.653,186.567,0.1,0.075
31.03.2021 06:34:03.800 GMT-0700,186.673,186.607,0.1,0.1
31.03.2021 06:34:04.291 GMT-0700,186.672,186.588,0.1,0.1
31.03.2021 06:34:04.382 GMT-0700,186.673,186.597,0.1,0.1
31.03.2021 06:34:04.489 GMT-0700,186.662,186.558,0.1,0.1
31.03.2021 06:34:04.539 GMT-0700,186.643,186.537,0.1,0.1
31.03.2021 06:34:04.639 GMT-0700,186.66299999999998,186.537,0.1,0.1
31.03.2021 06:34:04.690 GMT-0700,186.64200000000002,186.53799999999998,0.1,0.1
31.03.2021 06:34:04.800 GMT-0700,186.66299999999998,186.55700000000002,0.1,0.1
31.03.2021 06:34:04.995 GMT-0700,186.702,186.558,0.1,0.1
31.03.2021 06:34:05.046 GMT-0700,186.702,186.588,0.1,0.1
31.03.2021 06:34:05.096 GMT-0700,186.68200000000002,186.588,0.1,0.1
31.03.2021 06:34:05.146 GMT-0700,186.662,186.558,0.1,0.1
31.03.2021 06:34:05.361 GMT-0700,186.623,186.55700000000002,0.0008,0.075
31.03.2021 06:34:05.411 GMT-0700,186.623,186.51700000000002,0.1,0.1
31.03.2021 06:34:05.461 GMT-0700,186.66299999999998,186.55700000000002,0.1,0.1
31.03.2021 06:34:05.884 GMT-0700,186.68200000000002,186.558,0.1,0.1
31.03.2021 06:34:05.934 GMT-0700,186.622,186.518,0.1,0.1
31.03.2021 06:34:06.035 GMT-0700,186.61200000000002,186.528,0.1,0.1
31.03.2021 06:34:06.154 GMT-0700,186.61200000000002,186.518,0.1,0.1
31.03.2021 06:34:06.317 GMT-0700,186.623,186.51700000000002,0.1,0.1
31.03.2021 06:34:06.367 GMT-0700,186.622,186.528,0.1,0.1
31.03.2021 06:34:06.795 GMT-0700,186.603,186.497,0.1,0.1
31.03.2021 06:34:06.870 GMT-0700,186.622,186.498,0.1,0.1
31.03.2021 06:34:06.920 GMT-0700,186.623,186.51700000000002,0.1,0.1
31.03.2021 06:34:07.207 GMT-0700,186.623,186.52700000000002,0.1,0.1
31.03.2021 06:34:07.345 GMT-0700,186.613,186.52700000000002,0.1,0.1
31.03.2021 06:34:07.950 GMT-0700,186.61200000000002,186.518,0.1,0.1
31.03.2021 06:34:08.256 GMT-0700,186.613,186.51700000000002,0.1,0.1
31.03.2021 06:34:08.306 GMT-0700,186.61200000000002,186.518,0.1,0.1
31.03.2021 06:34:08.373 GMT-0700,186.61200000000002,186.528,0.1,0.1
31.03.2021 06:34:08.886 GMT-0700,186.61200000000002,186.528,0.1,0.1
31.03.2021 06:34:08.937 GMT-0700,186.61200000000002,186.498,0.1,0.1
31.03.2021 06:34:09.000 GMT-0700,186.61200000000002,186.528,0.1,0.1
31.03.2021 06:34:09.192 GMT-0700,186.61200000000002,186.518,0.1,0.1
31.03.2021 06:34:09.243 GMT-0700,186.613,186.52700000000002,0.1,0.1
31.03.2021 06:34:09.807 GMT-0700,186.61200000000002,186.548,0.1,0.075
31.03.2021 06:34:09.857 GMT-0700,186.61200000000002,186.528,0.1,0.1
31.03.2021 06:34:09.998 GMT-0700,186.61200000000002,186.528,0.1,0.1
31.03.2021 06:34:10.048 GMT-0700,186.613,186.497,0.1,0.1
31.03.2021 06:34:10.098 GMT-0700,186.592,186.498,0.1,0.1
31.03.2021 06:34:10.218 GMT-0700,186.61200000000002,186.498,0.1,0.1
31.03.2021 06:34:10.381 GMT-0700,186.61200000000002,186.518,0.1,0.1
31.03.2021 06:34:10.821 GMT-0700,186.61200000000002,186.498,0.1,0.1
31.03.2021 06:34:11.181 GMT-0700,186.613,186.51700000000002,0.1,0.1
31.03.2021 06:34:11.355 GMT-0700,186.61200000000002,186.498,0.1,0.1
31.03.2021 06:34:11.470 GMT-0700,186.613,186.51700000000002,0.1,0.075
31.03.2021 06:34:11.875 GMT-0700,186.572,186.518,0.0008,0.075
31.03.2021 06:34:11.925 GMT-0700,186.573,186.497,0.1,0.1
31.03.2021 06:34:12.095 GMT-0700,186.592,186.498,0.1,0.1
31.03.2021 06:34:12.324 GMT-0700,186.61200000000002,186.498,0.1,0.1
31.03.2021 06:34:12.430 GMT-0700,186.592,186.498,0.0008,0.1
31.03.2021 06:34:12.847 GMT-0700,186.592,186.498,0.1,0.1
31.03.2021 06:34:13.049 GMT-0700,186.55200000000002,186.498,0.0008,0.1
31.03.2021 06:34:13.099 GMT-0700,186.573,186.497,0.1,0.1
31.03.2021 06:34:13.150 GMT-0700,186.573,186.45700000000002,0.1,0.1
31.03.2021 06:34:13.424 GMT-0700,186.572,186.418,0.1,0.1
31.03.2021 06:34:13.474 GMT-0700,186.523,186.437,0.1,0.1
31.03.2021 06:34:13.898 GMT-0700,186.533,186.437,0.1,0.1
31.03.2021 06:34:13.948 GMT-0700,186.513,186.417,0.1,0.1
31.03.2021 06:34:14.049 GMT-0700,186.512,186.458,0.1,0.1
31.03.2021 06:34:14.273 GMT-0700,186.532,186.438,0.1,0.1
31.03.2021 06:34:14.369 GMT-0700,186.533,186.45700000000002,0.0008,0.075
31.03.2021 06:34:14.419 GMT-0700,186.55200000000002,186.448,0.1,0.1
31.03.2021 06:34:14.478 GMT-0700,186.553,186.45700000000002,0.1,0.075
31.03.2021 06:34:14.871 GMT-0700,186.553,186.447,0.1,0.1
31.03.2021 06:34:14.921 GMT-0700,186.533,186.447,0.1,0.1
31.03.2021 06:34:15.114 GMT-0700,186.562,186.458,0.1,0.1
31.03.2021 06:34:15.164 GMT-0700,186.55200000000002,186.458,0.1,0.1
31.03.2021 06:34:15.264 GMT-0700,186.562,186.458,0.1,0.1
31.03.2021 06:34:15.331 GMT-0700,186.542,186.458,0.0008,0.1
31.03.2021 06:34:16.035 GMT-0700,186.532,186.438,0.1,0.1
31.03.2021 06:34:16.317 GMT-0700,186.52200000000002,186.438,0.1,0.1
31.03.2021 06:34:16.487 GMT-0700,186.513,186.42700000000002,0.1,0.1
31.03.2021 06:34:16.537 GMT-0700,186.513,186.417,0.1,0.1
31.03.2021 06:34:16.587 GMT-0700,186.532,186.438,0.1,0.1
31.03.2021 06:34:16.961 GMT-0700,186.543,186.437,0.1,0.1
31.03.2021 06:34:17.560 GMT-0700,186.543,186.45700000000002,0.1,0.075
31.03.2021 06:34:17.815 GMT-0700,186.543,186.437,0.1,0.1
31.03.2021 06:34:17.866 GMT-0700,186.533,186.437,0.1,0.1
31.03.2021 06:34:18.072 GMT-0700,186.542,186.458,0.1,0.1
31.03.2021 06:34:18.405 GMT-0700,186.543,186.507,0.1,0.1
31.03.2021 06:34:18.455 GMT-0700,186.543,186.477,0.1,0.1
31.03.2021 06:34:18.891 GMT-0700,186.542,186.468,0.1,0.1
31.03.2021 06:34:19.001 GMT-0700,186.543,186.437,0.1,0.1
31.03.2021 06:34:19.101 GMT-0700,186.542,186.458,0.1,0.1
31.03.2021 06:34:19.221 GMT-0700,186.543,186.447,0.1,0.1
31.03.2021 06:34:19.431 GMT-0700,186.543,186.45700000000002,0.1,0.1
31.03.2021 06:34:19.482 GMT-0700,186.543,186.447,0.1,0.1
31.03.2021 06:34:19.542 GMT-0700,186.543,186.447,0.1,0.1
31.03.2021 06:34:19.935 GMT-0700,186.543,186.447,0.1,0.1
31.03.2021 06:34:20.002 GMT-0700,186.542,186.468,0.1,0.075
31.03.2021 06:34:20.347 GMT-0700,186.543,186.477,0.1,0.075
31.03.2021 06:34:20.397 GMT-0700,186.543,186.45700000000002,0.1,0.1
31.03.2021 06:34:20.670 GMT-0700,186.543,186.45700000000002,0.1,0.1
31.03.2021 06:34:21.968 GMT-0700,186.543,186.447,0.1,0.1
31.03.2021 06:34:22.222 GMT-0700,186.513,186.417,0.1,0.1
31.03.2021 06:34:22.988 GMT-0700,186.482,186.388,0.1,0.1
31.03.2021 06:34:23.145 GMT-0700,186.482,186.388,0.1,0.1
31.03.2021 06:34:23.196 GMT-0700,186.452,186.368,0.1,0.1
31.03.2021 06:34:23.303 GMT-0700,186.453,186.36700000000002,0.1,0.1
31.03.2021 06:34:24.150 GMT-0700,186.452,186.368,0.1,0.1
31.03.2021 06:34:24.407 GMT-0700,186.453,186.36700000000002,0.1,0.1
31.03.2021 06:34:26.000 GMT-0700,186.452,186.368,0.1,0.1
31.03.2021 06:34:27.022 GMT-0700,186.463,186.36700000000002,0.1,0.1
31.03.2021 06:34:27.129 GMT-0700,186.463,186.36700000000002,0.1,0.1
31.03.2021 06:34:27.716 GMT-0700,186.442,186.358,0.1,0.1
31.03.2021 06:34:27.817 GMT-0700,186.472,186.368,0.1,0.1
31.03.2021 06:34:27.868 GMT-0700,186.43200000000002,186.368,0.1,0.1
31.03.2021 06:34:28.026 GMT-0700,186.43200000000002,186.34799999999998,0.1,0.1
31.03.2021 06:34:28.940 GMT-0700,186.43200000000002,186.368,0.1,0.1
31.03.2021 06:34:29.397 GMT-0700,186.383,186.247,0.1,0.1
31.03.2021 06:34:29.448 GMT-0700,186.383,186.26700000000002,0.1,0.1
31.03.2021 06:34:29.556 GMT-0700,186.372,186.268,0.1,0.1
31.03.2021 06:34:29.777 GMT-0700,186.372,186.218,0.1,0.1
31.03.2021 06:34:29.827 GMT-0700,186.333,186.247,0.1,0.1
31.03.2021 06:34:30.431 GMT-0700,186.352,186.248,0.1,0.1
31.03.2021 06:34:30.657 GMT-0700,186.33200000000002,186.248,0.0008,0.1
31.03.2021 06:34:30.707 GMT-0700,186.313,186.217,0.1,0.1
31.03.2021 06:34:30.860 GMT-0700,186.30200000000002,186.218,0.0008,0.1
31.03.2021 06:34:30.961 GMT-0700,186.293,186.217,0.1,0.1
31.03.2021 06:34:32.877 GMT-0700,186.292,186.218,0.1,0.1
31.03.2021 06:34:33.268 GMT-0700,186.292,186.238,0.1,0.1
31.03.2021 06:34:33.758 GMT-0700,186.303,186.23700000000002,0.1,0.1
31.03.2021 06:34:34.097 GMT-0700,186.303,186.227,0.1,0.1
31.03.2021 06:34:34.147 GMT-0700,186.282,186.218,0.1,0.1
31.03.2021 06:34:34.664 GMT-0700,186.282,186.198,0.1,0.1
31.03.2021 06:34:35.703 GMT-0700,186.283,186.197,0.1,0.1
31.03.2021 06:34:35.753 GMT-0700,186.282,186.198,0.1,0.1
31.03.2021 06:34:36.267 GMT-0700,186.283,186.197,0.1,0.1
31.03.2021 06:34:38.175 GMT-0700,186.283,186.217,0.1,0.1
31.03.2021 06:34:38.315 GMT-0700,186.293,186.20700000000002,0.1,0.1
31.03.2021 06:34:38.369 GMT-0700,186.30200000000002,186.208,0.1,0.1
31.03.2021 06:34:40.413 GMT-0700,186.303,186.247,0.1,0.075
31.03.2021 06:34:40.463 GMT-0700,186.24200000000002,186.138,0.1,0.1
31.03.2021 06:34:40.514 GMT-0700,186.232,186.128,0.1,0.1
31.03.2021 06:34:40.626 GMT-0700,186.22299999999998,186.127,0.1,0.1
31.03.2021 06:34:40.677 GMT-0700,186.172,186.06799999999998,0.1,0.1
31.03.2021 06:34:40.728 GMT-0700,186.18200000000002,186.078,0.1,0.1
31.03.2021 06:34:40.779 GMT-0700,186.18200000000002,186.06799999999998,0.1,0.1
31.03.2021 06:34:40.829 GMT-0700,186.172,186.06799999999998,0.1,0.1
31.03.2021 06:34:41.765 GMT-0700,186.172,186.048,0.1,0.1
31.03.2021 06:34:41.828 GMT-0700,186.173,186.05700000000002,0.1,0.075
31.03.2021 06:34:41.937 GMT-0700,186.103,186.05700000000002,0.0008,0.075
31.03.2021 06:34:41.988 GMT-0700,186.122,186.018,0.1,0.1
31.03.2021 06:34:42.544 GMT-0700,186.123,186.007,0.1,0.1
31.03.2021 06:34:42.905 GMT-0700,186.122,186.018,0.1,0.1
31.03.2021 06:34:43.132 GMT-0700,186.102,185.998,0.1,0.1
31.03.2021 06:34:43.182 GMT-0700,186.122,186.008,0.1,0.1
31.03.2021 06:34:43.335 GMT-0700,186.103,186.007,0.0008,0.1
31.03.2021 06:34:43.435 GMT-0700,186.102,185.998,0.1,0.1
31.03.2021 06:34:43.509 GMT-0700,186.093,185.997,0.1,0.1
31.03.2021 06:34:43.717 GMT-0700,186.102,186.018,0.0008,0.075
31.03.2021 06:34:43.768 GMT-0700,186.122,186.008,0.1,0.1
31.03.2021 06:34:43.818 GMT-0700,186.123,186.01700000000002,0.1,0.1
31.03.2021 06:34:44.964 GMT-0700,186.123,186.01700000000002,0.1,0.1
31.03.2021 06:34:45.323 GMT-0700,186.102,186.018,0.1,0.1
31.03.2021 06:34:45.374 GMT-0700,186.102,186.018,0.1,0.1
31.03.2021 06:34:45.593 GMT-0700,186.083,185.997,0.1,0.1
31.03.2021 06:34:45.777 GMT-0700,186.103,186.007,0.1,0.1
31.03.2021 06:34:46.251 GMT-0700,186.11200000000002,186.008,0.1,0.1
31.03.2021 06:34:46.965 GMT-0700,186.113,186.007,0.1,0.1
31.03.2021 06:34:47.015 GMT-0700,186.123,186.01700000000002,0.1,0.1
31.03.2021 06:34:47.065 GMT-0700,186.103,186.007,0.1,0.1
31.03.2021 06:34:47.166 GMT-0700,186.102,185.998,0.1,0.1
31.03.2021 06:34:47.216 GMT-0700,186.093,185.997,0.1,0.1
31.03.2021 06:34:47.581 GMT-0700,186.103,185.997,0.1,0.1
31.03.2021 06:34:47.920 GMT-0700,186.102,185.998,0.1,0.1
31.03.2021 06:34:47.970 GMT-0700,186.143,186.037,0.1,0.1
31.03.2021 06:34:48.053 GMT-0700,186.143,186.037,0.1,0.1
31.03.2021 06:34:48.501 GMT-0700,186.11200000000002,186.03799999999998,0.1,0.1
31.03.2021 06:34:48.652 GMT-0700,186.102,186.058,0.1,0.1
31.03.2021 06:34:48.702 GMT-0700,186.103,186.01700000000002,0.1,0.1
31.03.2021 06:34:49.367 GMT-0700,186.103,186.007,0.1,0.1
31.03.2021 06:34:49.655 GMT-0700,186.093,185.997,0.1,0.1
31.03.2021 06:34:49.759 GMT-0700,186.092,185.998,0.1,0.1
31.03.2021 06:34:49.994 GMT-0700,186.083,186.007,0.0008,0.1
31.03.2021 06:34:53.374 GMT-0700,186.08200000000002,186.018,0.0008,0.075
31.03.2021 06:34:53.424 GMT-0700,186.103,186.007,0.1,0.1
31.03.2021 06:34:54.603 GMT-0700,186.102,185.998,0.1,0.1
31.03.2021 06:34:55.374 GMT-0700,186.08200000000002,185.998,0.0008,0.1
31.03.2021 06:34:55.736 GMT-0700,186.103,185.997,0.1,0.1
31.03.2021 06:34:55.844 GMT-0700,186.08200000000002,185.998,0.1,0.1
31.03.2021 06:34:58.408 GMT-0700,185.99200000000002,185.898,0.1,0.1
31.03.2021 06:34:58.786 GMT-0700,185.993,185.887,0.1,0.1
31.03.2021 06:34:59.164 GMT-0700,186.012,185.888,0.1,0.1
31.03.2021 06:34:59.477 GMT-0700,185.99200000000002,185.888,0.1,0.1
31.03.2021 06:34:59.675 GMT-0700,185.963,185.847,0.1,0.1
31.03.2021 06:34:59.725 GMT-0700,185.96200000000002,185.878,0.1,0.1
31.03.2021 06:35:00.132 GMT-0700,185.993,185.877,0.1,0.1
31.03.2021 06:35:00.183 GMT-0700,186.032,185.878,0.1,0.1
31.03.2021 06:35:00.233 GMT-0700,186.033,185.917,0.1,0.1
31.03.2021 06:35:00.578 GMT-0700,186.032,185.878,0.1,0.1
31.03.2021 06:35:00.745 GMT-0700,186.032,185.878,0.1,0.1
31.03.2021 06:35:01.264 GMT-0700,185.99200000000002,185.878,0.1,0.1
31.03.2021 06:35:01.365 GMT-0700,186.032,185.918,0.1,0.1
31.03.2021 06:35:01.951 GMT-0700,186.073,185.917,0.1,0.1
31.03.2021 06:35:02.002 GMT-0700,186.05200000000002,185.928,0.1,0.1
31.03.2021 06:35:02.418 GMT-0700,186.053,185.92700000000002,0.1,0.1
31.03.2021 06:35:02.468 GMT-0700,186.123,185.997,0.1,0.1
31.03.2021 06:35:02.518 GMT-0700,186.123,186.01700000000002,0.1,0.1
31.03.2021 06:35:04.078 GMT-0700,186.162,186.018,0.1,0.1
31.03.2021 06:35:04.129 GMT-0700,186.143,186.05700000000002,0.1,0.1
31.03.2021 06:35:04.381 GMT-0700,186.173,186.05700000000002,0.1,0.1
31.03.2021 06:35:04.488 GMT-0700,186.172,186.078,0.0008,0.075
31.03.2021 06:35:04.539 GMT-0700,186.192,186.078,0.1,0.1
31.03.2021 06:35:04.785 GMT-0700,186.19299999999998,186.05700000000002,0.1,0.1
31.03.2021 06:35:05.557 GMT-0700,186.192,186.058,0.1,0.1
31.03.2021 06:35:05.607 GMT-0700,186.192,186.058,0.1,0.1
31.03.2021 06:35:05.982 GMT-0700,186.19299999999998,186.05700000000002,0.1,0.1
31.03.2021 06:35:06.302 GMT-0700,186.19299999999998,186.05700000000002,0.1,0.1
31.03.2021 06:35:07.190 GMT-0700,186.19299999999998,186.05700000000002,0.1,0.1
31.03.2021 06:35:07.993 GMT-0700,186.222,186.078,0.1,0.1
31.03.2021 06:35:08.078 GMT-0700,186.19299999999998,186.077,0.0008,0.1
31.03.2021 06:35:08.128 GMT-0700,186.22299999999998,186.077,0.1,0.1
31.03.2021 06:35:08.570 GMT-0700,186.262,186.078,0.1,0.1
31.03.2021 06:35:08.621 GMT-0700,186.263,186.157,0.1,0.1
31.03.2021 06:35:10.168 GMT-0700,186.263,186.197,0.1,0.1
31.03.2021 06:35:11.148 GMT-0700,186.262,186.148,0.1,0.1
31.03.2021 06:35:11.198 GMT-0700,186.232,186.078,0.1,0.1
31.03.2021 06:35:11.256 GMT-0700,186.232,186.118,0.1,0.075
31.03.2021 06:35:11.306 GMT-0700,186.19299999999998,186.05700000000002,0.1,0.1
31.03.2021 06:35:11.770 GMT-0700,186.19299999999998,186.05700000000002,0.1,0.1
31.03.2021 06:35:12.392 GMT-0700,186.192,186.058,0.1,0.1
31.03.2021 06:35:12.651 GMT-0700,186.132,186.058,0.1,0.1
31.03.2021 06:35:12.702 GMT-0700,186.153,186.05700000000002,0.1,0.1
31.03.2021 06:35:12.822 GMT-0700,186.192,186.058,0.1,0.1
31.03.2021 06:35:12.872 GMT-0700,186.16299999999998,186.05700000000002,0.1,0.1
31.03.2021 06:35:13.026 GMT-0700,186.19299999999998,186.05700000000002,0.1,0.1
31.03.2021 06:35:13.077 GMT-0700,186.192,186.06799999999998,0.1,0.1
31.03.2021 06:35:13.161 GMT-0700,186.192,186.06799999999998,0.1,0.1
31.03.2021 06:35:13.211 GMT-0700,186.16299999999998,186.05700000000002,0.1,0.1
31.03.2021 06:35:13.384 GMT-0700,186.19299999999998,186.05700000000002,0.1,0.1
31.03.2021 06:35:13.489 GMT-0700,186.16299999999998,186.05700000000002,0.1,0.1
31.03.2021 06:35:13.802 GMT-0700,186.19299999999998,186.05700000000002,0.1,0.1
31.03.2021 06:35:13.852 GMT-0700,186.19299999999998,186.067,0.1,0.1
31.03.2021 06:35:16.567 GMT-0700,186.233,186.067,0.1,0.1
31.03.2021 06:35:16.617 GMT-0700,186.232,186.128,0.1,0.1
31.03.2021 06:35:16.740 GMT-0700,186.263,186.127,0.1,0.1
31.03.2021 06:35:17.263 GMT-0700,186.263,186.127,0.1,0.1
31.03.2021 06:35:17.363 GMT-0700,186.262,186.128,0.1,0.1
31.03.2021 06:35:17.691 GMT-0700,186.232,186.128,0.0008,0.1
31.03.2021 06:35:19.004 GMT-0700,186.233,186.05700000000002,0.1,0.1
31.03.2021 06:35:19.055 GMT-0700,186.153,186.05700000000002,0.1,0.1
31.03.2021 06:35:19.155 GMT-0700,186.19299999999998,186.077,0.1,0.1
31.03.2021 06:35:19.306 GMT-0700,186.232,186.078,0.1,0.1
31.03.2021 06:35:19.817 GMT-0700,186.263,186.077,0.1,0.1
31.03.2021 06:35:19.867 GMT-0700,186.263,186.11700000000002,0.1,0.1
31.03.2021 06:35:19.917 GMT-0700,186.22299999999998,186.097,0.1,0.1
31.03.2021 06:35:20.046 GMT-0700,186.19299999999998,186.097,0.1,0.1
31.03.2021 06:35:20.848 GMT-0700,186.213,186.097,0.1,0.1
31.03.2021 06:35:21.131 GMT-0700,186.262,186.128,0.1,0.1
31.03.2021 06:35:21.184 GMT-0700,186.243,186.127,0.0008,0.1
31.03.2021 06:35:21.285 GMT-0700,186.253,186.127,0.1,0.1
31.03.2021 06:35:21.362 GMT-0700,186.243,186.127,0.0008,0.1
31.03.2021 06:35:21.960 GMT-0700,186.253,186.127,0.1,0.1
31.03.2021 06:35:22.010 GMT-0700,186.252,186.148,0.1,0.1
31.03.2021 06:35:22.231 GMT-0700,186.253,186.14700000000002,0.1,0.1
31.03.2021 06:35:22.938 GMT-0700,186.263,186.157,0.1,0.1
31.03.2021 06:35:23.961 GMT-0700,186.282,186.158,0.1,0.1
31.03.2021 06:35:24.012 GMT-0700,186.282,186.208,0.1,0.1
31.03.2021 06:35:24.495 GMT-0700,186.283,186.247,0.1,0.075
31.03.2021 06:35:24.550 GMT-0700,186.322,186.248,0.1,0.1
31.03.2021 06:35:24.747 GMT-0700,186.322,186.248,0.1,0.1
31.03.2021 06:35:26.268 GMT-0700,186.383,186.247,0.1,0.1
31.03.2021 06:35:26.318 GMT-0700,186.372,186.258,0.1,0.1
31.03.2021 06:35:26.579 GMT-0700,186.353,186.257,0.1,0.1
31.03.2021 06:35:26.629 GMT-0700,186.40200000000002,186.278,0.1,0.1
31.03.2021 06:35:26.714 GMT-0700,186.382,186.308,0.1,0.1
31.03.2021 06:35:27.537 GMT-0700,186.373,186.30700000000002,0.0008,0.1
31.03.2021 06:35:27.881 GMT-0700,186.353,186.30700000000002,0.0008,0.1
31.03.2021 06:35:27.931 GMT-0700,186.372,186.28799999999998,0.1,0.1
31.03.2021 06:35:28.015 GMT-0700,186.373,186.287,0.1,0.1
31.03.2021 06:35:28.480 GMT-0700,186.372,186.28799999999998,0.1,0.1
31.03.2021 06:35:28.573 GMT-0700,186.422,186.28799999999998,0.1,0.1
31.03.2021 06:35:28.624 GMT-0700,186.41299999999998,186.297,0.1,0.1
31.03.2021 06:35:28.674 GMT-0700,186.44299999999998,186.327,0.1,0.1
31.03.2021 06:35:28.775 GMT-0700,186.422,186.308,0.1,0.1
31.03.2021 06:35:28.937 GMT-0700,186.412,186.31799999999998,0.0008,0.1
31.03.2021 06:35:28.988 GMT-0700,186.41299999999998,186.30700000000002,0.1,0.1
31.03.2021 06:35:29.092 GMT-0700,186.423,186.317,0.1,0.1
31.03.2021 06:35:29.204 GMT-0700,186.442,186.338,0.1,0.1
31.03.2021 06:35:29.254 GMT-0700,186.433,186.317,0.1,0.1
31.03.2021 06:35:29.313 GMT-0700,186.43200000000002,186.328,0.0008,0.075
31.03.2021 06:35:29.363 GMT-0700,186.44299999999998,186.327,0.1,0.1
31.03.2021 06:35:29.529 GMT-0700,186.422,186.328,0.0008,0.1
31.03.2021 06:35:29.630 GMT-0700,186.393,186.287,0.1,0.1
31.03.2021 06:35:29.680 GMT-0700,186.41299999999998,186.30700000000002,0.1,0.1
31.03.2021 06:35:29.781 GMT-0700,186.41299999999998,186.297,0.1,0.1
31.03.2021 06:35:29.979 GMT-0700,186.41299999999998,186.297,0.1,0.1
31.03.2021 06:35:30.029 GMT-0700,186.422,186.308,0.1,0.1
31.03.2021 06:35:30.080 GMT-0700,186.41299999999998,186.30700000000002,0.1,0.1
31.03.2021 06:35:30.274 GMT-0700,186.41299999999998,186.287,0.1,0.1
31.03.2021 06:35:30.324 GMT-0700,186.41299999999998,186.30700000000002,0.1,0.1
31.03.2021 06:35:30.374 GMT-0700,186.412,186.31799999999998,0.1,0.1
31.03.2021 06:35:30.616 GMT-0700,186.393,186.317,0.0008,0.1
31.03.2021 06:35:30.836 GMT-0700,186.40200000000002,186.31799999999998,0.1,0.1
31.03.2021 06:35:30.905 GMT-0700,186.39200000000002,186.31799999999998,0.1,0.1
31.03.2021 06:35:31.040 GMT-0700,186.382,186.258,0.1,0.1
31.03.2021 06:35:31.090 GMT-0700,186.372,186.268,0.1,0.1
31.03.2021 06:35:31.643 GMT-0700,186.373,186.297,0.0008,0.1
31.03.2021 06:35:31.743 GMT-0700,186.382,186.298,0.1,0.1
31.03.2021 06:35:31.794 GMT-0700,186.373,186.297,0.1,0.1
31.03.2021 06:35:32.339 GMT-0700,186.363,186.297,0.1,0.1
31.03.2021 06:35:32.468 GMT-0700,186.423,186.317,0.1,0.1
31.03.2021 06:35:32.519 GMT-0700,186.412,186.308,0.1,0.1
31.03.2021 06:35:33.034 GMT-0700,186.422,186.328,0.1,0.1
31.03.2021 06:35:33.362 GMT-0700,186.393,186.287,0.1,0.1
31.03.2021 06:35:33.412 GMT-0700,186.40200000000002,186.298,0.1,0.1
31.03.2021 06:35:33.514 GMT-0700,186.403,186.287,0.1,0.1
31.03.2021 06:35:33.564 GMT-0700,186.40200000000002,186.28799999999998,0.1,0.1
31.03.2021 06:35:33.614 GMT-0700,186.403,186.297,0.1,0.1
31.03.2021 06:35:33.824 GMT-0700,186.40200000000002,186.278,0.1,0.1
31.03.2021 06:35:33.874 GMT-0700,186.39200000000002,186.278,0.1,0.1
31.03.2021 06:35:34.400 GMT-0700,186.40200000000002,186.278,0.1,0.1
31.03.2021 06:35:34.450 GMT-0700,186.393,186.27700000000002,0.1,0.1
31.03.2021 06:35:34.648 GMT-0700,186.393,186.27700000000002,0.1,0.1
31.03.2021 06:35:34.749 GMT-0700,186.40200000000002,186.31799999999998,0.1,0.1
31.03.2021 06:35:34.849 GMT-0700,186.423,186.317,0.1,0.1
31.03.2021 06:35:34.900 GMT-0700,186.412,186.308,0.1,0.1
31.03.2021 06:35:34.957 GMT-0700,186.422,186.308,0.1,0.1
31.03.2021 06:35:35.009 GMT-0700,186.423,186.30700000000002,0.1,0.1
31.03.2021 06:35:35.262 GMT-0700,186.422,186.31799999999998,0.1,0.1
31.03.2021 06:35:35.503 GMT-0700,186.453,186.327,0.1,0.1
31.03.2021 06:35:35.553 GMT-0700,186.483,186.387,0.1,0.1
31.03.2021 06:35:35.704 GMT-0700,186.46200000000002,186.358,0.1,0.1
31.03.2021 06:35:35.804 GMT-0700,186.472,186.368,0.1,0.1
31.03.2021 06:35:36.097 GMT-0700,186.482,186.388,0.1,0.1
31.03.2021 06:35:36.212 GMT-0700,186.46200000000002,186.388,0.1,0.1
31.03.2021 06:35:36.471 GMT-0700,186.46200000000002,186.388,0.1,0.1
31.03.2021 06:35:36.756 GMT-0700,186.463,186.387,0.1,0.1
31.03.2021 06:35:38.109 GMT-0700,186.463,186.36700000000002,0.1,0.1
31.03.2021 06:35:38.159 GMT-0700,186.44299999999998,186.357,0.1,0.1
31.03.2021 06:35:38.241 GMT-0700,186.44299999999998,186.36700000000002,0.1,0.1
31.03.2021 06:35:38.291 GMT-0700,186.442,186.358,0.1,0.1
31.03.2021 06:35:38.554 GMT-0700,186.43200000000002,186.358,0.0008,0.1
31.03.2021 06:35:38.725 GMT-0700,186.46200000000002,186.358,0.1,0.1
31.03.2021 06:35:38.789 GMT-0700,186.453,186.357,0.1,0.1
31.03.2021 06:35:39.001 GMT-0700,186.452,186.368,0.1,0.075
31.03.2021 06:35:40.195 GMT-0700,186.453,186.357,0.1,0.1
31.03.2021 06:35:40.321 GMT-0700,186.453,186.357,0.1,0.1
31.03.2021 06:35:40.636 GMT-0700,186.423,186.327,0.1,0.1
31.03.2021 06:35:40.737 GMT-0700,186.433,186.357,0.1,0.1
31.03.2021 06:35:41.532 GMT-0700,186.43200000000002,186.338,0.1,0.1
31.03.2021 06:35:41.658 GMT-0700,186.43200000000002,186.328,0.1,0.1
31.03.2021 06:35:41.814 GMT-0700,186.423,186.327,0.1,0.1
31.03.2021 06:35:41.940 GMT-0700,186.41299999999998,186.287,0.1,0.1
31.03.2021 06:35:41.990 GMT-0700,186.39200000000002,186.278,0.1,0.1
31.03.2021 06:35:42.116 GMT-0700,186.39200000000002,186.308,0.1,0.075
31.03.2021 06:35:42.326 GMT-0700,186.423,186.327,0.1,0.1
31.03.2021 06:35:42.426 GMT-0700,186.41299999999998,186.30700000000002,0.1,0.1
31.03.2021 06:35:42.594 GMT-0700,186.41299999999998,186.317,0.1,0.1
31.03.2021 06:35:42.899 GMT-0700,186.412,186.298,0.1,0.1
31.03.2021 06:35:42.984 GMT-0700,186.41299999999998,186.297,0.1,0.1
31.03.2021 06:35:43.333 GMT-0700,186.41299999999998,186.30700000000002,0.1,0.1
31.03.2021 06:35:43.582 GMT-0700,186.412,186.308,0.1,0.1
31.03.2021 06:35:43.889 GMT-0700,186.412,186.298,0.1,0.1
31.03.2021 06:35:43.958 GMT-0700,186.39200000000002,186.298,0.0008,0.1
31.03.2021 06:35:44.008 GMT-0700,186.39200000000002,186.298,0.1,0.1
31.03.2021 06:35:44.062 GMT-0700,186.39200000000002,186.28799999999998,0.1,0.1
31.03.2021 06:35:44.487 GMT-0700,186.393,186.30700000000002,0.1,0.1
31.03.2021 06:35:44.928 GMT-0700,186.39200000000002,186.278,0.1,0.1
31.03.2021 06:35:44.979 GMT-0700,186.382,186.308,0.1,0.1
31.03.2021 06:35:45.080 GMT-0700,186.383,186.27700000000002,0.1,0.1
31.03.2021 06:35:45.130 GMT-0700,186.382,186.298,0.1,0.1
31.03.2021 06:35:46.020 GMT-0700,186.43200000000002,186.298,0.1,0.1
31.03.2021 06:35:46.070 GMT-0700,186.412,186.308,0.1,0.1
31.03.2021 06:35:46.120 GMT-0700,186.423,186.317,0.1,0.1
31.03.2021 06:35:46.221 GMT-0700,186.39200000000002,186.298,0.1,0.1
31.03.2021 06:35:46.371 GMT-0700,186.40200000000002,186.31799999999998,0.1,0.1
31.03.2021 06:35:46.854 GMT-0700,186.403,186.317,0.1,0.1
31.03.2021 06:35:47.093 GMT-0700,186.40200000000002,186.31799999999998,0.1,0.1
31.03.2021 06:35:47.937 GMT-0700,186.403,186.30700000000002,0.1,0.1
31.03.2021 06:35:48.283 GMT-0700,186.40200000000002,186.298,0.1,0.1
31.03.2021 06:35:48.351 GMT-0700,186.403,186.30700000000002,0.1,0.1
31.03.2021 06:35:48.479 GMT-0700,186.39200000000002,186.308,0.1,0.075
31.03.2021 06:35:48.529 GMT-0700,186.40200000000002,186.298,0.1,0.1
31.03.2021 06:35:48.772 GMT-0700,186.382,186.298,0.0008,0.1
31.03.2021 06:35:48.968 GMT-0700,186.383,186.287,0.1,0.1
31.03.2021 06:35:49.898 GMT-0700,186.382,186.278,0.1,0.1
31.03.2021 06:35:50.078 GMT-0700,186.383,186.27700000000002,0.1,0.1
31.03.2021 06:35:50.529 GMT-0700,186.372,186.308,0.0008,0.1
31.03.2021 06:35:50.630 GMT-0700,186.372,186.278,0.1,0.1
31.03.2021 06:35:52.177 GMT-0700,186.373,186.27700000000002,0.1,0.1
31.03.2021 06:35:52.292 GMT-0700,186.315,186.308,0.0008,0.075
31.03.2021 06:35:52.343 GMT-0700,186.383,186.297,0.1,0.1
31.03.2021 06:35:52.443 GMT-0700,186.372,186.278,0.1,0.1
31.03.2021 06:35:52.914 GMT-0700,186.353,186.257,0.1,0.1
31.03.2021 06:35:52.964 GMT-0700,186.36200000000002,186.258,0.1,0.1
31.03.2021 06:35:53.020 GMT-0700,186.353,186.257,0.0008,0.1
31.03.2021 06:35:53.133 GMT-0700,186.353,186.27700000000002,0.1,0.075
31.03.2021 06:35:53.674 GMT-0700,186.352,186.268,0.1,0.1
31.03.2021 06:35:53.793 GMT-0700,186.353,186.27700000000002,0.1,0.075
31.03.2021 06:35:54.494 GMT-0700,186.363,186.27700000000002,0.1,0.1
31.03.2021 06:35:54.712 GMT-0700,186.373,186.27700000000002,0.1,0.1
31.03.2021 06:35:54.813 GMT-0700,186.373,186.297,0.1,0.1
31.03.2021 06:35:54.868 GMT-0700,186.373,186.297,0.1,0.1
31.03.2021 06:35:55.808 GMT-0700,186.373,186.30700000000002,0.1,0.1
31.03.2021 06:35:55.970 GMT-0700,186.472,186.31799999999998,0.1,0.1
31.03.2021 06:35:56.020 GMT-0700,186.452,186.358,0.1,0.1
31.03.2021 06:35:56.071 GMT-0700,186.422,186.328,0.1,0.1
31.03.2021 06:35:56.221 GMT-0700,186.433,186.327,0.1,0.1
31.03.2021 06:35:56.304 GMT-0700,186.412,186.328,0.1,0.1
31.03.2021 06:35:56.580 GMT-0700,186.433,186.33700000000002,0.1,0.1
31.03.2021 06:35:56.631 GMT-0700,186.40200000000002,186.298,0.1,0.1
31.03.2021 06:35:56.681 GMT-0700,186.412,186.308,0.1,0.1
31.03.2021 06:35:56.789 GMT-0700,186.412,186.31799999999998,0.1,0.1
31.03.2021 06:35:56.839 GMT-0700,186.422,186.31799999999998,0.1,0.1
31.03.2021 06:35:56.961 GMT-0700,186.433,186.33700000000002,0.1,0.1
31.03.2021 06:35:57.063 GMT-0700,186.452,186.358,0.1,0.1
31.03.2021 06:35:57.280 GMT-0700,186.44299999999998,186.357,0.0008,0.075
31.03.2021 06:35:57.330 GMT-0700,186.44299999999998,186.347,0.1,0.1
31.03.2021 06:35:57.889 GMT-0700,186.442,186.34799999999998,0.1,0.1
31.03.2021 06:35:58.074 GMT-0700,186.442,186.34799999999998,0.1,0.1
31.03.2021 06:35:58.144 GMT-0700,186.442,186.34799999999998,0.1,0.1
31.03.2021 06:35:58.194 GMT-0700,186.44299999999998,186.347,0.1,0.1
31.03.2021 06:35:58.368 GMT-0700,186.44299999999998,186.347,0.1,0.1
31.03.2021 06:35:59.624 GMT-0700,186.442,186.34799999999998,0.1,0.1
31.03.2021 06:36:00.668 GMT-0700,186.452,186.34799999999998,0.1,0.1
31.03.2021 06:36:00.718 GMT-0700,186.533,186.45700000000002,0.1,0.1
31.03.2021 06:36:00.902 GMT-0700,186.503,186.45700000000002,0.0008,0.1
31.03.2021 06:36:01.003 GMT-0700,186.46200000000002,186.378,0.1,0.1
31.03.2021 06:36:01.118 GMT-0700,186.482,186.368,0.1,0.1
31.03.2021 06:36:01.219 GMT-0700,186.49200000000002,186.388,0.1,0.1
31.03.2021 06:36:01.389 GMT-0700,186.49200000000002,186.388,0.1,0.1
31.03.2021 06:36:02.737 GMT-0700,186.502,186.388,0.1,0.1
31.03.2021 06:36:02.805 GMT-0700,186.503,186.387,0.1,0.1
31.03.2021 06:36:03.473 GMT-0700,186.49200000000002,186.418,0.1,0.075
31.03.2021 06:36:04.545 GMT-0700,186.493,186.407,0.1,0.1
31.03.2021 06:36:04.682 GMT-0700,186.49200000000002,186.398,0.1,0.1
31.03.2021 06:36:04.929 GMT-0700,186.49200000000002,186.398,0.1,0.1
31.03.2021 06:36:05.716 GMT-0700,186.503,186.417,0.1,0.1
31.03.2021 06:36:05.954 GMT-0700,186.513,186.407,0.1,0.1
31.03.2021 06:36:06.009 GMT-0700,186.512,186.408,0.1,0.1
31.03.2021 06:36:06.249 GMT-0700,186.502,186.408,0.1,0.1
31.03.2021 06:36:06.371 GMT-0700,186.512,186.408,0.1,0.1
31.03.2021 06:36:06.421 GMT-0700,186.52200000000002,186.418,0.1,0.1
31.03.2021 06:36:06.743 GMT-0700,186.533,186.417,0.1,0.1
31.03.2021 06:36:06.793 GMT-0700,186.532,186.438,0.1,0.1
31.03.2021 06:36:06.904 GMT-0700,186.483,186.437,0.0008,0.1
31.03.2021 06:36:06.955 GMT-0700,186.503,186.437,0.1,0.1
31.03.2021 06:36:07.023 GMT-0700,186.542,186.438,0.1,0.1
31.03.2021 06:36:07.074 GMT-0700,186.543,186.497,0.1,0.1
31.03.2021 06:36:07.179 GMT-0700,186.533,186.497,0.0008,0.1
31.03.2021 06:36:07.789 GMT-0700,186.533,186.507,0.0008,0.075
31.03.2021 06:36:07.839 GMT-0700,186.543,186.497,0.1,0.1
31.03.2021 06:36:07.904 GMT-0700,186.513,186.498,0.0008,0.1
31.03.2021 06:36:08.005 GMT-0700,186.542,186.508,0.1,0.1
31.03.2021 06:36:08.554 GMT-0700,186.592,186.498,0.1,0.1
31.03.2021 06:36:08.604 GMT-0700,186.593,186.497,0.1,0.1
31.03.2021 06:36:08.655 GMT-0700,186.58200000000002,186.498,0.1,0.1
31.03.2021 06:36:08.705 GMT-0700,186.592,186.498,0.1,0.1
31.03.2021 06:36:08.912 GMT-0700,186.58200000000002,186.498,0.1,0.1
31.03.2021 06:36:10.846 GMT-0700,186.572,186.498,0.1,0.1
31.03.2021 06:36:10.896 GMT-0700,186.543,186.437,0.1,0.1
31.03.2021 06:36:10.997 GMT-0700,186.543,186.437,0.1,0.1
31.03.2021 06:36:11.190 GMT-0700,186.532,186.458,0.0008,0.1
31.03.2021 06:36:16.518 GMT-0700,186.532,186.458,0.1,0.1
31.03.2021 06:36:18.281 GMT-0700,186.532,186.51700000000002,0.0008,0.075
31.03.2021 06:36:18.331 GMT-0700,186.543,186.45700000000002,0.1,0.1
31.03.2021 06:36:18.542 GMT-0700,186.543,186.45700000000002,0.1,0.1
31.03.2021 06:36:20.361 GMT-0700,186.523,186.437,0.1,0.1
31.03.2021 06:36:21.033 GMT-0700,186.512,186.428,0.1,0.075
31.03.2021 06:36:21.083 GMT-0700,186.502,186.398,0.1,0.1
31.03.2021 06:36:21.156 GMT-0700,186.502,186.398,0.1,0.1
31.03.2021 06:36:21.316 GMT-0700,186.502,186.408,0.1,0.1
31.03.2021 06:36:21.366 GMT-0700,186.503,186.407,0.1,0.1
31.03.2021 06:36:21.750 GMT-0700,186.503,186.39700000000002,0.1,0.1
31.03.2021 06:36:21.802 GMT-0700,186.502,186.398,0.1,0.1
31.03.2021 06:36:21.916 GMT-0700,186.502,186.418,0.1,0.075
31.03.2021 06:36:22.027 GMT-0700,186.513,186.417,0.1,0.1
31.03.2021 06:36:22.078 GMT-0700,186.513,186.42700000000002,0.1,0.1
31.03.2021 06:36:22.129 GMT-0700,186.512,186.418,0.1,0.1
31.03.2021 06:36:22.184 GMT-0700,186.502,186.418,0.0008,0.1
31.03.2021 06:36:22.288 GMT-0700,186.542,186.448,0.1,0.1
31.03.2021 06:36:22.339 GMT-0700,186.533,186.447,0.0008,0.075
31.03.2021 06:36:22.389 GMT-0700,186.533,186.437,0.1,0.1
31.03.2021 06:36:22.445 GMT-0700,186.532,186.448,0.1,0.075
31.03.2021 06:36:22.865 GMT-0700,186.543,186.447,0.1,0.1
31.03.2021 06:36:22.915 GMT-0700,186.543,186.45700000000002,0.1,0.1
31.03.2021 06:36:23.337 GMT-0700,186.542,186.458,0.1,0.1
31.03.2021 06:36:23.387 GMT-0700,186.583,186.497,0.1,0.1
31.03.2021 06:36:24.077 GMT-0700,186.58200000000002,186.498,0.1,0.1
31.03.2021 06:36:24.127 GMT-0700,186.632,186.53799999999998,0.1,0.1
31.03.2021 06:36:24.402 GMT-0700,186.633,186.537,0.1,0.1
31.03.2021 06:36:25.110 GMT-0700,186.632,186.53799999999998,0.1,0.1
31.03.2021 06:36:25.188 GMT-0700,186.632,186.528,0.1,0.1
31.03.2021 06:36:25.239 GMT-0700,186.622,186.528,0.1,0.1
31.03.2021 06:36:26.254 GMT-0700,186.622,186.53799999999998,0.1,0.075
31.03.2021 06:36:26.304 GMT-0700,186.632,186.53799999999998,0.1,0.1
31.03.2021 06:36:27.339 GMT-0700,186.632,186.578,0.0008,0.075
31.03.2021 06:36:27.389 GMT-0700,186.662,186.558,0.1,0.1
31.03.2021 06:36:27.982 GMT-0700,186.64200000000002,186.558,0.0008,0.1
31.03.2021 06:36:28.082 GMT-0700,186.662,186.558,0.1,0.1
31.03.2021 06:36:28.562 GMT-0700,186.643,186.55700000000002,0.0008,0.1
31.03.2021 06:36:29.902 GMT-0700,186.653,186.567,0.1,0.1
31.03.2021 06:36:30.010 GMT-0700,186.662,186.56799999999998,0.1,0.1
31.03.2021 06:36:30.512 GMT-0700,186.66299999999998,186.577,0.0008,0.075
31.03.2021 06:36:30.562 GMT-0700,186.672,186.578,0.1,0.1
31.03.2021 06:36:32.739 GMT-0700,186.673,186.537,0.1,0.1
31.03.2021 06:36:32.790 GMT-0700,186.623,186.52700000000002,0.1,0.1
31.03.2021 06:36:33.047 GMT-0700,186.623,186.51700000000002,0.1,0.1
31.03.2021 06:36:33.150 GMT-0700,186.622,186.508,0.1,0.1
31.03.2021 06:36:33.383 GMT-0700,186.573,186.507,0.0008,0.075
31.03.2021 06:36:33.434 GMT-0700,186.583,186.477,0.1,0.1
31.03.2021 06:36:33.527 GMT-0700,186.572,186.478,0.1,0.1
31.03.2021 06:36:33.681 GMT-0700,186.573,186.42700000000002,0.1,0.1
31.03.2021 06:36:33.732 GMT-0700,186.55200000000002,186.428,0.1,0.1
31.03.2021 06:36:33.782 GMT-0700,186.553,186.447,0.1,0.1
31.03.2021 06:36:34.942 GMT-0700,186.533,186.447,0.0008,0.075
31.03.2021 06:36:34.993 GMT-0700,186.533,186.42700000000002,0.1,0.1
31.03.2021 06:36:35.406 GMT-0700,186.513,186.42700000000002,0.0008,0.075
31.03.2021 06:36:35.456 GMT-0700,186.512,186.398,0.1,0.1
31.03.2021 06:36:35.507 GMT-0700,186.513,186.407,0.1,0.1
31.03.2021 06:36:35.557 GMT-0700,186.512,186.398,0.1,0.1
31.03.2021 06:36:35.805 GMT-0700,186.513,186.39700000000002,0.1,0.1
31.03.2021 06:36:36.341 GMT-0700,186.513,186.417,0.1,0.075
31.03.2021 06:36:37.263 GMT-0700,186.513,186.407,0.1,0.1
31.03.2021 06:36:37.313 GMT-0700,186.49200000000002,186.398,0.1,0.1
31.03.2021 06:36:37.364 GMT-0700,186.512,186.398,0.1,0.1
31.03.2021 06:36:37.414 GMT-0700,186.502,186.408,0.1,0.1
31.03.2021 06:36:37.611 GMT-0700,186.502,186.418,0.1,0.1
31.03.2021 06:36:37.861 GMT-0700,186.523,186.417,0.1,0.1
31.03.2021 06:36:37.998 GMT-0700,186.493,186.417,0.0008,0.075
31.03.2021 06:36:38.559 GMT-0700,186.49200000000002,186.408,0.1,0.1
31.03.2021 06:36:38.909 GMT-0700,186.49200000000002,186.398,0.1,0.1
31.03.2021 06:36:40.340 GMT-0700,186.502,186.408,0.1,0.1
31.03.2021 06:36:40.479 GMT-0700,186.493,186.407,0.0008,0.1
31.03.2021 06:36:45.144 GMT-0700,186.49200000000002,186.398,0.1,0.1
31.03.2021 06:36:45.774 GMT-0700,186.472,186.418,0.1,0.1
31.03.2021 06:36:45.824 GMT-0700,186.493,186.417,0.1,0.1
31.03.2021 06:36:45.930 GMT-0700,186.513,186.39700000000002,0.1,0.1
31.03.2021 06:36:46.565 GMT-0700,186.49200000000002,186.418,0.1,0.1
31.03.2021 06:36:48.104 GMT-0700,186.493,186.39700000000002,0.1,0.1
31.03.2021 06:36:49.210 GMT-0700,186.483,186.39700000000002,0.0008,0.1
31.03.2021 06:36:50.342 GMT-0700,186.482,186.388,0.1,0.1
31.03.2021 06:36:51.332 GMT-0700,186.483,186.377,0.1,0.1
31.03.2021 06:36:52.227 GMT-0700,186.472,186.378,0.1,0.1
31.03.2021 06:36:52.277 GMT-0700,186.442,186.328,0.1,0.1
31.03.2021 06:36:52.351 GMT-0700,186.44299999999998,186.347,0.1,0.1
31.03.2021 06:36:52.602 GMT-0700,186.442,186.328,0.1,0.1
31.03.2021 06:36:53.123 GMT-0700,186.442,186.328,0.1,0.1
31.03.2021 06:36:53.560 GMT-0700,186.46200000000002,186.34799999999998,0.1,0.1
31.03.2021 06:36:53.774 GMT-0700,186.44299999999998,186.347,0.1,0.1
31.03.2021 06:36:53.916 GMT-0700,186.372,186.278,0.1,0.1
31.03.2021 06:36:54.037 GMT-0700,186.372,186.28799999999998,0.1,0.1
31.03.2021 06:36:54.129 GMT-0700,186.373,186.27700000000002,0.1,0.1
31.03.2021 06:36:54.230 GMT-0700,186.373,186.287,0.1,0.1
31.03.2021 06:36:55.685 GMT-0700,186.373,186.27700000000002,0.1,0.1
31.03.2021 06:36:56.442 GMT-0700,186.373,186.27700000000002,0.1,0.1
31.03.2021 06:36:57.263 GMT-0700,186.342,186.278,0.1,0.1
31.03.2021 06:36:57.841 GMT-0700,186.323,186.227,0.1,0.1
31.03.2021 06:36:58.017 GMT-0700,186.312,186.228,0.0008,0.075
31.03.2021 06:36:58.067 GMT-0700,186.303,186.197,0.1,0.1
31.03.2021 06:36:58.798 GMT-0700,186.30200000000002,186.198,0.1,0.1
31.03.2021 06:36:59.800 GMT-0700,186.303,186.197,0.1,0.1
31.03.2021 06:36:59.851 GMT-0700,186.283,186.187,0.1,0.1
31.03.2021 06:37:00.051 GMT-0700,186.262,186.148,0.1,0.1
31.03.2021 06:37:00.114 GMT-0700,186.262,186.168,0.1,0.075
31.03.2021 06:37:01.132 GMT-0700,186.263,186.157,0.1,0.1
31.03.2021 06:37:02.192 GMT-0700,186.263,186.157,0.1,0.1
31.03.2021 06:37:02.293 GMT-0700,186.262,186.158,0.1,0.1
31.03.2021 06:37:02.343 GMT-0700,186.293,186.187,0.1,0.1
31.03.2021 06:37:02.666 GMT-0700,186.293,186.187,0.1,0.1
31.03.2021 06:37:02.807 GMT-0700,186.293,186.217,0.1,0.1
31.03.2021 06:37:02.857 GMT-0700,186.372,186.268,0.1,0.1
31.03.2021 06:37:02.958 GMT-0700,186.353,186.247,0.1,0.1
31.03.2021 06:37:03.167 GMT-0700,186.372,186.258,0.1,0.1
31.03.2021 06:37:04.824 GMT-0700,186.353,186.257,0.1,0.1
31.03.2021 06:37:05.362 GMT-0700,186.333,186.257,0.0008,0.075
31.03.2021 06:37:05.413 GMT-0700,186.352,186.258,0.1,0.1
31.03.2021 06:37:05.513 GMT-0700,186.353,186.247,0.1,0.1
31.03.2021 06:37:05.564 GMT-0700,186.333,186.247,0.1,0.1
31.03.2021 06:37:05.896 GMT-0700,186.313,186.23700000000002,0.1,0.1
31.03.2021 06:37:06.095 GMT-0700,186.322,186.238,0.1,0.1
31.03.2021 06:37:06.626 GMT-0700,186.33200000000002,186.238,0.1,0.1
31.03.2021 06:37:06.769 GMT-0700,186.322,186.238,0.0008,0.1
31.03.2021 06:37:06.820 GMT-0700,186.313,186.217,0.1,0.1
31.03.2021 06:37:06.870 GMT-0700,186.322,186.228,0.1,0.1
31.03.2021 06:37:06.975 GMT-0700,186.323,186.23700000000002,0.0008,0.075
31.03.2021 06:37:07.025 GMT-0700,186.322,186.228,0.1,0.1
31.03.2021 06:37:07.311 GMT-0700,186.313,186.227,0.0008,0.1
31.03.2021 06:37:07.583 GMT-0700,186.323,186.227,0.1,0.1
31.03.2021 06:37:07.682 GMT-0700,186.312,186.228,0.0008,0.1
31.03.2021 06:37:08.079 GMT-0700,186.323,186.227,0.1,0.1
31.03.2021 06:37:08.248 GMT-0700,186.312,186.238,0.1,0.1
31.03.2021 06:37:08.298 GMT-0700,186.312,186.228,0.1,0.1
31.03.2021 06:37:10.122 GMT-0700,186.312,186.218,0.1,0.1
31.03.2021 06:37:10.466 GMT-0700,186.312,186.218,0.1,0.1
31.03.2021 06:37:10.570 GMT-0700,186.363,186.23700000000002,0.1,0.1
31.03.2021 06:37:10.620 GMT-0700,186.36200000000002,186.298,0.1,0.1
31.03.2021 06:37:10.671 GMT-0700,186.352,186.298,0.1,0.1
31.03.2021 06:37:10.845 GMT-0700,186.33200000000002,186.298,0.0008,0.075
31.03.2021 06:37:10.895 GMT-0700,186.313,186.227,0.1,0.1
31.03.2021 06:37:12.235 GMT-0700,186.322,186.268,0.0008,0.075
31.03.2021 06:37:12.285 GMT-0700,186.36200000000002,186.268,0.1,0.1
31.03.2021 06:37:12.336 GMT-0700,186.372,186.268,0.1,0.1
31.03.2021 06:37:12.386 GMT-0700,186.363,186.257,0.1,0.1
31.03.2021 06:37:13.217 GMT-0700,186.383,186.27700000000002,0.1,0.1
31.03.2021 06:37:13.268 GMT-0700,186.383,186.27700000000002,0.1,0.1
31.03.2021 06:37:13.344 GMT-0700,186.372,186.278,0.0008,0.1
31.03.2021 06:37:13.951 GMT-0700,186.372,186.278,0.1,0.1
31.03.2021 06:37:14.052 GMT-0700,186.363,186.26700000000002,0.1,0.1
31.03.2021 06:37:15.077 GMT-0700,186.363,186.27700000000002,0.1,0.075
31.03.2021 06:37:15.779 GMT-0700,186.342,186.278,0.0008,0.075
31.03.2021 06:37:15.829 GMT-0700,186.352,186.258,0.1,0.1
31.03.2021 06:37:16.384 GMT-0700,186.382,186.258,0.1,0.1
31.03.2021 06:37:16.435 GMT-0700,186.383,186.27700000000002,0.1,0.1
31.03.2021 06:37:16.485 GMT-0700,186.353,186.27700000000002,0.1,0.1
31.03.2021 06:37:17.046 GMT-0700,186.352,186.268,0.1,0.1
31.03.2021 06:37:19.000 GMT-0700,186.353,186.227,0.1,0.1
31.03.2021 06:37:19.051 GMT-0700,186.313,186.23700000000002,0.1,0.1
31.03.2021 06:37:19.151 GMT-0700,186.313,186.217,0.1,0.1
31.03.2021 06:37:19.202 GMT-0700,186.313,186.20700000000002,0.1,0.1
31.03.2021 06:37:20.818 GMT-0700,186.312,186.238,0.1,0.075
31.03.2021 06:37:21.293 GMT-0700,186.323,186.23700000000002,0.1,0.1
31.03.2021 06:37:21.487 GMT-0700,186.33200000000002,186.238,0.1,0.1
31.03.2021 06:37:22.706 GMT-0700,186.353,186.27700000000002,0.1,0.1
31.03.2021 06:37:23.117 GMT-0700,186.403,186.27700000000002,0.1,0.1
31.03.2021 06:37:23.167 GMT-0700,186.40200000000002,186.298,0.1,0.1
31.03.2021 06:37:23.247 GMT-0700,186.403,186.297,0.1,0.1
31.03.2021 06:37:23.437 GMT-0700,186.422,186.308,0.1,0.1
31.03.2021 06:37:23.839 GMT-0700,186.423,186.33700000000002,0.1,0.1
31.03.2021 06:37:23.889 GMT-0700,186.423,186.317,0.1,0.1
31.03.2021 06:37:24.084 GMT-0700,186.423,186.327,0.1,0.075
31.03.2021 06:37:24.741 GMT-0700,186.383,186.327,0.0008,0.1
31.03.2021 06:37:26.873 GMT-0700,186.382,186.308,0.1,0.1
31.03.2021 06:37:27.907 GMT-0700,186.382,186.308,0.1,0.1
31.03.2021 06:37:28.015 GMT-0700,186.383,186.30700000000002,0.1,0.1
31.03.2021 06:37:28.066 GMT-0700,186.372,186.308,0.1,0.1
31.03.2021 06:37:28.434 GMT-0700,186.373,186.30700000000002,0.1,0.1
31.03.2021 06:37:29.216 GMT-0700,186.353,186.30700000000002,0.1,0.1
31.03.2021 06:37:29.267 GMT-0700,186.352,186.278,0.1,0.1
31.03.2021 06:37:29.571 GMT-0700,186.40200000000002,186.34799999999998,0.1,0.1
31.03.2021 06:37:29.621 GMT-0700,186.422,186.34799999999998,0.1,0.1
31.03.2021 06:37:29.671 GMT-0700,186.403,186.347,0.1,0.1
31.03.2021 06:37:30.205 GMT-0700,186.422,186.34799999999998,0.1,0.1
31.03.2021 06:37:30.466 GMT-0700,186.47299999999998,186.347,0.1,0.1
31.03.2021 06:37:30.516 GMT-0700,186.47299999999998,186.36700000000002,0.1,0.1
31.03.2021 06:37:30.566 GMT-0700,186.453,186.357,0.1,0.1
31.03.2021 06:37:30.803 GMT-0700,186.44299999999998,186.347,0.1,0.1
31.03.2021 06:37:33.284 GMT-0700,186.442,186.358,0.1,0.075
31.03.2021 06:37:34.571 GMT-0700,186.41299999999998,186.317,0.1,0.1
31.03.2021 06:37:34.621 GMT-0700,186.423,186.327,0.1,0.1
31.03.2021 06:37:34.732 GMT-0700,186.423,186.317,0.1,0.1
31.03.2021 06:37:34.861 GMT-0700,186.41299999999998,186.317,0.0008,0.1
31.03.2021 06:37:35.332 GMT-0700,186.423,186.317,0.1,0.1
31.03.2021 06:37:35.382 GMT-0700,186.422,186.328,0.1,0.1
31.03.2021 06:37:36.334 GMT-0700,186.433,186.327,0.1,0.1
31.03.2021 06:37:36.516 GMT-0700,186.433,186.327,0.1,0.1
31.03.2021 06:37:36.839 GMT-0700,186.423,186.327,0.1,0.1
31.03.2021 06:37:37.027 GMT-0700,186.44299999999998,186.347,0.1,0.1
31.03.2021 06:37:37.128 GMT-0700,186.43200000000002,186.34799999999998,0.1,0.1
31.03.2021 06:37:37.486 GMT-0700,186.433,186.33700000000002,0.1,0.1
31.03.2021 06:37:38.242 GMT-0700,186.433,186.347,0.0008,0.075
31.03.2021 06:37:38.292 GMT-0700,186.442,186.34799999999998,0.1,0.1
31.03.2021 06:37:38.403 GMT-0700,186.433,186.33700000000002,0.1,0.1
31.03.2021 06:37:38.508 GMT-0700,186.43200000000002,186.328,0.1,0.1
31.03.2021 06:37:38.558 GMT-0700,186.422,186.328,0.1,0.1
31.03.2021 06:37:38.608 GMT-0700,186.412,186.31799999999998,0.1,0.1
31.03.2021 06:37:38.709 GMT-0700,186.412,186.328,0.1,0.1
31.03.2021 06:37:38.852 GMT-0700,186.36200000000002,186.308,0.1,0.1
31.03.2021 06:37:40.357 GMT-0700,186.36200000000002,186.278,0.1,0.1
31.03.2021 06:37:44.314 GMT-0700,186.383,186.27700000000002,0.1,0.1
31.03.2021 06:37:44.364 GMT-0700,186.43200000000002,186.368,0.1,0.1
31.03.2021 06:37:44.415 GMT-0700,186.422,186.368,0.0008,0.1
31.03.2021 06:37:44.465 GMT-0700,186.422,186.328,0.1,0.1
31.03.2021 06:37:44.664 GMT-0700,186.422,186.328,0.1,0.1
31.03.2021 06:37:44.765 GMT-0700,186.41299999999998,186.317,0.1,0.1
31.03.2021 06:37:45.220 GMT-0700,186.423,186.317,0.1,0.1
31.03.2021 06:37:45.271 GMT-0700,186.423,186.327,0.1,0.1
31.03.2021 06:37:46.092 GMT-0700,186.422,186.31799999999998,0.1,0.1
31.03.2021 06:37:46.173 GMT-0700,186.41299999999998,186.317,0.1,0.1
31.03.2021 06:37:46.961 GMT-0700,186.412,186.338,0.1,0.1
31.03.2021 06:37:50.130 GMT-0700,186.41299999999998,186.36700000000002,0.0008,0.075
31.03.2021 06:37:50.180 GMT-0700,186.453,186.36700000000002,0.1,0.1
31.03.2021 06:37:50.446 GMT-0700,186.442,186.368,0.0008,0.1
31.03.2021 06:37:50.708 GMT-0700,186.452,186.368,0.1,0.1
31.03.2021 06:37:51.017 GMT-0700,186.453,186.36700000000002,0.1,0.1
31.03.2021 06:37:52.810 GMT-0700,186.412,186.368,0.1,0.1
31.03.2021 06:37:53.292 GMT-0700,186.40200000000002,186.368,0.0008,0.1
31.03.2021 06:37:53.342 GMT-0700,186.412,186.368,0.1,0.1
31.03.2021 06:37:56.231 GMT-0700,186.372,186.31799999999998,0.1,0.1
31.03.2021 06:37:56.282 GMT-0700,186.393,186.317,0.1,0.1
31.03.2021 06:37:56.470 GMT-0700,186.41299999999998,186.317,0.1,0.1
31.03.2021 06:37:58.797 GMT-0700,186.383,186.317,0.0008,0.1
31.03.2021 06:37:58.848 GMT-0700,186.352,186.258,0.1,0.1
31.03.2021 06:37:59.167 GMT-0700,186.352,186.238,0.1,0.1
31.03.2021 06:38:00.401 GMT-0700,186.352,186.238,0.1,0.1
31.03.2021 06:38:00.502 GMT-0700,186.323,186.257,0.1,0.1
31.03.2021 06:38:01.310 GMT-0700,186.322,186.258,0.1,0.1
31.03.2021 06:38:02.063 GMT-0700,186.393,186.287,0.1,0.1
31.03.2021 06:38:02.553 GMT-0700,186.36200000000002,186.258,0.1,0.1
31.03.2021 06:38:02.670 GMT-0700,186.39200000000002,186.258,0.1,0.1
31.03.2021 06:38:02.780 GMT-0700,186.39200000000002,186.278,0.1,0.075
31.03.2021 06:38:03.092 GMT-0700,186.303,186.27700000000002,0.0008,0.075
31.03.2021 06:38:03.142 GMT-0700,186.33200000000002,186.218,0.1,0.1
31.03.2021 06:38:03.193 GMT-0700,186.33200000000002,186.238,0.1,0.1
31.03.2021 06:38:03.243 GMT-0700,186.33200000000002,186.218,0.1,0.1
31.03.2021 06:38:03.833 GMT-0700,186.312,186.218,0.0008,0.1
31.03.2021 06:38:05.105 GMT-0700,186.30200000000002,186.238,0.1,0.1
31.03.2021 06:38:05.155 GMT-0700,186.303,186.217,0.1,0.1
31.03.2021 06:38:06.015 GMT-0700,186.303,186.23700000000002,0.1,0.1
31.03.2021 06:38:06.125 GMT-0700,186.303,186.217,0.1,0.1
31.03.2021 06:38:06.375 GMT-0700,186.303,186.217,0.1,0.1
31.03.2021 06:38:06.692 GMT-0700,186.363,186.23700000000002,0.1,0.1
31.03.2021 06:38:06.742 GMT-0700,186.33200000000002,186.238,0.1,0.1
31.03.2021 06:38:07.521 GMT-0700,186.333,186.217,0.1,0.1
31.03.2021 06:38:07.847 GMT-0700,186.33200000000002,186.218,0.1,0.1
31.03.2021 06:38:08.150 GMT-0700,186.333,186.217,0.1,0.1
31.03.2021 06:38:09.221 GMT-0700,186.33200000000002,186.218,0.1,0.1
31.03.2021 06:38:09.372 GMT-0700,186.33200000000002,186.218,0.1,0.1
31.03.2021 06:38:09.879 GMT-0700,186.313,186.217,0.0008,0.1
31.03.2021 06:38:10.790 GMT-0700,186.313,186.227,0.1,0.1
31.03.2021 06:38:11.683 GMT-0700,186.293,186.227,0.0008,0.1
31.03.2021 06:38:11.896 GMT-0700,186.292,186.208,0.1,0.1
31.03.2021 06:38:19.342 GMT-0700,186.283,186.20700000000002,0.1,0.1
31.03.2021 06:38:19.569 GMT-0700,186.292,186.208,0.1,0.1
31.03.2021 06:38:19.965 GMT-0700,186.282,186.208,0.0008,0.1
31.03.2021 06:38:20.665 GMT-0700,186.263,186.20700000000002,0.0008,0.075
31.03.2021 06:38:20.715 GMT-0700,186.282,186.198,0.1,0.1
31.03.2021 06:38:21.199 GMT-0700,186.282,186.198,0.1,0.1
31.03.2021 06:38:22.575 GMT-0700,186.252,186.198,0.0008,0.1
31.03.2021 06:38:25.440 GMT-0700,186.30200000000002,186.198,0.1,0.1
31.03.2021 06:38:25.490 GMT-0700,186.30200000000002,186.198,0.1,0.1
31.03.2021 06:38:25.567 GMT-0700,186.283,186.197,0.0008,0.1
31.03.2021 06:38:26.316 GMT-0700,186.283,186.20700000000002,0.1,0.1
31.03.2021 06:38:26.366 GMT-0700,186.30200000000002,186.218,0.1,0.1
31.03.2021 06:38:26.417 GMT-0700,186.303,186.20700000000002,0.1,0.1
31.03.2021 06:38:26.712 GMT-0700,186.30200000000002,186.198,0.1,0.1
31.03.2021 06:38:26.994 GMT-0700,186.283,186.197,0.0008,0.1
31.03.2021 06:38:28.491 GMT-0700,186.282,186.208,0.0008,0.075
31.03.2021 06:38:28.541 GMT-0700,186.313,186.20700000000002,0.1,0.1
31.03.2021 06:38:28.596 GMT-0700,186.283,186.197,0.1,0.1
31.03.2021 06:38:28.721 GMT-0700,186.283,186.197,0.1,0.1
31.03.2021 06:38:29.414 GMT-0700,186.213,186.20700000000002,0.0008,0.075
31.03.2021 06:38:29.464 GMT-0700,186.253,186.17700000000002,0.1,0.1
31.03.2021 06:38:30.017 GMT-0700,186.283,186.17700000000002,0.1,0.1
31.03.2021 06:38:30.068 GMT-0700,186.252,186.178,0.1,0.1
31.03.2021 06:38:30.426 GMT-0700,186.243,186.17700000000002,0.0008,0.1
31.03.2021 06:38:34.080 GMT-0700,186.252,186.188,0.1,0.1
31.03.2021 06:38:34.131 GMT-0700,186.252,186.178,0.1,0.1
31.03.2021 06:38:34.328 GMT-0700,186.22299999999998,186.17700000000002,0.0008,0.1
31.03.2021 06:38:35.486 GMT-0700,186.192,186.138,0.1,0.1
31.03.2021 06:38:35.586 GMT-0700,186.192,186.088,0.1,0.1
31.03.2021 06:38:35.646 GMT-0700,186.192,186.118,0.0008,0.075
31.03.2021 06:38:35.697 GMT-0700,186.222,186.118,0.1,0.1
31.03.2021 06:38:35.750 GMT-0700,186.19299999999998,186.11700000000002,0.1,0.1
31.03.2021 06:38:36.295 GMT-0700,186.19299999999998,186.08700000000002,0.1,0.1
31.03.2021 06:38:36.662 GMT-0700,186.22299999999998,186.08700000000002,0.1,0.1
31.03.2021 06:38:36.712 GMT-0700,186.222,186.118,0.1,0.1
31.03.2021 06:38:36.797 GMT-0700,186.203,186.08700000000002,0.1,0.1
31.03.2021 06:38:36.858 GMT-0700,186.203,186.11700000000002,0.1,0.1
31.03.2021 06:38:38.316 GMT-0700,186.21200000000002,186.118,0.1,0.1
31.03.2021 06:38:38.501 GMT-0700,186.192,186.088,0.0008,0.1
31.03.2021 06:38:38.607 GMT-0700,186.222,186.088,0.1,0.1
31.03.2021 06:38:38.658 GMT-0700,186.222,186.118,0.1,0.1
31.03.2021 06:38:38.757 GMT-0700,186.22299999999998,186.11700000000002,0.1,0.1
31.03.2021 06:38:40.211 GMT-0700,186.33200000000002,186.238,0.1,0.1
31.03.2021 06:38:40.261 GMT-0700,186.33200000000002,186.228,0.1,0.1
31.03.2021 06:38:40.311 GMT-0700,186.312,186.208,0.1,0.1
31.03.2021 06:38:40.464 GMT-0700,186.393,186.287,0.1,0.1
31.03.2021 06:38:41.313 GMT-0700,186.363,186.257,0.1,0.1
31.03.2021 06:38:41.534 GMT-0700,186.363,186.257,0.1,0.1
31.03.2021 06:38:42.431 GMT-0700,186.422,186.258,0.1,0.1
31.03.2021 06:38:42.481 GMT-0700,186.44299999999998,186.327,0.1,0.1
31.03.2021 06:38:42.551 GMT-0700,186.41299999999998,186.327,0.0008,0.1
31.03.2021 06:38:42.652 GMT-0700,186.442,186.328,0.1,0.1
31.03.2021 06:38:42.711 GMT-0700,186.44299999999998,186.357,0.1,0.075
31.03.2021 06:38:42.761 GMT-0700,186.47299999999998,186.377,0.1,0.1
31.03.2021 06:38:43.031 GMT-0700,186.472,186.358,0.1,0.1
31.03.2021 06:38:44.302 GMT-0700,186.47299999999998,186.357,0.1,0.1
31.03.2021 06:38:45.131 GMT-0700,186.47299999999998,186.357,0.1,0.1
31.03.2021 06:38:45.405 GMT-0700,186.442,186.358,0.1,0.1
31.03.2021 06:38:45.907 GMT-0700,186.47299999999998,186.357,0.1,0.1
31.03.2021 06:38:46.015 GMT-0700,186.442,186.358,0.1,0.1
31.03.2021 06:38:46.914 GMT-0700,186.472,186.358,0.1,0.1
31.03.2021 06:38:47.971 GMT-0700,186.472,186.378,0.1,0.075
31.03.2021 06:38:48.477 GMT-0700,186.442,186.358,0.1,0.1
31.03.2021 06:38:50.110 GMT-0700,186.39200000000002,186.358,0.0008,0.075
31.03.2021 06:38:50.160 GMT-0700,186.393,186.257,0.1,0.1
31.03.2021 06:38:50.212 GMT-0700,186.39200000000002,186.258,0.1,0.1
31.03.2021 06:38:50.322 GMT-0700,186.393,186.30700000000002,0.1,0.1
31.03.2021 06:38:50.846 GMT-0700,186.39200000000002,186.28799999999998,0.1,0.1
31.03.2021 06:38:51.339 GMT-0700,186.39200000000002,186.28799999999998,0.1,0.1
31.03.2021 06:38:51.390 GMT-0700,186.39200000000002,186.28799999999998,0.1,0.1
31.03.2021 06:38:53.557 GMT-0700,186.393,186.287,0.1,0.1
31.03.2021 06:38:53.607 GMT-0700,186.422,186.308,0.1,0.1
31.03.2021 06:38:54.276 GMT-0700,186.39200000000002,186.308,0.0008,0.1
31.03.2021 06:38:56.612 GMT-0700,186.422,186.308,0.1,0.1
31.03.2021 06:38:56.663 GMT-0700,186.44299999999998,186.33700000000002,0.1,0.1
31.03.2021 06:38:57.073 GMT-0700,186.442,186.358,0.1,0.1
31.03.2021 06:38:59.383 GMT-0700,186.44299999999998,186.357,0.1,0.1
31.03.2021 06:39:00.598 GMT-0700,186.423,186.357,0.1,0.1
31.03.2021 06:39:02.890 GMT-0700,186.44299999999998,186.357,0.1,0.1
31.03.2021 06:39:03.169 GMT-0700,186.422,186.358,0.1,0.1
31.03.2021 06:39:03.627 GMT-0700,186.423,186.357,0.1,0.1
31.03.2021 06:39:03.778 GMT-0700,186.423,186.357,0.1,0.1
31.03.2021 06:39:03.829 GMT-0700,186.423,186.387,0.1,0.1
31.03.2021 06:39:04.807 GMT-0700,186.39200000000002,186.388,0.0008,0.075
31.03.2021 06:39:04.857 GMT-0700,186.403,186.287,0.1,0.1
31.03.2021 06:39:04.958 GMT-0700,186.433,186.297,0.1,0.1
31.03.2021 06:39:05.008 GMT-0700,186.403,186.287,0.1,0.1
31.03.2021 06:39:06.696 GMT-0700,186.343,186.257,0.1,0.1
31.03.2021 06:39:06.746 GMT-0700,186.372,186.278,0.1,0.1
31.03.2021 06:39:12.427 GMT-0700,186.39200000000002,186.278,0.1,0.1
31.03.2021 06:39:12.794 GMT-0700,186.372,186.278,0.0008,0.1
31.03.2021 06:39:12.844 GMT-0700,186.393,186.27700000000002,0.1,0.1
31.03.2021 06:39:12.907 GMT-0700,186.372,186.278,0.1,0.1
31.03.2021 06:39:13.428 GMT-0700,186.382,186.278,0.1,0.1
31.03.2021 06:39:13.560 GMT-0700,186.372,186.278,0.0008,0.1
31.03.2021 06:39:14.040 GMT-0700,186.353,186.27700000000002,0.1,0.1
31.03.2021 06:39:14.681 GMT-0700,186.292,186.278,0.0008,0.075
31.03.2021 06:39:14.731 GMT-0700,186.33200000000002,186.238,0.1,0.1
31.03.2021 06:39:15.385 GMT-0700,186.293,186.23700000000002,0.0008,0.075
31.03.2021 06:39:15.435 GMT-0700,186.33200000000002,186.198,0.1,0.1
31.03.2021 06:39:15.651 GMT-0700,186.33200000000002,186.178,0.1,0.1
31.03.2021 06:39:15.736 GMT-0700,186.293,186.17700000000002,0.1,0.1
31.03.2021 06:39:16.133 GMT-0700,186.293,186.217,0.1,0.075
31.03.2021 06:39:16.184 GMT-0700,186.293,186.17700000000002,0.1,0.1
31.03.2021 06:39:16.240 GMT-0700,186.292,186.178,0.1,0.1
31.03.2021 06:39:16.290 GMT-0700,186.292,186.188,0.1,0.1
31.03.2021 06:39:16.738 GMT-0700,186.292,186.188,0.1,0.1
31.03.2021 06:39:17.940 GMT-0700,186.293,186.17700000000002,0.1,0.1
31.03.2021 06:39:17.997 GMT-0700,186.252,186.178,0.0008,0.075
31.03.2021 06:39:18.047 GMT-0700,186.273,186.14700000000002,0.1,0.1
31.03.2021 06:39:18.103 GMT-0700,186.27200000000002,186.188,0.0008,0.075
31.03.2021 06:39:18.154 GMT-0700,186.283,186.14700000000002,0.1,0.1
31.03.2021 06:39:18.394 GMT-0700,186.282,186.148,0.1,0.1
31.03.2021 06:39:18.617 GMT-0700,186.282,186.148,0.1,0.1
31.03.2021 06:39:19.007 GMT-0700,186.283,186.14700000000002,0.1,0.1
31.03.2021 06:39:20.419 GMT-0700,186.283,186.187,0.1,0.1
31.03.2021 06:39:20.469 GMT-0700,186.283,186.187,0.1,0.1
31.03.2021 06:39:21.485 GMT-0700,186.263,186.187,0.0008,0.1
31.03.2021 06:39:23.209 GMT-0700,186.22299999999998,186.187,0.0008,0.1
31.03.2021 06:39:23.550 GMT-0700,186.283,186.197,0.1,0.1
31.03.2021 06:39:24.276 GMT-0700,186.253,186.197,0.1,0.1
31.03.2021 06:39:24.473 GMT-0700,186.24200000000002,186.198,0.1,0.1
31.03.2021 06:39:24.523 GMT-0700,186.27200000000002,186.198,0.1,0.1
31.03.2021 06:39:24.573 GMT-0700,186.262,186.198,0.1,0.1
31.03.2021 06:39:27.454 GMT-0700,186.293,186.197,0.1,0.1
31.03.2021 06:39:27.504 GMT-0700,186.292,186.238,0.1,0.1
31.03.2021 06:39:28.616 GMT-0700,186.273,186.23700000000002,0.0008,0.075
31.03.2021 06:39:28.666 GMT-0700,186.293,186.197,0.1,0.1
31.03.2021 06:39:29.466 GMT-0700,186.292,186.198,0.1,0.1
31.03.2021 06:39:30.554 GMT-0700,186.243,186.197,0.0008,0.1
31.03.2021 06:39:30.604 GMT-0700,186.24200000000002,186.188,0.1,0.1
31.03.2021 06:39:32.524 GMT-0700,186.292,186.188,0.1,0.1
31.03.2021 06:39:32.575 GMT-0700,186.282,186.178,0.1,0.1
31.03.2021 06:39:32.634 GMT-0700,186.292,186.178,0.1,0.1
31.03.2021 06:39:32.949 GMT-0700,186.293,186.17700000000002,0.1,0.1
31.03.2021 06:39:33.305 GMT-0700,186.273,186.20700000000002,0.1,0.1
31.03.2021 06:39:33.355 GMT-0700,186.27200000000002,186.148,0.1,0.1
31.03.2021 06:39:34.149 GMT-0700,186.27200000000002,186.178,0.1,0.1
31.03.2021 06:39:35.092 GMT-0700,186.283,186.217,0.1,0.1
31.03.2021 06:39:35.142 GMT-0700,186.283,186.20700000000002,0.1,0.1
31.03.2021 06:39:35.438 GMT-0700,186.282,186.178,0.1,0.1
31.03.2021 06:39:36.590 GMT-0700,186.263,186.17700000000002,0.0008,0.1
31.03.2021 06:39:36.804 GMT-0700,186.333,186.17700000000002,0.1,0.1
31.03.2021 06:39:36.854 GMT-0700,186.352,186.268,0.1,0.1
31.03.2021 06:39:37.043 GMT-0700,186.372,186.268,0.1,0.1
31.03.2021 06:39:37.812 GMT-0700,186.343,186.26700000000002,0.0008,0.1
31.03.2021 06:39:37.862 GMT-0700,186.352,186.258,0.1,0.1
31.03.2021 06:39:37.928 GMT-0700,186.353,186.23700000000002,0.1,0.1
31.03.2021 06:39:38.099 GMT-0700,186.33200000000002,186.238,0.1,0.1
31.03.2021 06:39:38.334 GMT-0700,186.353,186.23700000000002,0.1,0.1
31.03.2021 06:39:38.813 GMT-0700,186.352,186.238,0.1,0.1
31.03.2021 06:39:39.203 GMT-0700,186.33200000000002,186.258,0.0008,0.075
31.03.2021 06:39:39.254 GMT-0700,186.333,186.23700000000002,0.1,0.1
31.03.2021 06:39:39.305 GMT-0700,186.353,186.257,0.1,0.1
31.03.2021 06:39:39.498 GMT-0700,186.353,186.23700000000002,0.1,0.1
31.03.2021 06:39:39.549 GMT-0700,186.352,186.238,0.1,0.1
31.03.2021 06:39:40.143 GMT-0700,186.352,186.258,0.1,0.075
31.03.2021 06:39:40.956 GMT-0700,186.373,186.257,0.1,0.1
