Local time,Ask,Bid,AskVolume,BidVolume
30.03.2021 06:30:00.193 GMT-0700,184.483,183.70700000000002,0.1,0.1
30.03.2021 06:30:05.821 GMT-0700,184.483,183.70700000000002,0.1,0.1
30.03.2021 06:30:06.081 GMT-0700,184.483,183.70700000000002,0.1,0.1
30.03.2021 06:30:10.357 GMT-0700,184.47299999999998,183.70700000000002,0.0008,0.1
30.03.2021 06:30:10.665 GMT-0700,184.482,183.708,0.1,0.1
30.03.2021 06:30:11.168 GMT-0700,184.47299999999998,183.70700000000002,0.0008,0.1
30.03.2021 06:30:11.219 GMT-0700,184.482,183.708,0.1,0.1
30.03.2021 06:30:12.449 GMT-0700,184.472,183.708,0.0008,0.1
30.03.2021 06:30:12.872 GMT-0700,184.483,183.70700000000002,0.1,0.1
30.03.2021 06:30:13.082 GMT-0700,184.103,183.70700000000002,0.0008,0.1
30.03.2021 06:30:13.132 GMT-0700,183.893,183.42700000000002,0.1,0.1
30.03.2021 06:30:13.657 GMT-0700,184.47299999999998,183.507,0.1,0.1
30.03.2021 06:30:15.718 GMT-0700,184.47299999999998,183.507,0.1,0.1
30.03.2021 06:30:15.978 GMT-0700,184.483,183.48700000000002,0.1,0.1
30.03.2021 06:30:16.522 GMT-0700,184.482,183.488,0.1,0.1
30.03.2021 06:30:16.573 GMT-0700,184.483,183.48700000000002,0.1,0.1
30.03.2021 06:30:19.119 GMT-0700,184.47299999999998,183.497,0.1,0.1
30.03.2021 06:30:19.625 GMT-0700,184.482,183.488,0.1,0.1
30.03.2021 06:30:20.980 GMT-0700,184.483,183.48700000000002,0.1,0.1
30.03.2021 06:30:21.081 GMT-0700,184.372,183.498,0.1,0.1
30.03.2021 06:30:21.201 GMT-0700,184.363,183.507,0.1,0.1
30.03.2021 06:30:21.425 GMT-0700,184.372,183.498,0.1,0.1
30.03.2021 06:30:23.042 GMT-0700,184.363,183.507,0.1,0.1
30.03.2021 06:30:23.092 GMT-0700,184.372,183.498,0.1,0.1
30.03.2021 06:30:26.204 GMT-0700,184.363,183.497,0.0008,0.1
30.03.2021 06:30:26.333 GMT-0700,184.372,183.498,0.1,0.1
30.03.2021 06:30:27.382 GMT-0700,184.372,183.508,0.1,0.075
30.03.2021 06:30:27.676 GMT-0700,184.372,183.498,0.1,0.1
30.03.2021 06:30:28.556 GMT-0700,184.372,183.508,0.1,0.075
30.03.2021 06:30:29.028 GMT-0700,183.993,183.507,0.0008,0.075
30.03.2021 06:30:29.107 GMT-0700,183.99200000000002,183.498,0.1,0.1
30.03.2021 06:30:29.158 GMT-0700,183.99200000000002,183.548,0.1,0.1
30.03.2021 06:30:30.051 GMT-0700,183.993,183.567,0.1,0.1
30.03.2021 06:30:32.062 GMT-0700,183.99200000000002,183.488,0.1,0.1
30.03.2021 06:30:33.083 GMT-0700,183.99200000000002,183.468,0.1,0.1
30.03.2021 06:30:33.133 GMT-0700,183.853,183.467,0.1,0.1
30.03.2021 06:30:33.760 GMT-0700,183.852,183.56799999999998,0.1,0.1
30.03.2021 06:30:34.198 GMT-0700,183.852,183.558,0.1,0.1
30.03.2021 06:30:34.252 GMT-0700,183.853,183.55700000000002,0.1,0.1
30.03.2021 06:30:38.091 GMT-0700,183.853,183.27700000000002,0.1,0.1
30.03.2021 06:30:38.228 GMT-0700,183.852,183.268,0.1,0.1
30.03.2021 06:30:38.278 GMT-0700,183.853,183.467,0.1,0.1
30.03.2021 06:30:38.391 GMT-0700,183.853,183.567,0.1,0.075
30.03.2021 06:30:38.575 GMT-0700,183.853,183.55700000000002,0.1,0.1
30.03.2021 06:30:38.957 GMT-0700,183.853,183.55700000000002,0.1,0.1
30.03.2021 06:30:39.166 GMT-0700,183.853,183.637,0.1,0.075
30.03.2021 06:30:39.758 GMT-0700,183.852,183.578,0.1,0.1
30.03.2021 06:30:43.245 GMT-0700,183.99200000000002,183.578,0.1,0.1
30.03.2021 06:30:43.315 GMT-0700,183.982,183.578,0.0008,0.1
30.03.2021 06:30:43.517 GMT-0700,183.99200000000002,183.578,0.1,0.1
30.03.2021 06:30:45.645 GMT-0700,183.982,183.578,0.0008,0.1
30.03.2021 06:30:45.695 GMT-0700,183.99200000000002,183.578,0.1,0.1
30.03.2021 06:30:47.336 GMT-0700,183.983,183.577,0.0008,0.1
30.03.2021 06:30:47.476 GMT-0700,183.993,183.577,0.1,0.1
30.03.2021 06:30:48.521 GMT-0700,183.983,183.577,0.0008,0.1
30.03.2021 06:30:48.891 GMT-0700,183.99200000000002,183.578,0.1,0.1
30.03.2021 06:30:48.998 GMT-0700,183.993,183.477,0.1,0.1
30.03.2021 06:30:49.049 GMT-0700,183.843,183.467,0.1,0.1
30.03.2021 06:30:50.057 GMT-0700,183.843,183.567,0.1,0.1
30.03.2021 06:30:50.423 GMT-0700,183.842,183.578,0.1,0.1
30.03.2021 06:30:50.624 GMT-0700,183.842,183.56799999999998,0.1,0.1
30.03.2021 06:30:51.980 GMT-0700,183.843,183.467,0.1,0.1
30.03.2021 06:30:52.379 GMT-0700,183.842,183.468,0.1,0.1
30.03.2021 06:30:52.479 GMT-0700,183.842,183.468,0.1,0.1
30.03.2021 06:30:53.889 GMT-0700,183.843,183.467,0.1,0.1
30.03.2021 06:30:54.623 GMT-0700,183.842,183.468,0.1,0.1
30.03.2021 06:30:55.059 GMT-0700,183.842,183.56799999999998,0.1,0.075
30.03.2021 06:30:55.159 GMT-0700,183.843,183.467,0.1,0.1
30.03.2021 06:30:55.323 GMT-0700,183.842,183.468,0.1,0.1
30.03.2021 06:30:55.499 GMT-0700,183.99200000000002,183.56799999999998,0.1,0.1
30.03.2021 06:30:55.587 GMT-0700,183.83200000000002,183.56799999999998,0.1,0.1
30.03.2021 06:30:55.958 GMT-0700,183.833,183.577,0.1,0.1
30.03.2021 06:30:56.072 GMT-0700,183.833,183.567,0.1,0.1
30.03.2021 06:30:56.642 GMT-0700,183.833,183.577,0.1,0.1
30.03.2021 06:30:56.936 GMT-0700,183.833,183.567,0.1,0.1
30.03.2021 06:30:58.672 GMT-0700,183.833,183.577,0.1,0.075
30.03.2021 06:30:58.773 GMT-0700,183.83200000000002,183.56799999999998,0.1,0.1
30.03.2021 06:30:59.356 GMT-0700,183.833,183.577,0.1,0.1
30.03.2021 06:30:59.444 GMT-0700,183.833,183.567,0.1,0.1
30.03.2021 06:31:02.048 GMT-0700,183.83200000000002,183.578,0.1,0.1
30.03.2021 06:31:02.099 GMT-0700,183.83200000000002,183.56799999999998,0.1,0.1
30.03.2021 06:31:02.661 GMT-0700,183.833,183.577,0.1,0.1
30.03.2021 06:31:02.826 GMT-0700,183.83200000000002,183.56799999999998,0.1,0.1
30.03.2021 06:31:06.887 GMT-0700,183.763,183.567,0.0008,0.1
30.03.2021 06:31:06.938 GMT-0700,183.833,183.577,0.1,0.1
30.03.2021 06:31:07.112 GMT-0700,183.833,183.567,0.1,0.1
30.03.2021 06:31:08.553 GMT-0700,183.83200000000002,183.578,0.1,0.075
30.03.2021 06:31:08.654 GMT-0700,183.83200000000002,183.56799999999998,0.1,0.1
30.03.2021 06:31:09.447 GMT-0700,183.833,183.577,0.1,0.1
30.03.2021 06:31:09.856 GMT-0700,183.68200000000002,183.578,0.0008,0.1
30.03.2021 06:31:09.920 GMT-0700,183.752,183.56799999999998,0.1,0.1
30.03.2021 06:31:09.977 GMT-0700,183.83200000000002,183.268,0.1,0.1
30.03.2021 06:31:10.491 GMT-0700,183.833,183.567,0.1,0.1
30.03.2021 06:31:10.978 GMT-0700,183.83200000000002,183.558,0.1,0.1
30.03.2021 06:31:16.591 GMT-0700,183.83200000000002,183.558,0.1,0.1
30.03.2021 06:31:16.641 GMT-0700,183.833,183.55700000000002,0.1,0.1
30.03.2021 06:31:19.401 GMT-0700,183.993,183.55700000000002,0.1,0.1
30.03.2021 06:31:20.305 GMT-0700,183.982,183.558,0.0008,0.1
30.03.2021 06:31:20.630 GMT-0700,183.99200000000002,183.558,0.1,0.1
30.03.2021 06:31:20.680 GMT-0700,183.99200000000002,183.56799999999998,0.1,0.1
30.03.2021 06:31:23.056 GMT-0700,183.982,183.56799999999998,0.0008,0.1
30.03.2021 06:31:23.106 GMT-0700,183.99200000000002,183.56799999999998,0.1,0.1
30.03.2021 06:31:24.603 GMT-0700,183.983,183.567,0.0008,0.1
30.03.2021 06:31:24.822 GMT-0700,183.99200000000002,183.56799999999998,0.1,0.1
30.03.2021 06:31:25.704 GMT-0700,183.99200000000002,183.578,0.1,0.075
30.03.2021 06:31:25.868 GMT-0700,183.993,183.567,0.1,0.1
30.03.2021 06:31:26.743 GMT-0700,183.983,183.577,0.1,0.1
30.03.2021 06:31:27.122 GMT-0700,183.99200000000002,183.56799999999998,0.1,0.1
30.03.2021 06:31:28.815 GMT-0700,183.982,183.56799999999998,0.0008,0.1
30.03.2021 06:31:28.866 GMT-0700,183.99200000000002,183.56799999999998,0.1,0.1
30.03.2021 06:31:29.146 GMT-0700,183.99200000000002,183.398,0.1,0.1
30.03.2021 06:31:29.259 GMT-0700,183.993,183.39700000000002,0.1,0.1
30.03.2021 06:31:30.095 GMT-0700,183.762,183.618,0.1,0.1
30.03.2021 06:31:30.145 GMT-0700,183.99200000000002,183.618,0.1,0.1
30.03.2021 06:31:30.303 GMT-0700,183.993,183.567,0.1,0.1
30.03.2021 06:31:31.513 GMT-0700,183.993,183.39700000000002,0.1,0.1
30.03.2021 06:31:31.745 GMT-0700,183.982,183.408,0.1,0.1
30.03.2021 06:31:32.037 GMT-0700,183.99200000000002,183.398,0.1,0.1
30.03.2021 06:31:32.654 GMT-0700,183.793,183.39700000000002,0.0008,0.1
30.03.2021 06:31:32.705 GMT-0700,183.99200000000002,183.558,0.1,0.1
30.03.2021 06:31:32.851 GMT-0700,183.982,183.558,0.0008,0.1
30.03.2021 06:31:32.952 GMT-0700,183.99200000000002,183.558,0.1,0.1
30.03.2021 06:31:35.742 GMT-0700,183.99200000000002,183.558,0.1,0.1
30.03.2021 06:31:36.155 GMT-0700,183.993,183.55700000000002,0.1,0.1
30.03.2021 06:31:36.235 GMT-0700,183.993,183.567,0.1,0.1
30.03.2021 06:31:36.661 GMT-0700,183.982,183.56799999999998,0.0008,0.075
30.03.2021 06:31:36.712 GMT-0700,183.99200000000002,183.398,0.1,0.1
30.03.2021 06:31:36.934 GMT-0700,183.99200000000002,183.268,0.1,0.1
30.03.2021 06:31:37.089 GMT-0700,183.812,183.268,0.0008,0.1
30.03.2021 06:31:37.139 GMT-0700,183.99200000000002,183.268,0.1,0.1
30.03.2021 06:31:37.192 GMT-0700,183.99200000000002,183.608,0.1,0.1
30.03.2021 06:31:37.242 GMT-0700,183.99200000000002,183.268,0.1,0.1
30.03.2021 06:31:37.292 GMT-0700,183.982,183.268,0.1,0.1
30.03.2021 06:31:37.417 GMT-0700,183.99200000000002,183.268,0.1,0.1
30.03.2021 06:31:37.817 GMT-0700,183.99200000000002,183.278,0.1,0.075
30.03.2021 06:31:37.967 GMT-0700,183.993,183.26700000000002,0.1,0.1
30.03.2021 06:31:38.634 GMT-0700,183.982,183.268,0.0008,0.1
30.03.2021 06:31:38.827 GMT-0700,183.993,183.26700000000002,0.1,0.1
30.03.2021 06:31:40.053 GMT-0700,183.993,183.64700000000002,0.1,0.1
30.03.2021 06:31:40.478 GMT-0700,183.993,183.64700000000002,0.1,0.1
30.03.2021 06:31:40.528 GMT-0700,183.993,183.27700000000002,0.1,0.1
30.03.2021 06:31:40.628 GMT-0700,183.99200000000002,183.698,0.1,0.1
30.03.2021 06:31:40.772 GMT-0700,183.993,183.64700000000002,0.1,0.1
30.03.2021 06:31:43.407 GMT-0700,183.99200000000002,183.638,0.1,0.1
30.03.2021 06:31:43.740 GMT-0700,183.993,183.26700000000002,0.1,0.1
30.03.2021 06:31:44.118 GMT-0700,183.99200000000002,183.608,0.1,0.1
30.03.2021 06:31:44.186 GMT-0700,183.99200000000002,183.268,0.1,0.1
30.03.2021 06:31:44.236 GMT-0700,183.99200000000002,183.278,0.1,0.1
30.03.2021 06:31:44.340 GMT-0700,183.99200000000002,183.268,0.1,0.1
30.03.2021 06:31:44.793 GMT-0700,183.99200000000002,183.268,0.1,0.1
30.03.2021 06:31:46.154 GMT-0700,183.993,183.26700000000002,0.1,0.1
30.03.2021 06:31:46.707 GMT-0700,183.993,183.607,0.1,0.075
30.03.2021 06:31:48.953 GMT-0700,183.993,183.27700000000002,0.1,0.1
30.03.2021 06:31:49.187 GMT-0700,183.99200000000002,183.268,0.1,0.1
30.03.2021 06:31:49.287 GMT-0700,183.99200000000002,183.268,0.1,0.1
30.03.2021 06:31:49.338 GMT-0700,183.99200000000002,183.608,0.1,0.1
30.03.2021 06:31:51.831 GMT-0700,183.993,183.607,0.1,0.1
30.03.2021 06:31:51.982 GMT-0700,183.993,183.73700000000002,0.1,0.1
30.03.2021 06:31:52.099 GMT-0700,183.99200000000002,183.838,0.1,0.1
30.03.2021 06:31:52.234 GMT-0700,183.993,183.917,0.1,0.1
30.03.2021 06:31:52.335 GMT-0700,184.442,183.968,0.1,0.1
30.03.2021 06:31:52.385 GMT-0700,184.123,184.01700000000002,0.1,0.1
30.03.2021 06:31:52.471 GMT-0700,184.122,184.008,0.1,0.1
30.03.2021 06:31:52.566 GMT-0700,184.123,184.02700000000002,0.1,0.1
30.03.2021 06:31:53.243 GMT-0700,184.122,184.06799999999998,0.0008,0.075
30.03.2021 06:31:53.293 GMT-0700,184.293,184.11700000000002,0.1,0.1
30.03.2021 06:31:53.631 GMT-0700,184.433,184.11700000000002,0.1,0.1
30.03.2021 06:31:53.681 GMT-0700,184.43200000000002,184.128,0.1,0.1
30.03.2021 06:31:53.732 GMT-0700,184.433,184.157,0.1,0.075
30.03.2021 06:31:54.303 GMT-0700,184.422,184.158,0.1,0.1
30.03.2021 06:31:54.353 GMT-0700,184.43200000000002,184.218,0.1,0.1
30.03.2021 06:31:54.403 GMT-0700,184.363,184.217,0.1,0.1
30.03.2021 06:31:56.029 GMT-0700,184.30200000000002,184.218,0.0008,0.1
30.03.2021 06:31:57.716 GMT-0700,184.263,184.217,0.0008,0.075
30.03.2021 06:31:57.766 GMT-0700,184.303,184.17700000000002,0.1,0.1
30.03.2021 06:31:58.747 GMT-0700,184.222,184.178,0.0008,0.075
30.03.2021 06:31:58.797 GMT-0700,184.262,184.108,0.1,0.1
30.03.2021 06:31:58.898 GMT-0700,184.303,184.107,0.1,0.1
30.03.2021 06:31:59.006 GMT-0700,184.303,184.107,0.1,0.1
30.03.2021 06:31:59.603 GMT-0700,184.22299999999998,184.097,0.1,0.1
30.03.2021 06:32:00.127 GMT-0700,184.22299999999998,184.107,0.1,0.1
30.03.2021 06:32:00.583 GMT-0700,184.22299999999998,184.107,0.1,0.1
30.03.2021 06:32:00.686 GMT-0700,184.22299999999998,184.107,0.1,0.1
30.03.2021 06:32:01.122 GMT-0700,184.232,184.158,0.1,0.1
30.03.2021 06:32:01.223 GMT-0700,184.30200000000002,184.178,0.1,0.1
30.03.2021 06:32:01.274 GMT-0700,184.322,184.178,0.1,0.1
30.03.2021 06:32:01.537 GMT-0700,184.273,184.17700000000002,0.0008,0.1
30.03.2021 06:32:01.638 GMT-0700,184.313,184.17700000000002,0.1,0.1
30.03.2021 06:32:01.688 GMT-0700,184.313,184.187,0.1,0.1
30.03.2021 06:32:02.126 GMT-0700,184.233,184.187,0.0008,0.075
30.03.2021 06:32:02.176 GMT-0700,184.173,184.08700000000002,0.1,0.1
30.03.2021 06:32:02.232 GMT-0700,184.172,184.088,0.1,0.1
30.03.2021 06:32:02.344 GMT-0700,184.24200000000002,184.108,0.1,0.1
30.03.2021 06:32:02.477 GMT-0700,184.24200000000002,184.088,0.1,0.1
30.03.2021 06:32:02.786 GMT-0700,184.24200000000002,184.088,0.1,0.1
30.03.2021 06:32:02.980 GMT-0700,184.283,184.097,0.1,0.1
30.03.2021 06:32:03.031 GMT-0700,184.283,184.097,0.1,0.1
30.03.2021 06:32:03.120 GMT-0700,184.283,184.097,0.1,0.1
30.03.2021 06:32:03.221 GMT-0700,184.122,184.008,0.1,0.1
30.03.2021 06:32:03.321 GMT-0700,184.123,183.997,0.1,0.1
30.03.2021 06:32:05.382 GMT-0700,184.11200000000002,183.978,0.1,0.1
30.03.2021 06:32:05.432 GMT-0700,184.122,184.03799999999998,0.1,0.1
30.03.2021 06:32:06.122 GMT-0700,184.103,183.977,0.1,0.1
30.03.2021 06:32:06.285 GMT-0700,184.123,183.917,0.1,0.1
30.03.2021 06:32:06.335 GMT-0700,184.032,183.878,0.1,0.1
30.03.2021 06:32:06.385 GMT-0700,184.032,183.888,0.1,0.1
30.03.2021 06:32:06.553 GMT-0700,184.033,183.89700000000002,0.1,0.1
30.03.2021 06:32:06.813 GMT-0700,184.032,183.878,0.1,0.1
30.03.2021 06:32:06.915 GMT-0700,184.032,183.878,0.1,0.1
30.03.2021 06:32:06.966 GMT-0700,183.933,183.86700000000002,0.1,0.1
30.03.2021 06:32:07.067 GMT-0700,183.923,183.86700000000002,0.0008,0.075
30.03.2021 06:32:07.119 GMT-0700,183.922,183.808,0.1,0.1
30.03.2021 06:32:07.171 GMT-0700,183.94299999999998,183.80700000000002,0.1,0.1
30.03.2021 06:32:07.257 GMT-0700,183.952,183.828,0.1,0.1
30.03.2021 06:32:07.307 GMT-0700,183.97299999999998,183.80700000000002,0.1,0.1
30.03.2021 06:32:07.364 GMT-0700,183.97299999999998,183.80700000000002,0.1,0.1
30.03.2021 06:32:07.486 GMT-0700,183.952,183.828,0.1,0.1
30.03.2021 06:32:07.739 GMT-0700,183.963,183.827,0.1,0.1
30.03.2021 06:32:07.840 GMT-0700,184.013,183.86700000000002,0.1,0.1
30.03.2021 06:32:07.890 GMT-0700,183.99200000000002,183.84799999999998,0.1,0.1
30.03.2021 06:32:08.789 GMT-0700,184.013,183.847,0.1,0.1
30.03.2021 06:32:09.359 GMT-0700,184.023,183.847,0.1,0.1
30.03.2021 06:32:09.413 GMT-0700,184.013,183.847,0.0008,0.1
30.03.2021 06:32:09.514 GMT-0700,184.122,183.978,0.1,0.1
30.03.2021 06:32:10.175 GMT-0700,184.092,184.018,0.1,0.1
30.03.2021 06:32:10.226 GMT-0700,184.173,184.02700000000002,0.1,0.1
30.03.2021 06:32:10.282 GMT-0700,184.15200000000002,184.028,0.0008,0.1
30.03.2021 06:32:10.382 GMT-0700,184.192,184.048,0.1,0.1
30.03.2021 06:32:10.433 GMT-0700,184.173,184.047,0.1,0.1
30.03.2021 06:32:11.758 GMT-0700,184.173,184.02700000000002,0.1,0.1
30.03.2021 06:32:11.952 GMT-0700,184.153,184.02700000000002,0.0008,0.1
30.03.2021 06:32:17.274 GMT-0700,184.153,184.02700000000002,0.1,0.1
30.03.2021 06:32:17.376 GMT-0700,184.15200000000002,184.088,0.1,0.075
30.03.2021 06:32:17.426 GMT-0700,184.15200000000002,184.06799999999998,0.1,0.1
30.03.2021 06:32:17.477 GMT-0700,184.15200000000002,184.03799999999998,0.1,0.1
30.03.2021 06:32:18.146 GMT-0700,184.153,184.037,0.1,0.1
30.03.2021 06:32:19.041 GMT-0700,184.15200000000002,184.058,0.1,0.1
30.03.2021 06:32:19.296 GMT-0700,184.19299999999998,184.077,0.1,0.1
30.03.2021 06:32:19.346 GMT-0700,184.312,184.168,0.1,0.1
30.03.2021 06:32:19.396 GMT-0700,184.24200000000002,184.108,0.1,0.1
30.03.2021 06:32:19.447 GMT-0700,184.27200000000002,184.108,0.1,0.1
30.03.2021 06:32:19.497 GMT-0700,184.243,184.107,0.1,0.1
30.03.2021 06:32:19.548 GMT-0700,184.273,184.107,0.1,0.1
30.03.2021 06:32:19.627 GMT-0700,184.243,184.107,0.1,0.1
30.03.2021 06:32:20.415 GMT-0700,184.24200000000002,184.108,0.1,0.1
30.03.2021 06:32:20.628 GMT-0700,184.19299999999998,184.137,0.0008,0.075
30.03.2021 06:32:20.703 GMT-0700,184.202,184.078,0.1,0.1
30.03.2021 06:32:20.761 GMT-0700,184.183,184.02700000000002,0.1,0.1
30.03.2021 06:32:20.819 GMT-0700,184.183,184.02700000000002,0.1,0.1
30.03.2021 06:32:20.869 GMT-0700,184.18200000000002,184.028,0.1,0.1
30.03.2021 06:32:20.926 GMT-0700,184.183,184.02700000000002,0.1,0.1
30.03.2021 06:32:21.434 GMT-0700,184.27200000000002,184.058,0.1,0.1
30.03.2021 06:32:21.484 GMT-0700,184.30200000000002,184.168,0.1,0.1
30.03.2021 06:32:21.585 GMT-0700,184.262,184.09799999999998,0.1,0.1
30.03.2021 06:32:21.818 GMT-0700,184.303,184.097,0.1,0.1
30.03.2021 06:32:21.868 GMT-0700,184.30200000000002,184.138,0.1,0.1
30.03.2021 06:32:21.919 GMT-0700,184.253,184.137,0.1,0.1
30.03.2021 06:32:22.203 GMT-0700,184.253,184.097,0.1,0.1
30.03.2021 06:32:22.546 GMT-0700,184.222,184.09799999999998,0.0008,0.075
30.03.2021 06:32:22.596 GMT-0700,184.22299999999998,184.05700000000002,0.1,0.1
30.03.2021 06:32:23.264 GMT-0700,184.222,184.058,0.1,0.1
30.03.2021 06:32:24.484 GMT-0700,184.213,184.107,0.1,0.1
30.03.2021 06:32:24.860 GMT-0700,184.263,184.107,0.1,0.1
30.03.2021 06:32:24.910 GMT-0700,184.262,184.118,0.1,0.1
30.03.2021 06:32:25.257 GMT-0700,184.263,184.08700000000002,0.1,0.1
30.03.2021 06:32:25.308 GMT-0700,184.202,184.088,0.1,0.1
30.03.2021 06:32:25.361 GMT-0700,184.202,184.028,0.1,0.1
30.03.2021 06:32:25.440 GMT-0700,184.203,183.98700000000002,0.1,0.1
30.03.2021 06:32:25.490 GMT-0700,184.183,183.98700000000002,0.1,0.1
30.03.2021 06:32:26.617 GMT-0700,184.122,183.988,0.0008,0.1
30.03.2021 06:32:26.667 GMT-0700,184.123,183.937,0.1,0.1
30.03.2021 06:32:27.662 GMT-0700,184.123,184.02700000000002,0.0008,0.075
30.03.2021 06:32:27.713 GMT-0700,184.202,183.988,0.1,0.1
30.03.2021 06:32:27.763 GMT-0700,184.15200000000002,183.988,0.1,0.1
30.03.2021 06:32:28.427 GMT-0700,184.263,183.98700000000002,0.1,0.1
30.03.2021 06:32:28.478 GMT-0700,184.21200000000002,184.058,0.1,0.1
30.03.2021 06:32:28.529 GMT-0700,184.21200000000002,183.988,0.1,0.1
30.03.2021 06:32:28.688 GMT-0700,184.213,183.98700000000002,0.1,0.1
30.03.2021 06:32:29.170 GMT-0700,184.162,183.988,0.1,0.1
30.03.2021 06:32:29.220 GMT-0700,184.19299999999998,183.98700000000002,0.1,0.1
30.03.2021 06:32:29.282 GMT-0700,184.162,183.988,0.0008,0.1
30.03.2021 06:32:29.333 GMT-0700,184.21200000000002,183.988,0.1,0.1
30.03.2021 06:32:29.442 GMT-0700,184.16299999999998,183.98700000000002,0.1,0.1
30.03.2021 06:32:29.695 GMT-0700,184.21200000000002,183.988,0.1,0.1
30.03.2021 06:32:29.908 GMT-0700,184.16299999999998,183.98700000000002,0.0008,0.1
30.03.2021 06:32:33.036 GMT-0700,184.162,183.938,0.1,0.1
30.03.2021 06:32:33.086 GMT-0700,184.16299999999998,184.02700000000002,0.1,0.1
30.03.2021 06:32:33.197 GMT-0700,184.162,183.958,0.1,0.1
30.03.2021 06:32:33.259 GMT-0700,184.162,184.008,0.1,0.075
30.03.2021 06:32:33.526 GMT-0700,184.21200000000002,184.008,0.1,0.1
30.03.2021 06:32:34.269 GMT-0700,184.173,184.007,0.0008,0.1
30.03.2021 06:32:35.944 GMT-0700,184.213,184.007,0.1,0.1
30.03.2021 06:32:36.329 GMT-0700,184.16299999999998,184.007,0.1,0.1
30.03.2021 06:32:36.830 GMT-0700,184.15200000000002,184.008,0.0008,0.1
30.03.2021 06:32:36.931 GMT-0700,184.14200000000002,184.008,0.1,0.1
30.03.2021 06:32:37.318 GMT-0700,184.133,184.037,0.1,0.1
30.03.2021 06:32:37.369 GMT-0700,184.18200000000002,184.008,0.1,0.1
30.03.2021 06:32:37.419 GMT-0700,184.15200000000002,184.058,0.1,0.1
30.03.2021 06:32:37.469 GMT-0700,184.183,184.05700000000002,0.1,0.1
30.03.2021 06:32:39.053 GMT-0700,184.213,184.05700000000002,0.1,0.1
30.03.2021 06:32:39.103 GMT-0700,184.192,184.058,0.1,0.1
30.03.2021 06:32:40.090 GMT-0700,184.16299999999998,184.05700000000002,0.0008,0.1
30.03.2021 06:32:40.260 GMT-0700,184.16299999999998,184.007,0.1,0.1
30.03.2021 06:32:40.423 GMT-0700,184.162,183.978,0.1,0.1
30.03.2021 06:32:40.476 GMT-0700,184.162,183.978,0.1,0.1
30.03.2021 06:32:40.611 GMT-0700,184.16299999999998,184.05700000000002,0.1,0.075
30.03.2021 06:32:41.690 GMT-0700,184.16299999999998,184.107,0.0008,0.075
30.03.2021 06:32:41.740 GMT-0700,184.232,184.09799999999998,0.1,0.1
30.03.2021 06:32:43.123 GMT-0700,184.253,184.097,0.1,0.1
30.03.2021 06:32:43.173 GMT-0700,184.24200000000002,184.09799999999998,0.1,0.1
30.03.2021 06:32:43.459 GMT-0700,184.213,184.097,0.0008,0.1
30.03.2021 06:32:43.667 GMT-0700,184.24200000000002,184.09799999999998,0.1,0.1
30.03.2021 06:32:44.398 GMT-0700,184.253,184.127,0.1,0.1
30.03.2021 06:32:44.609 GMT-0700,184.303,184.20700000000002,0.0008,0.075
30.03.2021 06:32:44.659 GMT-0700,184.303,184.167,0.1,0.1
30.03.2021 06:32:44.759 GMT-0700,184.322,184.188,0.1,0.1
30.03.2021 06:32:45.039 GMT-0700,184.323,184.167,0.1,0.1
30.03.2021 06:32:45.089 GMT-0700,184.323,184.187,0.1,0.1
30.03.2021 06:32:45.285 GMT-0700,184.342,184.218,0.1,0.1
30.03.2021 06:32:45.385 GMT-0700,184.353,184.187,0.1,0.1
30.03.2021 06:32:45.636 GMT-0700,184.30200000000002,184.188,0.1,0.1
30.03.2021 06:32:46.201 GMT-0700,184.30200000000002,184.168,0.1,0.1
30.03.2021 06:32:46.395 GMT-0700,184.353,184.167,0.1,0.1
30.03.2021 06:32:46.446 GMT-0700,184.353,184.187,0.1,0.1
30.03.2021 06:32:46.498 GMT-0700,184.322,184.188,0.0008,0.1
30.03.2021 06:32:46.727 GMT-0700,184.30200000000002,184.188,0.1,0.1
30.03.2021 06:32:47.986 GMT-0700,184.303,184.217,0.1,0.1
30.03.2021 06:32:48.330 GMT-0700,184.30200000000002,184.188,0.1,0.1
30.03.2021 06:32:49.538 GMT-0700,184.39200000000002,184.248,0.1,0.1
30.03.2021 06:32:49.639 GMT-0700,184.393,184.217,0.1,0.1
30.03.2021 06:32:49.689 GMT-0700,184.36200000000002,184.218,0.1,0.1
30.03.2021 06:32:50.068 GMT-0700,184.36200000000002,184.218,0.1,0.1
30.03.2021 06:32:50.118 GMT-0700,184.333,184.187,0.1,0.1
30.03.2021 06:32:51.207 GMT-0700,184.333,184.187,0.1,0.1
30.03.2021 06:32:52.245 GMT-0700,184.36200000000002,184.228,0.1,0.1
30.03.2021 06:32:52.377 GMT-0700,184.343,184.227,0.0008,0.1
30.03.2021 06:32:52.427 GMT-0700,184.342,184.208,0.1,0.1
30.03.2021 06:32:52.523 GMT-0700,184.322,184.208,0.0008,0.1
30.03.2021 06:32:52.573 GMT-0700,184.303,184.167,0.1,0.1
30.03.2021 06:32:52.624 GMT-0700,184.342,184.188,0.1,0.1
30.03.2021 06:32:52.674 GMT-0700,184.343,184.20700000000002,0.1,0.1
30.03.2021 06:32:54.083 GMT-0700,184.323,184.20700000000002,0.0008,0.1
30.03.2021 06:32:54.133 GMT-0700,184.323,184.187,0.1,0.1
30.03.2021 06:32:54.253 GMT-0700,184.372,184.188,0.1,0.1
30.03.2021 06:32:54.304 GMT-0700,184.373,184.247,0.1,0.1
30.03.2021 06:32:54.354 GMT-0700,184.353,184.227,0.1,0.1
30.03.2021 06:32:54.627 GMT-0700,184.373,184.257,0.1,0.1
30.03.2021 06:32:54.677 GMT-0700,184.373,184.247,0.1,0.1
30.03.2021 06:32:54.931 GMT-0700,184.352,184.228,0.1,0.1
30.03.2021 06:32:55.039 GMT-0700,184.372,184.228,0.1,0.1
30.03.2021 06:32:55.175 GMT-0700,184.373,184.247,0.1,0.075
30.03.2021 06:32:55.226 GMT-0700,184.372,184.228,0.1,0.1
30.03.2021 06:32:55.276 GMT-0700,184.352,184.228,0.1,0.1
30.03.2021 06:32:55.823 GMT-0700,184.352,184.208,0.1,0.1
30.03.2021 06:32:55.933 GMT-0700,184.352,184.218,0.1,0.075
30.03.2021 06:32:56.302 GMT-0700,184.352,184.218,0.1,0.1
30.03.2021 06:32:56.352 GMT-0700,184.352,184.218,0.1,0.1
30.03.2021 06:32:56.403 GMT-0700,184.352,184.228,0.1,0.1
30.03.2021 06:32:56.505 GMT-0700,184.372,184.228,0.1,0.1
30.03.2021 06:32:56.880 GMT-0700,184.373,184.247,0.1,0.075
30.03.2021 06:32:56.981 GMT-0700,184.342,184.248,0.1,0.1
30.03.2021 06:32:57.315 GMT-0700,184.342,184.228,0.1,0.1
30.03.2021 06:32:57.772 GMT-0700,184.342,184.228,0.1,0.1
30.03.2021 06:32:58.419 GMT-0700,184.342,184.268,0.1,0.075
30.03.2021 06:32:58.770 GMT-0700,184.342,184.248,0.1,0.1
30.03.2021 06:32:58.875 GMT-0700,184.343,184.247,0.1,0.1
30.03.2021 06:32:58.975 GMT-0700,184.333,184.227,0.1,0.1
30.03.2021 06:32:59.490 GMT-0700,184.33200000000002,184.228,0.1,0.1
30.03.2021 06:32:59.591 GMT-0700,184.333,184.227,0.1,0.1
30.03.2021 06:33:00.850 GMT-0700,184.322,184.228,0.0008,0.1
30.03.2021 06:33:00.901 GMT-0700,184.19299999999998,184.05700000000002,0.1,0.1
30.03.2021 06:33:00.951 GMT-0700,184.183,184.05700000000002,0.1,0.1
30.03.2021 06:33:01.052 GMT-0700,184.21200000000002,184.09799999999998,0.1,0.1
30.03.2021 06:33:01.102 GMT-0700,184.21200000000002,184.078,0.1,0.1
30.03.2021 06:33:01.575 GMT-0700,184.213,184.077,0.1,0.1
30.03.2021 06:33:01.626 GMT-0700,184.213,184.08700000000002,0.1,0.1
30.03.2021 06:33:01.794 GMT-0700,184.21200000000002,184.088,0.1,0.1
30.03.2021 06:33:01.844 GMT-0700,184.21200000000002,184.088,0.1,0.1
30.03.2021 06:33:01.922 GMT-0700,184.232,184.088,0.1,0.1
30.03.2021 06:33:01.972 GMT-0700,184.24200000000002,184.108,0.1,0.1
30.03.2021 06:33:02.072 GMT-0700,184.282,184.158,0.1,0.1
30.03.2021 06:33:02.197 GMT-0700,184.262,184.118,0.1,0.1
30.03.2021 06:33:02.248 GMT-0700,184.282,184.138,0.1,0.1
30.03.2021 06:33:02.398 GMT-0700,184.262,184.138,0.1,0.1
30.03.2021 06:33:02.449 GMT-0700,184.283,184.137,0.1,0.1
30.03.2021 06:33:02.510 GMT-0700,184.262,184.138,0.0008,0.1
30.03.2021 06:33:02.893 GMT-0700,184.262,184.108,0.1,0.1
30.03.2021 06:33:02.962 GMT-0700,184.263,184.107,0.1,0.1
30.03.2021 06:33:03.087 GMT-0700,184.233,184.107,0.1,0.1
30.03.2021 06:33:03.188 GMT-0700,184.262,184.138,0.1,0.1
30.03.2021 06:33:03.238 GMT-0700,184.283,184.137,0.1,0.1
30.03.2021 06:33:03.288 GMT-0700,184.263,184.137,0.1,0.1
30.03.2021 06:33:03.451 GMT-0700,184.263,184.157,0.0008,0.075
30.03.2021 06:33:03.502 GMT-0700,184.283,184.157,0.1,0.1
30.03.2021 06:33:03.725 GMT-0700,184.303,184.157,0.1,0.1
30.03.2021 06:33:03.775 GMT-0700,184.282,184.158,0.1,0.1
30.03.2021 06:33:04.236 GMT-0700,184.303,184.17700000000002,0.1,0.1
30.03.2021 06:33:04.286 GMT-0700,184.342,184.198,0.1,0.1
30.03.2021 06:33:04.336 GMT-0700,184.322,184.198,0.1,0.1
30.03.2021 06:33:04.386 GMT-0700,184.343,184.197,0.1,0.1
30.03.2021 06:33:04.437 GMT-0700,184.342,184.218,0.1,0.1
30.03.2021 06:33:04.560 GMT-0700,184.39200000000002,184.258,0.1,0.1
30.03.2021 06:33:04.610 GMT-0700,184.353,184.23700000000002,0.1,0.1
30.03.2021 06:33:04.661 GMT-0700,184.373,184.23700000000002,0.1,0.1
30.03.2021 06:33:04.784 GMT-0700,184.393,184.257,0.1,0.075
30.03.2021 06:33:05.316 GMT-0700,184.372,184.258,0.1,0.1
30.03.2021 06:33:05.460 GMT-0700,184.393,184.257,0.1,0.1
30.03.2021 06:33:05.751 GMT-0700,184.373,184.257,0.1,0.1
30.03.2021 06:33:06.059 GMT-0700,184.373,184.23700000000002,0.1,0.1
30.03.2021 06:33:06.419 GMT-0700,184.39200000000002,184.238,0.1,0.1
30.03.2021 06:33:06.469 GMT-0700,184.393,184.257,0.1,0.1
30.03.2021 06:33:07.355 GMT-0700,184.41299999999998,184.257,0.1,0.1
30.03.2021 06:33:07.456 GMT-0700,184.393,184.257,0.1,0.1
30.03.2021 06:33:07.607 GMT-0700,184.373,184.23700000000002,0.1,0.1
30.03.2021 06:33:07.791 GMT-0700,184.372,184.218,0.1,0.1
30.03.2021 06:33:08.290 GMT-0700,184.372,184.218,0.1,0.1
30.03.2021 06:33:08.340 GMT-0700,184.372,184.238,0.1,0.1
30.03.2021 06:33:08.443 GMT-0700,184.353,184.217,0.1,0.1
30.03.2021 06:33:08.757 GMT-0700,184.372,184.268,0.0008,0.075
30.03.2021 06:33:08.808 GMT-0700,184.393,184.26700000000002,0.1,0.1
30.03.2021 06:33:08.955 GMT-0700,184.39200000000002,184.28799999999998,0.0008,0.075
30.03.2021 06:33:09.006 GMT-0700,184.412,184.268,0.1,0.1
30.03.2021 06:33:09.109 GMT-0700,184.41299999999998,184.287,0.1,0.075
30.03.2021 06:33:09.160 GMT-0700,184.393,184.247,0.1,0.1
30.03.2021 06:33:09.347 GMT-0700,184.393,184.247,0.1,0.1
30.03.2021 06:33:09.833 GMT-0700,184.39200000000002,184.248,0.1,0.1
30.03.2021 06:33:10.230 GMT-0700,184.372,184.248,0.1,0.1
30.03.2021 06:33:10.441 GMT-0700,184.39200000000002,184.268,0.1,0.1
30.03.2021 06:33:10.958 GMT-0700,184.412,184.268,0.1,0.1
30.03.2021 06:33:11.031 GMT-0700,184.412,184.28799999999998,0.1,0.1
30.03.2021 06:33:11.242 GMT-0700,184.44299999999998,184.327,0.1,0.1
30.03.2021 06:33:11.343 GMT-0700,184.472,184.34799999999998,0.1,0.1
30.03.2021 06:33:11.924 GMT-0700,184.513,184.347,0.1,0.1
30.03.2021 06:33:11.974 GMT-0700,184.493,184.36700000000002,0.1,0.1
30.03.2021 06:33:12.025 GMT-0700,184.452,184.34799999999998,0.0008,0.1
30.03.2021 06:33:12.075 GMT-0700,184.47299999999998,184.347,0.1,0.1
30.03.2021 06:33:12.324 GMT-0700,184.453,184.347,0.1,0.1
30.03.2021 06:33:12.684 GMT-0700,184.452,184.398,0.0008,0.075
30.03.2021 06:33:12.735 GMT-0700,184.512,184.388,0.1,0.1
30.03.2021 06:33:12.814 GMT-0700,184.513,184.36700000000002,0.1,0.1
30.03.2021 06:33:12.953 GMT-0700,184.513,184.36700000000002,0.1,0.1
30.03.2021 06:33:13.243 GMT-0700,184.493,184.387,0.0008,0.075
30.03.2021 06:33:13.293 GMT-0700,184.512,184.368,0.1,0.1
30.03.2021 06:33:13.407 GMT-0700,184.493,184.36700000000002,0.0008,0.1
30.03.2021 06:33:14.670 GMT-0700,184.513,184.36700000000002,0.1,0.1
30.03.2021 06:33:14.720 GMT-0700,184.513,184.387,0.1,0.1
30.03.2021 06:33:15.085 GMT-0700,184.493,184.387,0.0008,0.1
30.03.2021 06:33:15.185 GMT-0700,184.472,184.34799999999998,0.1,0.1
30.03.2021 06:33:15.236 GMT-0700,184.49200000000002,184.368,0.1,0.1
30.03.2021 06:33:15.441 GMT-0700,184.493,184.347,0.1,0.1
30.03.2021 06:33:15.491 GMT-0700,184.472,184.34799999999998,0.1,0.1
30.03.2021 06:33:15.948 GMT-0700,184.512,184.368,0.1,0.1
30.03.2021 06:33:15.999 GMT-0700,184.512,184.388,0.1,0.1
30.03.2021 06:33:16.391 GMT-0700,184.513,184.36700000000002,0.1,0.1
30.03.2021 06:33:16.591 GMT-0700,184.493,184.347,0.1,0.1
30.03.2021 06:33:16.709 GMT-0700,184.49200000000002,184.368,0.1,0.075
30.03.2021 06:33:16.759 GMT-0700,184.482,184.34799999999998,0.1,0.1
30.03.2021 06:33:16.810 GMT-0700,184.49200000000002,184.368,0.1,0.1
30.03.2021 06:33:17.055 GMT-0700,184.513,184.387,0.1,0.1
30.03.2021 06:33:17.339 GMT-0700,184.523,184.387,0.1,0.1
30.03.2021 06:33:17.515 GMT-0700,184.523,184.387,0.1,0.1
30.03.2021 06:33:17.767 GMT-0700,184.573,184.42700000000002,0.1,0.1
30.03.2021 06:33:17.817 GMT-0700,184.573,184.447,0.1,0.1
30.03.2021 06:33:17.868 GMT-0700,184.563,184.447,0.1,0.1
30.03.2021 06:33:18.008 GMT-0700,184.573,184.447,0.1,0.1
30.03.2021 06:33:18.102 GMT-0700,184.562,184.448,0.0008,0.1
30.03.2021 06:33:18.152 GMT-0700,184.563,184.42700000000002,0.1,0.1
30.03.2021 06:33:18.381 GMT-0700,184.563,184.42700000000002,0.1,0.1
30.03.2021 06:33:18.516 GMT-0700,184.553,184.42700000000002,0.1,0.1
30.03.2021 06:33:18.566 GMT-0700,184.533,184.407,0.1,0.1
30.03.2021 06:33:18.763 GMT-0700,184.553,184.407,0.1,0.1
30.03.2021 06:33:18.855 GMT-0700,184.532,184.408,0.0008,0.1
30.03.2021 06:33:19.925 GMT-0700,184.52200000000002,184.408,0.0008,0.1
30.03.2021 06:33:20.098 GMT-0700,184.502,184.408,0.0008,0.075
30.03.2021 06:33:20.148 GMT-0700,184.482,184.34799999999998,0.1,0.1
30.03.2021 06:33:20.415 GMT-0700,184.49200000000002,184.34799999999998,0.1,0.1
30.03.2021 06:33:20.465 GMT-0700,184.49200000000002,184.368,0.1,0.1
30.03.2021 06:33:20.755 GMT-0700,184.502,184.368,0.1,0.1
30.03.2021 06:33:20.981 GMT-0700,184.502,184.368,0.1,0.1
30.03.2021 06:33:21.258 GMT-0700,184.502,184.388,0.1,0.075
30.03.2021 06:33:21.308 GMT-0700,184.503,184.377,0.1,0.1
30.03.2021 06:33:21.384 GMT-0700,184.503,184.377,0.1,0.1
30.03.2021 06:33:21.880 GMT-0700,184.512,184.388,0.1,0.1
30.03.2021 06:33:22.744 GMT-0700,184.502,184.388,0.0008,0.1
30.03.2021 06:33:22.844 GMT-0700,184.513,184.387,0.1,0.1
30.03.2021 06:33:23.674 GMT-0700,184.503,184.387,0.0008,0.1
30.03.2021 06:33:23.724 GMT-0700,184.502,184.378,0.1,0.1
30.03.2021 06:33:23.795 GMT-0700,184.503,184.377,0.1,0.1
30.03.2021 06:33:24.068 GMT-0700,184.503,184.377,0.1,0.1
30.03.2021 06:33:24.727 GMT-0700,184.502,184.388,0.1,0.075
30.03.2021 06:33:25.015 GMT-0700,184.502,184.378,0.1,0.1
30.03.2021 06:33:25.113 GMT-0700,184.532,184.378,0.1,0.1
30.03.2021 06:33:25.164 GMT-0700,184.563,184.407,0.1,0.1
30.03.2021 06:33:25.215 GMT-0700,184.503,184.39700000000002,0.1,0.1
30.03.2021 06:33:25.315 GMT-0700,184.52200000000002,184.378,0.1,0.1
30.03.2021 06:33:25.367 GMT-0700,184.532,184.398,0.1,0.1
30.03.2021 06:33:25.489 GMT-0700,184.533,184.39700000000002,0.1,0.1
30.03.2021 06:33:25.539 GMT-0700,184.533,184.407,0.1,0.1
30.03.2021 06:33:25.590 GMT-0700,184.543,184.407,0.1,0.1
30.03.2021 06:33:25.828 GMT-0700,184.55200000000002,184.408,0.1,0.1
30.03.2021 06:33:26.095 GMT-0700,184.542,184.408,0.1,0.1
30.03.2021 06:33:26.198 GMT-0700,184.563,184.407,0.1,0.1
30.03.2021 06:33:26.459 GMT-0700,184.553,184.407,0.0008,0.1
30.03.2021 06:33:26.648 GMT-0700,184.542,184.408,0.1,0.1
30.03.2021 06:33:27.547 GMT-0700,184.553,184.42700000000002,0.1,0.1
30.03.2021 06:33:28.002 GMT-0700,184.542,184.428,0.0008,0.1
30.03.2021 06:33:28.507 GMT-0700,184.542,184.398,0.1,0.1
30.03.2021 06:33:28.581 GMT-0700,184.543,184.39700000000002,0.1,0.1
30.03.2021 06:33:28.880 GMT-0700,184.52200000000002,184.408,0.1,0.1
30.03.2021 06:33:29.251 GMT-0700,184.52200000000002,184.388,0.1,0.1
30.03.2021 06:33:29.312 GMT-0700,184.523,184.407,0.1,0.075
30.03.2021 06:33:30.116 GMT-0700,184.533,184.407,0.1,0.1
30.03.2021 06:33:30.990 GMT-0700,184.542,184.408,0.1,0.1
30.03.2021 06:33:31.047 GMT-0700,184.553,184.42700000000002,0.1,0.1
30.03.2021 06:33:31.193 GMT-0700,184.52200000000002,184.388,0.1,0.1
30.03.2021 06:33:31.263 GMT-0700,184.533,184.407,0.1,0.1
30.03.2021 06:33:31.509 GMT-0700,184.52200000000002,184.408,0.0008,0.1
30.03.2021 06:33:32.724 GMT-0700,184.533,184.407,0.1,0.1
30.03.2021 06:33:32.990 GMT-0700,184.52200000000002,184.408,0.1,0.1
30.03.2021 06:33:33.147 GMT-0700,184.553,184.407,0.1,0.1
30.03.2021 06:33:33.197 GMT-0700,184.55200000000002,184.428,0.1,0.1
30.03.2021 06:33:33.410 GMT-0700,184.563,184.42700000000002,0.1,0.1
30.03.2021 06:33:33.747 GMT-0700,184.562,184.448,0.1,0.1
30.03.2021 06:33:34.028 GMT-0700,184.562,184.428,0.1,0.1
30.03.2021 06:33:34.105 GMT-0700,184.512,184.428,0.0008,0.1
30.03.2021 06:33:34.155 GMT-0700,184.513,184.417,0.1,0.1
30.03.2021 06:33:34.259 GMT-0700,184.512,184.418,0.1,0.1
30.03.2021 06:33:35.064 GMT-0700,184.512,184.448,0.1,0.075
30.03.2021 06:33:35.114 GMT-0700,184.572,184.448,0.1,0.1
30.03.2021 06:33:35.616 GMT-0700,184.573,184.42700000000002,0.1,0.1
30.03.2021 06:33:35.667 GMT-0700,184.572,184.448,0.1,0.1
30.03.2021 06:33:36.348 GMT-0700,184.573,184.45700000000002,0.1,0.075
30.03.2021 06:33:36.449 GMT-0700,184.573,184.447,0.1,0.1
30.03.2021 06:33:36.552 GMT-0700,184.573,184.45700000000002,0.1,0.1
30.03.2021 06:33:36.681 GMT-0700,184.55200000000002,184.428,0.1,0.1
30.03.2021 06:33:37.040 GMT-0700,184.52200000000002,184.428,0.0008,0.1
30.03.2021 06:33:37.410 GMT-0700,184.55200000000002,184.428,0.1,0.1
30.03.2021 06:33:37.543 GMT-0700,184.543,184.42700000000002,0.1,0.1
30.03.2021 06:33:40.110 GMT-0700,184.513,184.42700000000002,0.0008,0.1
30.03.2021 06:33:40.578 GMT-0700,184.503,184.42700000000002,0.0008,0.1
30.03.2021 06:33:40.678 GMT-0700,184.572,184.458,0.1,0.1
30.03.2021 06:33:40.728 GMT-0700,184.543,184.447,0.1,0.1
30.03.2021 06:33:40.842 GMT-0700,184.532,184.438,0.1,0.1
30.03.2021 06:33:41.190 GMT-0700,184.523,184.437,0.1,0.1
30.03.2021 06:33:48.741 GMT-0700,184.47299999999998,184.437,0.0008,0.1
30.03.2021 06:33:48.791 GMT-0700,184.383,184.26700000000002,0.1,0.1
30.03.2021 06:33:48.841 GMT-0700,184.412,184.308,0.1,0.1
30.03.2021 06:33:48.942 GMT-0700,184.343,184.26700000000002,0.1,0.1
30.03.2021 06:33:48.992 GMT-0700,184.36200000000002,184.268,0.1,0.1
30.03.2021 06:33:49.043 GMT-0700,184.353,184.26700000000002,0.1,0.1
30.03.2021 06:33:49.236 GMT-0700,184.353,184.26700000000002,0.1,0.1
30.03.2021 06:33:49.287 GMT-0700,184.40200000000002,184.28799999999998,0.1,0.1
30.03.2021 06:33:49.337 GMT-0700,184.393,184.27700000000002,0.1,0.1
30.03.2021 06:33:49.387 GMT-0700,184.40200000000002,184.278,0.1,0.1
30.03.2021 06:33:49.437 GMT-0700,184.403,184.287,0.1,0.1
30.03.2021 06:33:49.563 GMT-0700,184.383,184.26700000000002,0.1,0.1
30.03.2021 06:33:49.671 GMT-0700,184.33200000000002,184.208,0.1,0.1
30.03.2021 06:33:49.721 GMT-0700,184.36200000000002,184.248,0.1,0.1
30.03.2021 06:33:49.826 GMT-0700,184.36200000000002,184.238,0.1,0.1
30.03.2021 06:33:49.877 GMT-0700,184.33200000000002,184.248,0.1,0.1
30.03.2021 06:33:49.927 GMT-0700,184.363,184.247,0.1,0.1
30.03.2021 06:33:49.994 GMT-0700,184.36200000000002,184.228,0.1,0.1
30.03.2021 06:33:50.044 GMT-0700,184.343,184.217,0.1,0.1
30.03.2021 06:33:50.095 GMT-0700,184.352,184.218,0.1,0.1
30.03.2021 06:33:50.145 GMT-0700,184.342,184.218,0.1,0.1
30.03.2021 06:33:50.196 GMT-0700,184.363,184.217,0.1,0.1
30.03.2021 06:33:50.246 GMT-0700,184.353,184.23700000000002,0.1,0.1
30.03.2021 06:33:50.390 GMT-0700,184.363,184.23700000000002,0.1,0.1
30.03.2021 06:33:50.440 GMT-0700,184.36200000000002,184.248,0.1,0.1
30.03.2021 06:33:50.535 GMT-0700,184.363,184.23700000000002,0.1,0.1
30.03.2021 06:33:50.630 GMT-0700,184.363,184.247,0.1,0.075
30.03.2021 06:33:51.021 GMT-0700,184.33200000000002,184.218,0.1,0.1
30.03.2021 06:33:51.491 GMT-0700,184.383,184.287,0.1,0.1
30.03.2021 06:33:51.541 GMT-0700,184.382,184.238,0.1,0.1
30.03.2021 06:33:51.629 GMT-0700,184.373,184.23700000000002,0.1,0.1
30.03.2021 06:33:51.972 GMT-0700,184.382,184.258,0.1,0.1
30.03.2021 06:33:52.185 GMT-0700,184.372,184.258,0.0008,0.1
30.03.2021 06:33:52.918 GMT-0700,184.383,184.257,0.1,0.1
30.03.2021 06:33:53.387 GMT-0700,184.383,184.27700000000002,0.1,0.1
30.03.2021 06:33:53.876 GMT-0700,184.382,184.298,0.1,0.1
30.03.2021 06:33:53.926 GMT-0700,184.382,184.278,0.1,0.1
30.03.2021 06:33:54.017 GMT-0700,184.383,184.27700000000002,0.1,0.1
30.03.2021 06:33:54.705 GMT-0700,184.382,184.268,0.1,0.1
30.03.2021 06:33:54.766 GMT-0700,184.382,184.278,0.1,0.075
30.03.2021 06:33:55.198 GMT-0700,184.382,184.308,0.1,0.1
30.03.2021 06:33:55.819 GMT-0700,184.383,184.287,0.1,0.1
30.03.2021 06:33:56.591 GMT-0700,184.383,184.287,0.1,0.1
30.03.2021 06:33:57.275 GMT-0700,184.383,184.297,0.1,0.1
30.03.2021 06:33:57.881 GMT-0700,184.382,184.298,0.1,0.1
30.03.2021 06:33:58.124 GMT-0700,184.382,184.298,0.1,0.1
30.03.2021 06:33:58.283 GMT-0700,184.383,184.287,0.1,0.1
30.03.2021 06:33:58.482 GMT-0700,184.373,184.297,0.1,0.1
30.03.2021 06:33:58.734 GMT-0700,184.373,184.26700000000002,0.1,0.1
30.03.2021 06:33:58.798 GMT-0700,184.373,184.26700000000002,0.1,0.1
30.03.2021 06:33:58.943 GMT-0700,184.363,184.27700000000002,0.0008,0.075
30.03.2021 06:33:58.993 GMT-0700,184.36200000000002,184.248,0.1,0.1
30.03.2021 06:33:59.044 GMT-0700,184.373,184.27700000000002,0.1,0.1
30.03.2021 06:33:59.658 GMT-0700,184.373,184.297,0.1,0.1
30.03.2021 06:34:00.120 GMT-0700,184.373,184.26700000000002,0.1,0.1
30.03.2021 06:34:00.651 GMT-0700,184.373,184.26700000000002,0.1,0.1
30.03.2021 06:34:00.878 GMT-0700,184.382,184.298,0.1,0.1
30.03.2021 06:34:00.928 GMT-0700,184.383,184.26700000000002,0.1,0.1
30.03.2021 06:34:00.979 GMT-0700,184.383,184.297,0.1,0.1
30.03.2021 06:34:01.970 GMT-0700,184.383,184.297,0.1,0.1
30.03.2021 06:34:02.021 GMT-0700,184.382,184.268,0.1,0.1
30.03.2021 06:34:02.273 GMT-0700,184.382,184.298,0.1,0.1
30.03.2021 06:34:04.226 GMT-0700,184.30200000000002,184.178,0.1,0.1
30.03.2021 06:34:04.276 GMT-0700,184.30200000000002,184.188,0.1,0.1
30.03.2021 06:34:04.377 GMT-0700,184.262,184.198,0.1,0.1
30.03.2021 06:34:04.845 GMT-0700,184.30200000000002,184.188,0.1,0.1
30.03.2021 06:34:04.896 GMT-0700,184.30200000000002,184.208,0.1,0.1
30.03.2021 06:34:05.012 GMT-0700,184.303,184.227,0.1,0.075
30.03.2021 06:34:05.831 GMT-0700,184.303,184.217,0.1,0.1
30.03.2021 06:34:06.089 GMT-0700,184.303,184.217,0.1,0.1
30.03.2021 06:34:06.205 GMT-0700,184.36200000000002,184.228,0.1,0.1
30.03.2021 06:34:06.255 GMT-0700,184.36200000000002,184.258,0.1,0.1
30.03.2021 06:34:07.445 GMT-0700,184.363,184.347,0.0008,0.075
30.03.2021 06:34:07.495 GMT-0700,184.472,184.368,0.1,0.1
30.03.2021 06:34:07.546 GMT-0700,184.412,184.298,0.1,0.1
30.03.2021 06:34:07.596 GMT-0700,184.442,184.338,0.1,0.1
30.03.2021 06:34:07.700 GMT-0700,184.442,184.328,0.1,0.1
30.03.2021 06:34:07.969 GMT-0700,184.442,184.338,0.1,0.075
30.03.2021 06:34:08.201 GMT-0700,184.442,184.328,0.1,0.1
30.03.2021 06:34:08.436 GMT-0700,184.442,184.338,0.1,0.075
30.03.2021 06:34:09.295 GMT-0700,184.44299999999998,184.327,0.1,0.1
30.03.2021 06:34:10.177 GMT-0700,184.433,184.327,0.0008,0.075
30.03.2021 06:34:10.227 GMT-0700,184.43200000000002,184.308,0.1,0.1
30.03.2021 06:34:10.277 GMT-0700,184.442,184.328,0.1,0.1
30.03.2021 06:34:11.832 GMT-0700,184.46200000000002,184.328,0.1,0.1
30.03.2021 06:34:11.883 GMT-0700,184.46200000000002,184.34799999999998,0.1,0.1
30.03.2021 06:34:11.945 GMT-0700,184.482,184.34799999999998,0.1,0.1
30.03.2021 06:34:11.995 GMT-0700,184.482,184.368,0.1,0.1
30.03.2021 06:34:12.046 GMT-0700,184.463,184.347,0.1,0.1
30.03.2021 06:34:12.457 GMT-0700,184.483,184.347,0.1,0.1
30.03.2021 06:34:12.507 GMT-0700,184.483,184.36700000000002,0.1,0.1
30.03.2021 06:34:12.668 GMT-0700,184.482,184.34799999999998,0.1,0.1
30.03.2021 06:34:13.037 GMT-0700,184.483,184.327,0.1,0.1
30.03.2021 06:34:13.087 GMT-0700,184.422,184.308,0.1,0.1
30.03.2021 06:34:13.138 GMT-0700,184.44299999999998,184.30700000000002,0.1,0.1
30.03.2021 06:34:13.188 GMT-0700,184.46200000000002,184.328,0.1,0.1
30.03.2021 06:34:13.483 GMT-0700,184.433,184.347,0.1,0.1
30.03.2021 06:34:13.584 GMT-0700,184.433,184.347,0.1,0.1
30.03.2021 06:34:13.750 GMT-0700,184.43200000000002,184.34799999999998,0.1,0.1
30.03.2021 06:34:14.000 GMT-0700,184.533,184.36700000000002,0.1,0.1
30.03.2021 06:34:14.051 GMT-0700,184.573,184.447,0.1,0.1
30.03.2021 06:34:14.151 GMT-0700,184.533,184.42700000000002,0.1,0.1
30.03.2021 06:34:14.201 GMT-0700,184.573,184.42700000000002,0.1,0.1
30.03.2021 06:34:14.256 GMT-0700,184.55200000000002,184.428,0.0008,0.1
30.03.2021 06:34:14.357 GMT-0700,184.563,184.42700000000002,0.1,0.1
30.03.2021 06:34:14.446 GMT-0700,184.542,184.428,0.0008,0.1
30.03.2021 06:34:15.075 GMT-0700,184.563,184.42700000000002,0.1,0.1
30.03.2021 06:34:15.196 GMT-0700,184.542,184.428,0.1,0.1
30.03.2021 06:34:15.570 GMT-0700,184.52200000000002,184.428,0.0008,0.1
30.03.2021 06:34:16.300 GMT-0700,184.44299999999998,184.42700000000002,0.0008,0.075
30.03.2021 06:34:16.350 GMT-0700,184.442,184.308,0.1,0.1
30.03.2021 06:34:16.431 GMT-0700,184.44299999999998,184.30700000000002,0.1,0.1
30.03.2021 06:34:16.539 GMT-0700,184.412,184.28799999999998,0.1,0.1
30.03.2021 06:34:16.727 GMT-0700,184.393,184.287,0.1,0.1
30.03.2021 06:34:16.879 GMT-0700,184.41299999999998,184.287,0.1,0.1
30.03.2021 06:34:16.997 GMT-0700,184.412,184.28799999999998,0.1,0.1
30.03.2021 06:34:17.098 GMT-0700,184.373,184.287,0.1,0.1
30.03.2021 06:34:17.148 GMT-0700,184.393,184.287,0.1,0.1
30.03.2021 06:34:17.733 GMT-0700,184.41299999999998,184.287,0.1,0.1
30.03.2021 06:34:17.903 GMT-0700,184.463,184.327,0.1,0.1
30.03.2021 06:34:17.954 GMT-0700,184.463,184.377,0.1,0.1
30.03.2021 06:34:18.004 GMT-0700,184.463,184.347,0.1,0.1
30.03.2021 06:34:18.116 GMT-0700,184.463,184.317,0.1,0.1
30.03.2021 06:34:18.167 GMT-0700,184.46200000000002,184.378,0.1,0.1
30.03.2021 06:34:19.008 GMT-0700,184.482,184.378,0.1,0.1
30.03.2021 06:34:20.362 GMT-0700,184.463,184.377,0.0008,0.1
30.03.2021 06:34:20.412 GMT-0700,184.43200000000002,184.298,0.1,0.1
30.03.2021 06:34:20.463 GMT-0700,184.46200000000002,184.31799999999998,0.1,0.1
30.03.2021 06:34:20.531 GMT-0700,184.46200000000002,184.31799999999998,0.1,0.1
30.03.2021 06:34:20.670 GMT-0700,184.483,184.357,0.1,0.1
30.03.2021 06:34:21.351 GMT-0700,184.482,184.398,0.1,0.1
30.03.2021 06:34:21.531 GMT-0700,184.482,184.398,0.1,0.1
30.03.2021 06:34:21.969 GMT-0700,184.562,184.428,0.1,0.1
30.03.2021 06:34:23.041 GMT-0700,184.573,184.42700000000002,0.1,0.1
30.03.2021 06:34:23.092 GMT-0700,184.572,184.428,0.1,0.1
30.03.2021 06:34:23.334 GMT-0700,184.55200000000002,184.428,0.1,0.1
30.03.2021 06:34:23.790 GMT-0700,184.52200000000002,184.408,0.1,0.1
30.03.2021 06:34:24.188 GMT-0700,184.503,184.407,0.0008,0.1
30.03.2021 06:34:24.512 GMT-0700,184.523,184.407,0.1,0.1
30.03.2021 06:34:24.985 GMT-0700,184.553,184.417,0.1,0.1
30.03.2021 06:34:25.449 GMT-0700,184.573,184.417,0.1,0.1
30.03.2021 06:34:25.735 GMT-0700,184.573,184.417,0.1,0.1
30.03.2021 06:34:25.836 GMT-0700,184.573,184.417,0.1,0.1
30.03.2021 06:34:27.075 GMT-0700,184.572,184.418,0.1,0.1
30.03.2021 06:34:27.960 GMT-0700,184.573,184.42700000000002,0.1,0.1
30.03.2021 06:34:28.733 GMT-0700,184.553,184.417,0.1,0.1
30.03.2021 06:34:28.833 GMT-0700,184.563,184.437,0.1,0.1
30.03.2021 06:34:29.685 GMT-0700,184.532,184.438,0.0008,0.1
30.03.2021 06:34:30.067 GMT-0700,184.472,184.438,0.0008,0.1
30.03.2021 06:34:30.118 GMT-0700,184.49200000000002,184.438,0.1,0.1
30.03.2021 06:34:30.270 GMT-0700,184.482,184.438,0.0008,0.075
30.03.2021 06:34:30.320 GMT-0700,184.493,184.407,0.1,0.1
30.03.2021 06:34:30.481 GMT-0700,184.503,184.407,0.1,0.1
30.03.2021 06:34:32.506 GMT-0700,184.563,184.407,0.1,0.1
30.03.2021 06:34:32.557 GMT-0700,184.563,184.417,0.1,0.1
30.03.2021 06:34:32.607 GMT-0700,184.532,184.408,0.1,0.1
30.03.2021 06:34:33.325 GMT-0700,184.532,184.418,0.1,0.075
30.03.2021 06:34:33.375 GMT-0700,184.533,184.407,0.1,0.1
30.03.2021 06:34:33.439 GMT-0700,184.532,184.438,0.0008,0.075
30.03.2021 06:34:33.490 GMT-0700,184.563,184.42700000000002,0.1,0.1
30.03.2021 06:34:33.637 GMT-0700,184.563,184.45700000000002,0.0008,0.075
30.03.2021 06:34:33.687 GMT-0700,184.563,184.42700000000002,0.1,0.1
30.03.2021 06:34:33.865 GMT-0700,184.572,184.428,0.1,0.1
30.03.2021 06:34:33.916 GMT-0700,184.572,184.428,0.1,0.1
30.03.2021 06:34:33.966 GMT-0700,184.593,184.467,0.1,0.1
30.03.2021 06:34:34.375 GMT-0700,184.592,184.478,0.0008,0.1
30.03.2021 06:34:34.425 GMT-0700,184.603,184.477,0.1,0.1
30.03.2021 06:34:34.538 GMT-0700,184.603,184.477,0.1,0.1
30.03.2021 06:34:35.013 GMT-0700,184.532,184.478,0.0008,0.075
30.03.2021 06:34:35.064 GMT-0700,184.533,184.387,0.1,0.1
30.03.2021 06:34:35.114 GMT-0700,184.533,184.407,0.1,0.1
30.03.2021 06:34:35.326 GMT-0700,184.532,184.408,0.1,0.1
30.03.2021 06:34:35.507 GMT-0700,184.503,184.407,0.0008,0.1
30.03.2021 06:34:35.777 GMT-0700,184.512,184.408,0.1,0.1
30.03.2021 06:34:36.235 GMT-0700,184.512,184.408,0.1,0.1
30.03.2021 06:34:36.807 GMT-0700,184.512,184.408,0.1,0.1
30.03.2021 06:34:38.197 GMT-0700,184.512,184.418,0.1,0.075
30.03.2021 06:34:38.312 GMT-0700,184.513,184.417,0.1,0.1
30.03.2021 06:34:39.876 GMT-0700,184.512,184.458,0.1,0.1
30.03.2021 06:34:40.151 GMT-0700,184.512,184.448,0.1,0.1
30.03.2021 06:34:40.294 GMT-0700,184.512,184.418,0.1,0.1
30.03.2021 06:34:40.423 GMT-0700,184.512,184.418,0.1,0.1
30.03.2021 06:34:41.115 GMT-0700,184.512,184.448,0.1,0.1
30.03.2021 06:34:41.802 GMT-0700,184.49200000000002,184.388,0.1,0.1
30.03.2021 06:34:41.902 GMT-0700,184.533,184.417,0.1,0.1
30.03.2021 06:34:42.084 GMT-0700,184.532,184.418,0.1,0.1
30.03.2021 06:34:42.862 GMT-0700,184.563,184.42700000000002,0.1,0.1
30.03.2021 06:34:44.979 GMT-0700,184.562,184.428,0.1,0.1
30.03.2021 06:34:45.602 GMT-0700,184.44299999999998,184.42700000000002,0.0008,0.075
30.03.2021 06:34:45.653 GMT-0700,184.472,184.34799999999998,0.1,0.1
30.03.2021 06:34:45.703 GMT-0700,184.43200000000002,184.358,0.1,0.1
30.03.2021 06:34:45.753 GMT-0700,184.423,184.317,0.1,0.1
30.03.2021 06:34:45.804 GMT-0700,184.442,184.31799999999998,0.1,0.1
30.03.2021 06:34:45.859 GMT-0700,184.442,184.34799999999998,0.1,0.075
30.03.2021 06:34:46.348 GMT-0700,184.472,184.34799999999998,0.1,0.1
30.03.2021 06:34:46.571 GMT-0700,184.442,184.34799999999998,0.0008,0.1
30.03.2021 06:34:46.621 GMT-0700,184.373,184.227,0.1,0.1
30.03.2021 06:34:46.672 GMT-0700,184.373,184.257,0.1,0.1
30.03.2021 06:34:46.722 GMT-0700,184.39200000000002,184.258,0.1,0.1
30.03.2021 06:34:46.773 GMT-0700,184.373,184.257,0.1,0.1
30.03.2021 06:34:47.027 GMT-0700,184.373,184.257,0.1,0.1
30.03.2021 06:34:47.127 GMT-0700,184.372,184.258,0.1,0.1
30.03.2021 06:34:47.523 GMT-0700,184.39200000000002,184.258,0.1,0.1
30.03.2021 06:34:47.668 GMT-0700,184.39200000000002,184.278,0.1,0.075
30.03.2021 06:34:47.769 GMT-0700,184.393,184.257,0.1,0.1
30.03.2021 06:34:48.023 GMT-0700,184.393,184.257,0.1,0.1
30.03.2021 06:34:48.074 GMT-0700,184.393,184.257,0.1,0.1
30.03.2021 06:34:48.267 GMT-0700,184.39200000000002,184.258,0.1,0.1
30.03.2021 06:34:48.831 GMT-0700,184.41299999999998,184.27700000000002,0.1,0.1
30.03.2021 06:34:48.919 GMT-0700,184.393,184.27700000000002,0.1,0.1
30.03.2021 06:34:49.772 GMT-0700,184.393,184.257,0.1,0.1
30.03.2021 06:34:49.822 GMT-0700,184.373,184.257,0.1,0.1
30.03.2021 06:34:50.417 GMT-0700,184.39200000000002,184.258,0.1,0.1
30.03.2021 06:34:50.480 GMT-0700,184.393,184.257,0.1,0.1
30.03.2021 06:34:50.758 GMT-0700,184.343,184.227,0.1,0.1
30.03.2021 06:34:50.866 GMT-0700,184.373,184.257,0.1,0.1
30.03.2021 06:34:51.116 GMT-0700,184.353,184.257,0.1,0.1
30.03.2021 06:34:51.754 GMT-0700,184.352,184.258,0.1,0.1
30.03.2021 06:34:54.068 GMT-0700,184.233,184.127,0.1,0.1
30.03.2021 06:34:54.119 GMT-0700,184.263,184.14700000000002,0.1,0.1
30.03.2021 06:34:54.169 GMT-0700,184.24200000000002,184.158,0.1,0.1
30.03.2021 06:34:54.270 GMT-0700,184.202,184.108,0.1,0.1
30.03.2021 06:34:54.410 GMT-0700,184.22299999999998,184.14700000000002,0.0008,0.075
30.03.2021 06:34:54.460 GMT-0700,184.243,184.127,0.1,0.1
30.03.2021 06:34:54.511 GMT-0700,184.262,184.138,0.1,0.1
30.03.2021 06:34:54.611 GMT-0700,184.263,184.137,0.1,0.1
30.03.2021 06:34:54.662 GMT-0700,184.263,184.137,0.1,0.1
30.03.2021 06:34:54.712 GMT-0700,184.262,184.148,0.1,0.1
30.03.2021 06:34:54.819 GMT-0700,184.273,184.14700000000002,0.1,0.1
30.03.2021 06:34:54.869 GMT-0700,184.273,184.167,0.1,0.1
30.03.2021 06:34:56.167 GMT-0700,184.292,184.168,0.1,0.1
30.03.2021 06:34:56.928 GMT-0700,184.283,184.167,0.0008,0.1
30.03.2021 06:34:57.369 GMT-0700,184.262,184.168,0.1,0.1
30.03.2021 06:34:57.508 GMT-0700,184.253,184.167,0.1,0.1
30.03.2021 06:34:57.626 GMT-0700,184.262,184.168,0.1,0.1
30.03.2021 06:34:57.721 GMT-0700,184.263,184.167,0.1,0.1
30.03.2021 06:34:57.822 GMT-0700,184.273,184.167,0.1,0.1
30.03.2021 06:34:58.801 GMT-0700,184.282,184.168,0.1,0.1
30.03.2021 06:34:59.193 GMT-0700,184.283,184.167,0.1,0.1
30.03.2021 06:34:59.243 GMT-0700,184.323,184.20700000000002,0.1,0.1
30.03.2021 06:34:59.956 GMT-0700,184.303,184.20700000000002,0.0008,0.1
30.03.2021 06:35:00.348 GMT-0700,184.282,184.208,0.0008,0.1
30.03.2021 06:35:00.448 GMT-0700,184.303,184.20700000000002,0.1,0.1
30.03.2021 06:35:00.538 GMT-0700,184.283,184.20700000000002,0.0008,0.1
30.03.2021 06:35:00.947 GMT-0700,184.292,184.208,0.1,0.1
30.03.2021 06:35:01.096 GMT-0700,184.303,184.20700000000002,0.1,0.1
30.03.2021 06:35:01.908 GMT-0700,184.292,184.208,0.0008,0.1
30.03.2021 06:35:02.247 GMT-0700,184.303,184.20700000000002,0.1,0.1
30.03.2021 06:35:02.806 GMT-0700,184.282,184.208,0.1,0.1
30.03.2021 06:35:03.924 GMT-0700,184.222,184.148,0.1,0.1
30.03.2021 06:35:03.974 GMT-0700,184.233,184.11700000000002,0.1,0.1
30.03.2021 06:35:04.024 GMT-0700,184.24200000000002,184.138,0.1,0.1
30.03.2021 06:35:04.331 GMT-0700,184.232,184.148,0.0008,0.075
30.03.2021 06:35:04.382 GMT-0700,184.232,184.128,0.1,0.1
30.03.2021 06:35:04.614 GMT-0700,184.232,184.128,0.1,0.1
30.03.2021 06:35:04.844 GMT-0700,184.222,184.128,0.1,0.1
30.03.2021 06:35:04.994 GMT-0700,184.19299999999998,184.077,0.1,0.1
30.03.2021 06:35:05.045 GMT-0700,184.203,184.077,0.1,0.1
30.03.2021 06:35:05.282 GMT-0700,184.202,184.078,0.1,0.1
30.03.2021 06:35:05.466 GMT-0700,184.21200000000002,184.09799999999998,0.1,0.1
30.03.2021 06:35:05.885 GMT-0700,184.213,184.08700000000002,0.1,0.1
30.03.2021 06:35:05.935 GMT-0700,184.192,184.078,0.1,0.1
30.03.2021 06:35:06.036 GMT-0700,184.16299999999998,184.077,0.1,0.1
30.03.2021 06:35:06.086 GMT-0700,184.172,184.078,0.1,0.1
30.03.2021 06:35:06.218 GMT-0700,184.192,184.078,0.1,0.1
30.03.2021 06:35:06.591 GMT-0700,184.14200000000002,184.028,0.1,0.1
30.03.2021 06:35:06.641 GMT-0700,184.173,184.02700000000002,0.1,0.1
30.03.2021 06:35:06.692 GMT-0700,184.15200000000002,184.028,0.1,0.1
30.03.2021 06:35:06.964 GMT-0700,184.183,184.077,0.1,0.1
30.03.2021 06:35:07.015 GMT-0700,184.192,184.078,0.1,0.1
30.03.2021 06:35:07.692 GMT-0700,184.203,184.077,0.1,0.1
30.03.2021 06:35:07.755 GMT-0700,184.203,184.077,0.1,0.1
30.03.2021 06:35:07.805 GMT-0700,184.21200000000002,184.09799999999998,0.1,0.1
30.03.2021 06:35:07.907 GMT-0700,184.21200000000002,184.088,0.1,0.1
30.03.2021 06:35:08.067 GMT-0700,184.21200000000002,184.09799999999998,0.1,0.075
30.03.2021 06:35:08.457 GMT-0700,184.19299999999998,184.097,0.0008,0.075
30.03.2021 06:35:08.508 GMT-0700,184.19299999999998,184.08700000000002,0.1,0.1
30.03.2021 06:35:08.608 GMT-0700,184.143,184.007,0.1,0.1
30.03.2021 06:35:08.658 GMT-0700,184.143,184.02700000000002,0.1,0.1
30.03.2021 06:35:08.808 GMT-0700,184.133,184.02700000000002,0.0008,0.1
30.03.2021 06:35:08.958 GMT-0700,184.133,184.01700000000002,0.1,0.1
30.03.2021 06:35:09.037 GMT-0700,184.14200000000002,184.028,0.1,0.1
30.03.2021 06:35:09.339 GMT-0700,184.153,184.02700000000002,0.1,0.1
30.03.2021 06:35:09.395 GMT-0700,184.14200000000002,184.028,0.1,0.1
30.03.2021 06:35:09.572 GMT-0700,184.15200000000002,184.028,0.1,0.1
30.03.2021 06:35:09.678 GMT-0700,184.132,184.028,0.1,0.1
30.03.2021 06:35:09.728 GMT-0700,184.15200000000002,184.028,0.1,0.1
30.03.2021 06:35:09.796 GMT-0700,184.15200000000002,184.028,0.1,0.1
30.03.2021 06:35:10.055 GMT-0700,184.132,184.028,0.1,0.1
30.03.2021 06:35:10.161 GMT-0700,184.122,184.018,0.1,0.1
30.03.2021 06:35:10.261 GMT-0700,184.123,184.007,0.1,0.1
30.03.2021 06:35:10.350 GMT-0700,184.123,184.01700000000002,0.1,0.075
30.03.2021 06:35:10.818 GMT-0700,184.143,184.02700000000002,0.1,0.1
30.03.2021 06:35:10.893 GMT-0700,184.162,184.028,0.1,0.1
30.03.2021 06:35:10.943 GMT-0700,184.16299999999998,184.047,0.1,0.1
30.03.2021 06:35:10.994 GMT-0700,184.153,184.047,0.1,0.1
30.03.2021 06:35:11.095 GMT-0700,184.15200000000002,184.03799999999998,0.1,0.1
30.03.2021 06:35:11.148 GMT-0700,184.15200000000002,184.048,0.1,0.075
30.03.2021 06:35:11.249 GMT-0700,184.153,184.037,0.1,0.1
30.03.2021 06:35:12.052 GMT-0700,184.143,184.037,0.0008,0.1
30.03.2021 06:35:12.502 GMT-0700,184.113,184.01700000000002,0.0008,0.1
30.03.2021 06:35:12.757 GMT-0700,184.123,184.01700000000002,0.1,0.1
30.03.2021 06:35:14.082 GMT-0700,184.133,184.01700000000002,0.1,0.1
30.03.2021 06:35:14.182 GMT-0700,184.122,184.018,0.0008,0.1
30.03.2021 06:35:14.485 GMT-0700,184.16299999999998,184.01700000000002,0.1,0.1
30.03.2021 06:35:14.535 GMT-0700,184.19299999999998,184.067,0.1,0.1
30.03.2021 06:35:14.635 GMT-0700,184.172,184.058,0.1,0.1
30.03.2021 06:35:14.754 GMT-0700,184.172,184.06799999999998,0.0008,0.1
30.03.2021 06:35:14.961 GMT-0700,184.162,184.048,0.1,0.1
30.03.2021 06:35:15.011 GMT-0700,184.173,184.05700000000002,0.1,0.1
30.03.2021 06:35:15.190 GMT-0700,184.14200000000002,184.058,0.0008,0.075
30.03.2021 06:35:15.240 GMT-0700,184.143,184.047,0.1,0.1
30.03.2021 06:35:15.509 GMT-0700,184.15200000000002,184.048,0.1,0.1
30.03.2021 06:35:15.650 GMT-0700,184.172,184.058,0.1,0.1
30.03.2021 06:35:15.859 GMT-0700,184.173,184.05700000000002,0.1,0.1
30.03.2021 06:35:15.960 GMT-0700,184.18200000000002,184.078,0.1,0.1
30.03.2021 06:35:16.010 GMT-0700,184.18200000000002,184.06799999999998,0.1,0.1
30.03.2021 06:35:16.105 GMT-0700,184.203,184.067,0.1,0.1
30.03.2021 06:35:16.156 GMT-0700,184.203,184.08700000000002,0.1,0.1
30.03.2021 06:35:16.416 GMT-0700,184.203,184.097,0.1,0.1
30.03.2021 06:35:16.466 GMT-0700,184.213,184.097,0.1,0.1
30.03.2021 06:35:16.617 GMT-0700,184.202,184.09799999999998,0.1,0.1
30.03.2021 06:35:16.864 GMT-0700,184.213,184.097,0.1,0.1
30.03.2021 06:35:17.337 GMT-0700,184.203,184.097,0.0008,0.075
30.03.2021 06:35:17.387 GMT-0700,184.173,184.05700000000002,0.1,0.1
30.03.2021 06:35:17.561 GMT-0700,184.172,184.06799999999998,0.1,0.075
30.03.2021 06:35:17.877 GMT-0700,184.183,184.077,0.1,0.1
30.03.2021 06:35:18.575 GMT-0700,184.19299999999998,184.08700000000002,0.1,0.1
30.03.2021 06:35:20.417 GMT-0700,184.19299999999998,184.077,0.1,0.1
30.03.2021 06:35:20.484 GMT-0700,184.19299999999998,184.077,0.1,0.1
30.03.2021 06:35:20.882 GMT-0700,184.122,184.048,0.1,0.075
30.03.2021 06:35:20.932 GMT-0700,184.123,184.007,0.1,0.1
30.03.2021 06:35:21.091 GMT-0700,184.123,184.007,0.1,0.1
30.03.2021 06:35:22.809 GMT-0700,184.132,184.028,0.1,0.1
30.03.2021 06:35:23.354 GMT-0700,184.122,184.028,0.1,0.1
30.03.2021 06:35:23.755 GMT-0700,184.133,184.02700000000002,0.1,0.1
30.03.2021 06:35:24.072 GMT-0700,184.122,184.028,0.1,0.1
30.03.2021 06:35:24.432 GMT-0700,184.102,184.028,0.1,0.1
30.03.2021 06:35:24.725 GMT-0700,184.11200000000002,184.028,0.1,0.1
30.03.2021 06:35:25.336 GMT-0700,184.103,184.02700000000002,0.0008,0.1
30.03.2021 06:35:25.386 GMT-0700,184.113,184.02700000000002,0.1,0.1
30.03.2021 06:35:25.485 GMT-0700,184.11200000000002,184.028,0.1,0.1
30.03.2021 06:35:25.722 GMT-0700,184.113,184.02700000000002,0.1,0.1
30.03.2021 06:35:25.845 GMT-0700,184.122,184.028,0.1,0.1
30.03.2021 06:35:26.133 GMT-0700,184.133,184.02700000000002,0.1,0.1
30.03.2021 06:35:27.219 GMT-0700,184.122,184.028,0.1,0.1
30.03.2021 06:35:28.468 GMT-0700,184.14200000000002,184.03799999999998,0.1,0.1
30.03.2021 06:35:28.643 GMT-0700,184.15200000000002,184.03799999999998,0.1,0.1
30.03.2021 06:35:28.694 GMT-0700,184.153,184.05700000000002,0.1,0.1
30.03.2021 06:35:28.823 GMT-0700,184.173,184.047,0.1,0.1
30.03.2021 06:35:28.873 GMT-0700,184.102,184.028,0.1,0.1
30.03.2021 06:35:28.923 GMT-0700,184.153,184.007,0.1,0.1
30.03.2021 06:35:29.146 GMT-0700,184.14200000000002,184.03799999999998,0.1,0.1
30.03.2021 06:35:29.196 GMT-0700,184.162,184.03799999999998,0.1,0.1
30.03.2021 06:35:29.336 GMT-0700,184.172,184.058,0.1,0.1
30.03.2021 06:35:29.437 GMT-0700,184.15200000000002,184.03799999999998,0.1,0.1
30.03.2021 06:35:29.588 GMT-0700,184.172,184.03799999999998,0.1,0.1
30.03.2021 06:35:29.684 GMT-0700,184.172,184.058,0.0008,0.075
30.03.2021 06:35:29.734 GMT-0700,184.21200000000002,184.058,0.1,0.1
30.03.2021 06:35:29.963 GMT-0700,184.19299999999998,184.05700000000002,0.0008,0.1
30.03.2021 06:35:30.167 GMT-0700,184.172,184.058,0.0008,0.1
30.03.2021 06:35:30.518 GMT-0700,184.15200000000002,184.09799999999998,0.0008,0.075
30.03.2021 06:35:30.568 GMT-0700,184.172,184.058,0.1,0.1
30.03.2021 06:35:30.728 GMT-0700,184.21200000000002,184.09799999999998,0.1,0.1
30.03.2021 06:35:30.828 GMT-0700,184.21200000000002,184.078,0.1,0.1
30.03.2021 06:35:30.878 GMT-0700,184.21200000000002,184.09799999999998,0.1,0.1
30.03.2021 06:35:30.987 GMT-0700,184.173,184.077,0.1,0.1
30.03.2021 06:35:31.298 GMT-0700,184.183,184.077,0.1,0.1
30.03.2021 06:35:31.476 GMT-0700,184.173,184.077,0.1,0.1
30.03.2021 06:35:31.871 GMT-0700,184.18200000000002,184.078,0.1,0.1
30.03.2021 06:35:31.922 GMT-0700,184.173,184.077,0.1,0.1
30.03.2021 06:35:32.703 GMT-0700,184.15200000000002,184.078,0.0008,0.1
30.03.2021 06:35:32.753 GMT-0700,184.16299999999998,184.077,0.1,0.1
30.03.2021 06:35:32.803 GMT-0700,184.153,184.077,0.1,0.1
30.03.2021 06:35:32.964 GMT-0700,184.16299999999998,184.077,0.1,0.1
30.03.2021 06:35:33.449 GMT-0700,184.16299999999998,184.077,0.1,0.1
30.03.2021 06:35:33.500 GMT-0700,184.133,184.02700000000002,0.1,0.1
30.03.2021 06:35:33.584 GMT-0700,184.132,184.058,0.1,0.075
30.03.2021 06:35:33.836 GMT-0700,184.15200000000002,184.048,0.1,0.1
30.03.2021 06:35:33.947 GMT-0700,184.153,184.05700000000002,0.0008,0.075
30.03.2021 06:35:33.997 GMT-0700,184.153,184.047,0.1,0.1
30.03.2021 06:35:34.048 GMT-0700,184.162,184.048,0.1,0.1
30.03.2021 06:35:34.187 GMT-0700,184.153,184.05700000000002,0.1,0.075
30.03.2021 06:35:34.528 GMT-0700,184.143,184.05700000000002,0.1,0.1
30.03.2021 06:35:34.821 GMT-0700,184.123,184.05700000000002,0.1,0.1
30.03.2021 06:35:34.967 GMT-0700,184.123,184.007,0.1,0.1
30.03.2021 06:35:35.075 GMT-0700,184.122,184.028,0.1,0.1
30.03.2021 06:35:35.555 GMT-0700,184.123,184.007,0.1,0.1
30.03.2021 06:35:35.612 GMT-0700,184.123,184.007,0.1,0.1
30.03.2021 06:35:35.662 GMT-0700,184.123,184.007,0.1,0.1
30.03.2021 06:35:35.824 GMT-0700,184.143,184.007,0.1,0.1
30.03.2021 06:35:35.875 GMT-0700,184.162,184.058,0.1,0.1
30.03.2021 06:35:36.137 GMT-0700,184.16299999999998,184.037,0.1,0.1
30.03.2021 06:35:36.187 GMT-0700,184.14200000000002,184.03799999999998,0.1,0.1
30.03.2021 06:35:36.536 GMT-0700,184.133,184.02700000000002,0.1,0.1
30.03.2021 06:35:36.586 GMT-0700,184.14200000000002,184.018,0.1,0.1
30.03.2021 06:35:36.637 GMT-0700,184.143,184.037,0.1,0.1
30.03.2021 06:35:36.773 GMT-0700,184.14200000000002,184.078,0.0008,0.075
30.03.2021 06:35:36.823 GMT-0700,184.123,184.01700000000002,0.1,0.1
30.03.2021 06:35:36.873 GMT-0700,184.132,184.028,0.1,0.1
30.03.2021 06:35:36.924 GMT-0700,184.153,184.02700000000002,0.1,0.1
30.03.2021 06:35:37.036 GMT-0700,184.14200000000002,184.028,0.1,0.1
30.03.2021 06:35:37.300 GMT-0700,184.162,184.028,0.1,0.1
30.03.2021 06:35:37.350 GMT-0700,184.14200000000002,184.048,0.1,0.1
30.03.2021 06:35:37.433 GMT-0700,184.15200000000002,184.048,0.1,0.1
30.03.2021 06:35:37.484 GMT-0700,184.153,184.067,0.1,0.1
30.03.2021 06:35:37.555 GMT-0700,184.16299999999998,184.077,0.1,0.1
30.03.2021 06:35:37.606 GMT-0700,184.162,184.06799999999998,0.1,0.1
30.03.2021 06:35:37.836 GMT-0700,184.153,184.047,0.1,0.1
30.03.2021 06:35:38.116 GMT-0700,184.213,184.047,0.1,0.1
30.03.2021 06:35:38.166 GMT-0700,184.19299999999998,184.08700000000002,0.1,0.1
30.03.2021 06:35:38.216 GMT-0700,184.183,184.11700000000002,0.1,0.1
30.03.2021 06:35:38.988 GMT-0700,184.233,184.137,0.1,0.1
30.03.2021 06:35:39.039 GMT-0700,184.232,184.108,0.1,0.1
30.03.2021 06:35:39.089 GMT-0700,184.162,184.078,0.1,0.1
30.03.2021 06:35:39.189 GMT-0700,184.162,184.088,0.1,0.1
30.03.2021 06:35:39.819 GMT-0700,184.19299999999998,184.11700000000002,0.1,0.1
30.03.2021 06:35:39.870 GMT-0700,184.21200000000002,184.088,0.1,0.1
30.03.2021 06:35:39.970 GMT-0700,184.252,184.148,0.1,0.1
30.03.2021 06:35:40.021 GMT-0700,184.233,184.11700000000002,0.1,0.1
30.03.2021 06:35:40.077 GMT-0700,184.22299999999998,184.127,0.1,0.1
30.03.2021 06:35:40.128 GMT-0700,184.273,184.167,0.1,0.1
30.03.2021 06:35:40.178 GMT-0700,184.243,184.137,0.1,0.1
30.03.2021 06:35:40.326 GMT-0700,184.252,184.138,0.1,0.1
30.03.2021 06:35:40.376 GMT-0700,184.262,184.158,0.1,0.1
30.03.2021 06:35:40.435 GMT-0700,184.253,184.157,0.0008,0.075
30.03.2021 06:35:40.566 GMT-0700,184.252,184.148,0.1,0.1
30.03.2021 06:35:40.731 GMT-0700,184.253,184.14700000000002,0.1,0.1
30.03.2021 06:35:40.781 GMT-0700,184.253,184.14700000000002,0.1,0.1
30.03.2021 06:35:41.227 GMT-0700,184.253,184.157,0.1,0.1
30.03.2021 06:35:41.480 GMT-0700,184.24200000000002,184.158,0.0008,0.1
30.03.2021 06:35:41.585 GMT-0700,184.222,184.118,0.1,0.1
30.03.2021 06:35:42.129 GMT-0700,184.222,184.118,0.1,0.1
30.03.2021 06:35:42.230 GMT-0700,184.22299999999998,184.137,0.1,0.1
30.03.2021 06:35:42.615 GMT-0700,184.203,184.097,0.1,0.1
30.03.2021 06:35:42.665 GMT-0700,184.232,184.128,0.1,0.1
30.03.2021 06:35:43.195 GMT-0700,184.233,184.14700000000002,0.0008,0.1
30.03.2021 06:35:43.374 GMT-0700,184.232,184.148,0.1,0.1
30.03.2021 06:35:43.474 GMT-0700,184.18200000000002,184.09799999999998,0.1,0.1
30.03.2021 06:35:43.525 GMT-0700,184.192,184.09799999999998,0.1,0.1
30.03.2021 06:35:43.575 GMT-0700,184.18200000000002,184.088,0.1,0.1
30.03.2021 06:35:43.680 GMT-0700,184.19299999999998,184.097,0.1,0.1
30.03.2021 06:35:43.738 GMT-0700,184.19299999999998,184.097,0.1,0.1
30.03.2021 06:35:43.932 GMT-0700,184.202,184.09799999999998,0.1,0.1
30.03.2021 06:35:44.006 GMT-0700,184.19299999999998,184.097,0.1,0.1
30.03.2021 06:35:44.056 GMT-0700,184.203,184.097,0.1,0.1
30.03.2021 06:35:44.106 GMT-0700,184.202,184.108,0.1,0.1
30.03.2021 06:35:44.207 GMT-0700,184.153,184.047,0.1,0.1
30.03.2021 06:35:44.258 GMT-0700,184.16299999999998,184.077,0.1,0.1
30.03.2021 06:35:44.576 GMT-0700,184.153,184.077,0.0008,0.1
30.03.2021 06:35:44.874 GMT-0700,184.172,184.078,0.1,0.1
30.03.2021 06:35:45.170 GMT-0700,184.16299999999998,184.077,0.0008,0.1
30.03.2021 06:35:45.285 GMT-0700,184.16299999999998,184.077,0.1,0.1
30.03.2021 06:35:45.666 GMT-0700,184.173,184.077,0.1,0.1
30.03.2021 06:35:46.526 GMT-0700,184.18200000000002,184.078,0.1,0.1
30.03.2021 06:35:46.742 GMT-0700,184.18200000000002,184.088,0.1,0.1
30.03.2021 06:35:46.792 GMT-0700,184.192,184.088,0.1,0.1
30.03.2021 06:35:47.268 GMT-0700,184.18200000000002,184.088,0.0008,0.075
30.03.2021 06:35:47.318 GMT-0700,184.183,184.077,0.1,0.1
30.03.2021 06:35:47.763 GMT-0700,184.183,184.077,0.1,0.1
30.03.2021 06:35:48.128 GMT-0700,184.153,184.077,0.1,0.1
30.03.2021 06:35:48.178 GMT-0700,184.122,184.018,0.1,0.1
30.03.2021 06:35:48.242 GMT-0700,184.14200000000002,184.028,0.1,0.1
30.03.2021 06:35:48.292 GMT-0700,184.143,184.05700000000002,0.1,0.1
30.03.2021 06:35:48.426 GMT-0700,184.16299999999998,184.05700000000002,0.1,0.1
30.03.2021 06:35:48.476 GMT-0700,184.15200000000002,184.058,0.0008,0.1
30.03.2021 06:35:48.577 GMT-0700,184.143,184.05700000000002,0.1,0.1
30.03.2021 06:35:48.723 GMT-0700,184.122,184.058,0.1,0.1
30.03.2021 06:35:49.360 GMT-0700,184.122,184.058,0.1,0.1
30.03.2021 06:35:49.535 GMT-0700,184.123,184.05700000000002,0.1,0.1
30.03.2021 06:35:50.915 GMT-0700,184.102,184.058,0.0008,0.075
30.03.2021 06:35:50.965 GMT-0700,184.08200000000002,184.018,0.1,0.1
30.03.2021 06:35:51.032 GMT-0700,184.08200000000002,184.028,0.1,0.075
30.03.2021 06:35:51.148 GMT-0700,184.073,184.02700000000002,0.0008,0.1
30.03.2021 06:35:53.081 GMT-0700,184.113,184.01700000000002,0.1,0.1
30.03.2021 06:35:53.392 GMT-0700,184.113,184.01700000000002,0.1,0.1
30.03.2021 06:35:53.596 GMT-0700,184.11200000000002,184.018,0.1,0.1
30.03.2021 06:35:53.684 GMT-0700,184.113,184.02700000000002,0.1,0.075
30.03.2021 06:35:54.105 GMT-0700,184.05200000000002,183.998,0.1,0.1
30.03.2021 06:35:54.155 GMT-0700,184.012,183.908,0.1,0.1
30.03.2021 06:35:54.216 GMT-0700,183.982,183.908,0.0008,0.1
30.03.2021 06:35:54.563 GMT-0700,183.963,183.92700000000002,0.0008,0.075
30.03.2021 06:35:54.614 GMT-0700,183.963,183.86700000000002,0.1,0.1
30.03.2021 06:35:54.738 GMT-0700,183.972,183.898,0.1,0.1
30.03.2021 06:35:54.838 GMT-0700,183.993,183.89700000000002,0.1,0.1
30.03.2021 06:35:54.889 GMT-0700,184.002,183.898,0.1,0.1
30.03.2021 06:35:55.185 GMT-0700,183.993,183.89700000000002,0.0008,0.075
30.03.2021 06:35:55.235 GMT-0700,183.993,183.887,0.1,0.1
30.03.2021 06:35:55.285 GMT-0700,184.002,183.898,0.1,0.1
30.03.2021 06:35:55.469 GMT-0700,183.993,183.89700000000002,0.1,0.1
30.03.2021 06:35:55.584 GMT-0700,184.002,183.898,0.1,0.1
30.03.2021 06:35:55.670 GMT-0700,184.002,183.898,0.1,0.1
30.03.2021 06:35:55.720 GMT-0700,184.003,183.89700000000002,0.1,0.1
30.03.2021 06:35:55.941 GMT-0700,183.99200000000002,183.898,0.1,0.1
30.03.2021 06:35:56.203 GMT-0700,184.002,183.898,0.1,0.1
30.03.2021 06:35:56.291 GMT-0700,184.013,183.89700000000002,0.1,0.1
30.03.2021 06:35:56.341 GMT-0700,184.012,183.908,0.1,0.1
30.03.2021 06:35:56.836 GMT-0700,184.023,183.907,0.1,0.1
30.03.2021 06:35:56.886 GMT-0700,184.033,183.937,0.1,0.1
30.03.2021 06:35:56.945 GMT-0700,184.032,183.938,0.1,0.1
30.03.2021 06:35:56.996 GMT-0700,184.033,183.937,0.1,0.1
30.03.2021 06:35:57.046 GMT-0700,184.033,183.947,0.1,0.1
30.03.2021 06:35:57.172 GMT-0700,184.042,183.948,0.1,0.1
30.03.2021 06:35:57.493 GMT-0700,184.032,183.928,0.1,0.1
30.03.2021 06:35:57.591 GMT-0700,184.033,183.937,0.0008,0.075
30.03.2021 06:35:57.642 GMT-0700,184.043,183.937,0.1,0.1
30.03.2021 06:35:58.062 GMT-0700,184.032,183.938,0.0008,0.1
30.03.2021 06:35:58.245 GMT-0700,184.042,183.938,0.1,0.1
30.03.2021 06:35:58.296 GMT-0700,184.042,183.928,0.1,0.1
30.03.2021 06:35:58.381 GMT-0700,184.02200000000002,183.928,0.0008,0.1
30.03.2021 06:35:58.431 GMT-0700,184.023,183.917,0.1,0.1
30.03.2021 06:35:58.548 GMT-0700,184.023,183.92700000000002,0.1,0.1
30.03.2021 06:35:58.598 GMT-0700,184.023,183.917,0.1,0.1
30.03.2021 06:35:58.723 GMT-0700,184.02200000000002,183.918,0.1,0.1
30.03.2021 06:35:58.917 GMT-0700,184.032,183.928,0.1,0.1
30.03.2021 06:35:58.980 GMT-0700,184.02200000000002,183.928,0.1,0.1
30.03.2021 06:35:59.030 GMT-0700,184.033,183.92700000000002,0.1,0.1
30.03.2021 06:35:59.515 GMT-0700,184.032,183.928,0.1,0.1
30.03.2021 06:35:59.565 GMT-0700,184.042,183.938,0.1,0.1
30.03.2021 06:35:59.656 GMT-0700,184.023,183.937,0.0008,0.1
30.03.2021 06:36:00.224 GMT-0700,184.023,183.947,0.1,0.1
30.03.2021 06:36:00.275 GMT-0700,184.053,183.95700000000002,0.1,0.1
30.03.2021 06:36:00.591 GMT-0700,184.053,183.947,0.1,0.1
30.03.2021 06:36:00.650 GMT-0700,184.032,183.948,0.0008,0.1
30.03.2021 06:36:01.646 GMT-0700,184.023,183.947,0.0008,0.1
30.03.2021 06:36:02.066 GMT-0700,184.013,183.947,0.0008,0.1
30.03.2021 06:36:02.261 GMT-0700,184.032,183.948,0.1,0.1
30.03.2021 06:36:03.055 GMT-0700,184.042,183.948,0.1,0.1
30.03.2021 06:36:03.495 GMT-0700,184.053,183.967,0.1,0.1
30.03.2021 06:36:04.099 GMT-0700,184.023,183.937,0.1,0.1
30.03.2021 06:36:04.334 GMT-0700,184.032,183.938,0.1,0.1
30.03.2021 06:36:04.401 GMT-0700,184.02200000000002,183.938,0.1,0.1
30.03.2021 06:36:05.039 GMT-0700,184.042,183.938,0.1,0.1
30.03.2021 06:36:05.089 GMT-0700,184.043,183.947,0.1,0.1
30.03.2021 06:36:05.490 GMT-0700,184.05200000000002,183.958,0.1,0.1
30.03.2021 06:36:07.936 GMT-0700,184.05200000000002,183.948,0.1,0.1
30.03.2021 06:36:07.986 GMT-0700,184.033,183.937,0.1,0.1
30.03.2021 06:36:08.111 GMT-0700,184.023,183.937,0.1,0.1
30.03.2021 06:36:08.218 GMT-0700,184.032,183.938,0.1,0.1
30.03.2021 06:36:08.269 GMT-0700,184.043,183.937,0.1,0.1
30.03.2021 06:36:08.471 GMT-0700,184.033,183.937,0.0008,0.1
30.03.2021 06:36:08.933 GMT-0700,184.02200000000002,183.938,0.0008,0.1
30.03.2021 06:36:10.069 GMT-0700,184.013,183.937,0.1,0.1
30.03.2021 06:36:10.517 GMT-0700,184.02200000000002,183.938,0.1,0.1
30.03.2021 06:36:10.804 GMT-0700,184.012,183.938,0.0008,0.1
30.03.2021 06:36:10.978 GMT-0700,184.02200000000002,183.938,0.1,0.1
30.03.2021 06:36:11.029 GMT-0700,184.033,183.937,0.1,0.1
30.03.2021 06:36:11.195 GMT-0700,184.02200000000002,183.938,0.0008,0.1
30.03.2021 06:36:11.879 GMT-0700,184.033,183.937,0.1,0.1
30.03.2021 06:36:11.931 GMT-0700,184.032,183.948,0.0008,0.075
30.03.2021 06:36:11.981 GMT-0700,184.05200000000002,183.938,0.1,0.1
30.03.2021 06:36:12.031 GMT-0700,184.042,183.938,0.1,0.1
30.03.2021 06:36:12.154 GMT-0700,184.053,183.937,0.1,0.1
30.03.2021 06:36:12.204 GMT-0700,184.053,183.95700000000002,0.1,0.1
30.03.2021 06:36:12.611 GMT-0700,184.043,183.95700000000002,0.0008,0.075
30.03.2021 06:36:12.661 GMT-0700,184.05200000000002,183.948,0.1,0.1
30.03.2021 06:36:12.712 GMT-0700,184.042,183.948,0.1,0.1
30.03.2021 06:36:12.858 GMT-0700,184.023,183.937,0.1,0.1
30.03.2021 06:36:13.110 GMT-0700,184.033,183.937,0.1,0.1
30.03.2021 06:36:13.668 GMT-0700,184.043,183.937,0.1,0.1
30.03.2021 06:36:13.724 GMT-0700,184.032,183.938,0.0008,0.1
30.03.2021 06:36:14.345 GMT-0700,184.002,183.938,0.0008,0.1
30.03.2021 06:36:14.749 GMT-0700,184.003,183.887,0.1,0.1
30.03.2021 06:36:14.800 GMT-0700,183.963,183.86700000000002,0.1,0.1
30.03.2021 06:36:14.964 GMT-0700,183.96200000000002,183.888,0.1,0.1
30.03.2021 06:36:16.375 GMT-0700,183.963,183.887,0.1,0.1
30.03.2021 06:36:16.866 GMT-0700,183.963,183.887,0.1,0.1
30.03.2021 06:36:16.919 GMT-0700,183.953,183.887,0.0008,0.1
30.03.2021 06:36:16.969 GMT-0700,183.952,183.868,0.1,0.1
30.03.2021 06:36:17.055 GMT-0700,183.953,183.887,0.1,0.075
30.03.2021 06:36:17.105 GMT-0700,183.96200000000002,183.888,0.1,0.1
30.03.2021 06:36:18.935 GMT-0700,183.983,183.887,0.1,0.1
30.03.2021 06:36:19.044 GMT-0700,184.013,183.887,0.1,0.1
30.03.2021 06:36:19.094 GMT-0700,184.013,183.907,0.1,0.1
30.03.2021 06:36:19.145 GMT-0700,183.993,183.907,0.0008,0.1
30.03.2021 06:36:19.274 GMT-0700,184.003,183.907,0.1,0.1
30.03.2021 06:36:20.469 GMT-0700,183.993,183.907,0.0008,0.1
30.03.2021 06:36:20.570 GMT-0700,183.952,183.868,0.1,0.1
30.03.2021 06:36:20.779 GMT-0700,183.942,183.868,0.1,0.1
30.03.2021 06:36:20.887 GMT-0700,183.94299999999998,183.877,0.1,0.075
30.03.2021 06:36:20.937 GMT-0700,183.922,183.81799999999998,0.1,0.1
30.03.2021 06:36:21.101 GMT-0700,183.923,183.827,0.1,0.1
30.03.2021 06:36:21.219 GMT-0700,183.933,183.83700000000002,0.1,0.1
30.03.2021 06:36:21.558 GMT-0700,183.942,183.84799999999998,0.1,0.1
30.03.2021 06:36:21.723 GMT-0700,183.953,183.857,0.1,0.1
30.03.2021 06:36:21.873 GMT-0700,183.94299999999998,183.83700000000002,0.1,0.1
30.03.2021 06:36:21.924 GMT-0700,183.96200000000002,183.858,0.1,0.1
30.03.2021 06:36:22.289 GMT-0700,183.933,183.857,0.0008,0.1
30.03.2021 06:36:22.539 GMT-0700,183.963,183.857,0.1,0.1
30.03.2021 06:36:22.609 GMT-0700,183.96200000000002,183.868,0.1,0.075
30.03.2021 06:36:23.170 GMT-0700,183.94299999999998,183.86700000000002,0.0008,0.1
30.03.2021 06:36:23.271 GMT-0700,183.953,183.86700000000002,0.1,0.1
30.03.2021 06:36:23.712 GMT-0700,183.91299999999998,183.857,0.1,0.1
30.03.2021 06:36:24.279 GMT-0700,183.912,183.81799999999998,0.1,0.1
30.03.2021 06:36:24.330 GMT-0700,183.882,183.798,0.1,0.1
30.03.2021 06:36:24.449 GMT-0700,183.872,183.798,0.0008,0.1
30.03.2021 06:36:24.500 GMT-0700,183.882,183.798,0.1,0.1
30.03.2021 06:36:24.578 GMT-0700,183.872,183.798,0.0008,0.1
30.03.2021 06:36:24.679 GMT-0700,183.863,183.757,0.1,0.1
30.03.2021 06:36:24.729 GMT-0700,183.863,183.76700000000002,0.1,0.1
30.03.2021 06:36:24.780 GMT-0700,183.873,183.76700000000002,0.1,0.1
30.03.2021 06:36:24.918 GMT-0700,183.873,183.77700000000002,0.1,0.075
30.03.2021 06:36:25.396 GMT-0700,183.883,183.77700000000002,0.1,0.1
30.03.2021 06:36:25.446 GMT-0700,183.893,183.787,0.1,0.1
30.03.2021 06:36:25.560 GMT-0700,183.893,183.797,0.1,0.1
30.03.2021 06:36:25.643 GMT-0700,183.903,183.797,0.1,0.1
30.03.2021 06:36:26.259 GMT-0700,183.893,183.797,0.0008,0.1
30.03.2021 06:36:26.636 GMT-0700,183.89200000000002,183.78799999999998,0.1,0.1
30.03.2021 06:36:27.415 GMT-0700,183.883,183.787,0.1,0.1
30.03.2021 06:36:27.621 GMT-0700,183.893,183.787,0.1,0.1
30.03.2021 06:36:28.653 GMT-0700,183.893,183.787,0.1,0.1
30.03.2021 06:36:28.704 GMT-0700,183.942,183.838,0.1,0.1
30.03.2021 06:36:28.754 GMT-0700,183.93200000000002,183.828,0.1,0.1
30.03.2021 06:36:28.881 GMT-0700,183.942,183.838,0.1,0.1
30.03.2021 06:36:29.030 GMT-0700,183.933,183.83700000000002,0.1,0.1
30.03.2021 06:36:29.251 GMT-0700,183.93200000000002,183.828,0.1,0.1
30.03.2021 06:36:29.317 GMT-0700,183.93200000000002,183.838,0.1,0.075
30.03.2021 06:36:29.585 GMT-0700,183.933,183.827,0.1,0.1
30.03.2021 06:36:29.635 GMT-0700,183.923,183.827,0.1,0.1
30.03.2021 06:36:29.736 GMT-0700,183.972,183.858,0.1,0.1
30.03.2021 06:36:29.790 GMT-0700,183.963,183.857,0.0008,0.1
30.03.2021 06:36:29.974 GMT-0700,183.972,183.858,0.1,0.1
30.03.2021 06:36:30.025 GMT-0700,183.972,183.868,0.1,0.1
30.03.2021 06:36:30.075 GMT-0700,183.952,183.858,0.1,0.1
30.03.2021 06:36:30.232 GMT-0700,183.96200000000002,183.858,0.1,0.1
30.03.2021 06:36:30.315 GMT-0700,183.972,183.868,0.1,0.1
30.03.2021 06:36:30.924 GMT-0700,183.983,183.86700000000002,0.1,0.1
30.03.2021 06:36:30.974 GMT-0700,183.97299999999998,183.86700000000002,0.1,0.1
30.03.2021 06:36:31.252 GMT-0700,183.97299999999998,183.86700000000002,0.1,0.1
30.03.2021 06:36:31.452 GMT-0700,183.97299999999998,183.877,0.1,0.1
30.03.2021 06:36:31.503 GMT-0700,183.97299999999998,183.86700000000002,0.1,0.1
30.03.2021 06:36:31.570 GMT-0700,183.963,183.86700000000002,0.0008,0.1
30.03.2021 06:36:31.743 GMT-0700,183.963,183.857,0.1,0.1
30.03.2021 06:36:32.284 GMT-0700,183.982,183.888,0.1,0.1
30.03.2021 06:36:32.603 GMT-0700,183.972,183.888,0.0008,0.1
30.03.2021 06:36:32.796 GMT-0700,183.982,183.878,0.1,0.1
30.03.2021 06:36:32.846 GMT-0700,183.982,183.878,0.1,0.1
30.03.2021 06:36:32.947 GMT-0700,183.99200000000002,183.898,0.1,0.1
30.03.2021 06:36:33.072 GMT-0700,184.002,183.908,0.1,0.1
30.03.2021 06:36:33.173 GMT-0700,184.033,183.917,0.1,0.1
30.03.2021 06:36:33.234 GMT-0700,184.023,183.917,0.0008,0.1
30.03.2021 06:36:33.384 GMT-0700,184.053,183.937,0.1,0.1
30.03.2021 06:36:33.435 GMT-0700,184.033,183.92700000000002,0.1,0.1
30.03.2021 06:36:33.557 GMT-0700,184.032,183.938,0.1,0.1
30.03.2021 06:36:33.726 GMT-0700,184.042,183.938,0.1,0.1
30.03.2021 06:36:33.851 GMT-0700,184.053,183.947,0.1,0.1
30.03.2021 06:36:34.315 GMT-0700,184.053,183.95700000000002,0.1,0.075
30.03.2021 06:36:34.365 GMT-0700,184.053,183.947,0.1,0.1
30.03.2021 06:36:34.490 GMT-0700,184.05200000000002,183.938,0.1,0.1
30.03.2021 06:36:34.777 GMT-0700,184.032,183.938,0.0008,0.1
30.03.2021 06:36:34.885 GMT-0700,184.033,183.95700000000002,0.0008,0.1
30.03.2021 06:36:34.935 GMT-0700,184.042,183.958,0.1,0.1
30.03.2021 06:36:34.995 GMT-0700,184.043,183.92700000000002,0.1,0.1
30.03.2021 06:36:35.046 GMT-0700,184.032,183.928,0.1,0.1
30.03.2021 06:36:35.096 GMT-0700,184.013,183.92700000000002,0.1,0.1
30.03.2021 06:36:35.147 GMT-0700,184.02200000000002,183.928,0.1,0.1
30.03.2021 06:36:35.260 GMT-0700,184.013,183.92700000000002,0.0008,0.1
30.03.2021 06:36:35.360 GMT-0700,183.96200000000002,183.858,0.1,0.1
30.03.2021 06:36:35.410 GMT-0700,183.953,183.857,0.1,0.1
30.03.2021 06:36:35.461 GMT-0700,183.96200000000002,183.858,0.1,0.1
30.03.2021 06:36:35.616 GMT-0700,183.963,183.86700000000002,0.1,0.075
30.03.2021 06:36:35.666 GMT-0700,183.953,183.847,0.1,0.1
30.03.2021 06:36:35.716 GMT-0700,183.942,183.84799999999998,0.1,0.1
30.03.2021 06:36:35.840 GMT-0700,183.96200000000002,183.868,0.1,0.1
30.03.2021 06:36:36.087 GMT-0700,183.953,183.86700000000002,0.0008,0.075
30.03.2021 06:36:36.137 GMT-0700,183.942,183.84799999999998,0.1,0.1
30.03.2021 06:36:36.388 GMT-0700,183.952,183.84799999999998,0.1,0.1
30.03.2021 06:36:36.605 GMT-0700,183.953,183.847,0.1,0.1
30.03.2021 06:36:36.655 GMT-0700,183.96200000000002,183.858,0.1,0.1
30.03.2021 06:36:36.755 GMT-0700,183.942,183.84799999999998,0.1,0.1
30.03.2021 06:36:36.942 GMT-0700,183.952,183.84799999999998,0.1,0.1
30.03.2021 06:36:38.151 GMT-0700,183.942,183.84799999999998,0.1,0.1
30.03.2021 06:36:38.443 GMT-0700,183.953,183.847,0.1,0.1
30.03.2021 06:36:38.823 GMT-0700,183.94299999999998,183.847,0.0008,0.1
30.03.2021 06:36:39.109 GMT-0700,183.942,183.838,0.1,0.1
30.03.2021 06:36:39.556 GMT-0700,183.942,183.84799999999998,0.1,0.075
30.03.2021 06:36:39.660 GMT-0700,183.953,183.847,0.1,0.1
30.03.2021 06:36:39.710 GMT-0700,183.963,183.857,0.1,0.1
30.03.2021 06:36:39.865 GMT-0700,183.972,183.868,0.1,0.1
30.03.2021 06:36:39.915 GMT-0700,183.97299999999998,183.86700000000002,0.1,0.1
30.03.2021 06:36:40.352 GMT-0700,183.97299999999998,183.86700000000002,0.1,0.1
30.03.2021 06:36:40.402 GMT-0700,183.982,183.878,0.1,0.1
30.03.2021 06:36:40.887 GMT-0700,183.983,183.877,0.1,0.1
30.03.2021 06:36:41.045 GMT-0700,183.982,183.878,0.1,0.1
30.03.2021 06:36:42.693 GMT-0700,183.972,183.878,0.0008,0.1
30.03.2021 06:36:43.224 GMT-0700,183.96200000000002,183.878,0.0008,0.1
30.03.2021 06:36:43.948 GMT-0700,183.982,183.878,0.1,0.1
30.03.2021 06:36:43.998 GMT-0700,183.933,183.83700000000002,0.1,0.1
30.03.2021 06:36:44.110 GMT-0700,183.933,183.83700000000002,0.1,0.1
30.03.2021 06:36:44.161 GMT-0700,183.93200000000002,183.84799999999998,0.1,0.1
30.03.2021 06:36:44.341 GMT-0700,183.933,183.83700000000002,0.1,0.1
30.03.2021 06:36:44.823 GMT-0700,183.922,183.838,0.0008,0.1
30.03.2021 06:36:44.873 GMT-0700,183.93200000000002,183.838,0.1,0.1
30.03.2021 06:36:45.087 GMT-0700,183.903,183.83700000000002,0.0008,0.1
30.03.2021 06:36:45.137 GMT-0700,183.882,183.768,0.1,0.1
30.03.2021 06:36:45.194 GMT-0700,183.883,183.787,0.1,0.1
30.03.2021 06:36:45.245 GMT-0700,183.893,183.787,0.1,0.1
30.03.2021 06:36:45.388 GMT-0700,183.882,183.78799999999998,0.0008,0.075
30.03.2021 06:36:45.439 GMT-0700,183.852,183.748,0.1,0.1
30.03.2021 06:36:45.493 GMT-0700,183.853,183.757,0.1,0.075
30.03.2021 06:36:45.714 GMT-0700,183.83200000000002,183.738,0.1,0.1
30.03.2021 06:36:47.257 GMT-0700,183.812,183.738,0.0008,0.1
30.03.2021 06:36:47.308 GMT-0700,183.74200000000002,183.638,0.1,0.1
30.03.2021 06:36:47.413 GMT-0700,183.722,183.638,0.0008,0.1
30.03.2021 06:36:47.464 GMT-0700,183.732,183.638,0.1,0.1
30.03.2021 06:36:47.592 GMT-0700,183.722,183.638,0.1,0.1
30.03.2021 06:36:47.808 GMT-0700,183.733,183.637,0.1,0.1
30.03.2021 06:36:48.463 GMT-0700,183.743,183.64700000000002,0.1,0.1
30.03.2021 06:36:48.514 GMT-0700,183.743,183.637,0.1,0.1
30.03.2021 06:36:48.564 GMT-0700,183.753,183.657,0.1,0.1
30.03.2021 06:36:48.738 GMT-0700,183.753,183.667,0.1,0.075
30.03.2021 06:36:48.937 GMT-0700,183.752,183.658,0.1,0.1
30.03.2021 06:36:49.043 GMT-0700,183.753,183.667,0.1,0.1
30.03.2021 06:36:49.276 GMT-0700,183.753,183.67700000000002,0.0008,0.075
30.03.2021 06:36:49.402 GMT-0700,183.77200000000002,183.698,0.1,0.075
30.03.2021 06:36:49.452 GMT-0700,183.752,183.648,0.1,0.1
30.03.2021 06:36:49.502 GMT-0700,183.762,183.658,0.1,0.1
30.03.2021 06:36:49.552 GMT-0700,183.77200000000002,183.658,0.1,0.1
30.03.2021 06:36:49.603 GMT-0700,183.77200000000002,183.668,0.1,0.1
30.03.2021 06:36:49.713 GMT-0700,183.762,183.658,0.1,0.1
30.03.2021 06:36:49.763 GMT-0700,183.77200000000002,183.658,0.1,0.1
30.03.2021 06:36:49.814 GMT-0700,183.773,183.67700000000002,0.1,0.1
30.03.2021 06:36:49.952 GMT-0700,183.773,183.667,0.1,0.1
30.03.2021 06:36:50.003 GMT-0700,183.762,183.658,0.1,0.1
30.03.2021 06:36:50.121 GMT-0700,183.773,183.67700000000002,0.1,0.1
30.03.2021 06:36:50.324 GMT-0700,183.762,183.648,0.1,0.1
30.03.2021 06:36:50.416 GMT-0700,183.762,183.658,0.1,0.075
30.03.2021 06:36:50.900 GMT-0700,183.763,183.64700000000002,0.1,0.1
30.03.2021 06:36:51.105 GMT-0700,183.743,183.637,0.1,0.1
30.03.2021 06:36:51.234 GMT-0700,183.703,183.637,0.0008,0.075
30.03.2021 06:36:51.284 GMT-0700,183.703,183.607,0.1,0.1
30.03.2021 06:36:51.693 GMT-0700,183.673,183.607,0.0008,0.075
30.03.2021 06:36:51.744 GMT-0700,183.673,183.597,0.1,0.1
30.03.2021 06:36:52.013 GMT-0700,183.683,183.597,0.1,0.1
30.03.2021 06:36:52.105 GMT-0700,183.702,183.59799999999998,0.1,0.1
30.03.2021 06:36:52.155 GMT-0700,183.68200000000002,183.59799999999998,0.1,0.1
30.03.2021 06:36:52.504 GMT-0700,183.692,183.59799999999998,0.1,0.1
30.03.2021 06:36:52.602 GMT-0700,183.69299999999998,183.597,0.1,0.1
30.03.2021 06:36:52.652 GMT-0700,183.732,183.628,0.1,0.1
30.03.2021 06:36:52.753 GMT-0700,183.683,183.597,0.1,0.1
30.03.2021 06:36:52.803 GMT-0700,183.703,183.597,0.1,0.1
30.03.2021 06:36:52.853 GMT-0700,183.702,183.608,0.1,0.1
30.03.2021 06:36:52.980 GMT-0700,183.72299999999998,183.607,0.1,0.1
30.03.2021 06:36:53.030 GMT-0700,183.722,183.628,0.1,0.1
30.03.2021 06:36:53.081 GMT-0700,183.732,183.628,0.1,0.1
30.03.2021 06:36:53.212 GMT-0700,183.733,183.64700000000002,0.0008,0.075
30.03.2021 06:36:53.262 GMT-0700,183.743,183.64700000000002,0.1,0.1
30.03.2021 06:36:53.362 GMT-0700,183.752,183.648,0.1,0.1
30.03.2021 06:36:53.677 GMT-0700,183.752,183.648,0.1,0.1
30.03.2021 06:36:53.904 GMT-0700,183.753,183.64700000000002,0.1,0.1
30.03.2021 06:36:54.259 GMT-0700,183.752,183.648,0.1,0.1
30.03.2021 06:36:54.310 GMT-0700,183.762,183.658,0.1,0.1
30.03.2021 06:36:54.879 GMT-0700,183.77200000000002,183.658,0.1,0.1
30.03.2021 06:36:54.945 GMT-0700,183.77200000000002,183.658,0.1,0.1
30.03.2021 06:36:55.220 GMT-0700,183.773,183.667,0.1,0.1
30.03.2021 06:36:55.460 GMT-0700,183.773,183.657,0.1,0.1
30.03.2021 06:36:55.511 GMT-0700,183.753,183.657,0.1,0.1
30.03.2021 06:36:55.902 GMT-0700,183.773,183.657,0.1,0.1
30.03.2021 06:36:57.008 GMT-0700,183.753,183.657,0.0008,0.1
30.03.2021 06:36:57.376 GMT-0700,183.77200000000002,183.658,0.1,0.1
30.03.2021 06:36:57.604 GMT-0700,183.753,183.657,0.1,0.1
30.03.2021 06:36:57.756 GMT-0700,183.77200000000002,183.658,0.1,0.1
30.03.2021 06:36:57.848 GMT-0700,183.773,183.657,0.1,0.1
30.03.2021 06:36:58.327 GMT-0700,183.773,183.657,0.1,0.1
30.03.2021 06:36:58.432 GMT-0700,183.793,183.67700000000002,0.1,0.1
30.03.2021 06:36:58.680 GMT-0700,183.793,183.697,0.1,0.075
30.03.2021 06:36:58.730 GMT-0700,183.80200000000002,183.698,0.1,0.1
30.03.2021 06:36:58.835 GMT-0700,183.803,183.697,0.1,0.1
30.03.2021 06:36:58.886 GMT-0700,183.822,183.708,0.1,0.1
30.03.2021 06:36:58.943 GMT-0700,183.813,183.70700000000002,0.0008,0.1
30.03.2021 06:36:59.225 GMT-0700,183.813,183.717,0.1,0.1
30.03.2021 06:36:59.276 GMT-0700,183.812,183.708,0.1,0.1
30.03.2021 06:36:59.662 GMT-0700,183.813,183.717,0.1,0.075
30.03.2021 06:37:00.111 GMT-0700,183.822,183.718,0.1,0.1
30.03.2021 06:37:00.347 GMT-0700,183.812,183.718,0.1,0.1
30.03.2021 06:37:00.482 GMT-0700,183.813,183.70700000000002,0.1,0.1
30.03.2021 06:37:00.978 GMT-0700,183.813,183.70700000000002,0.1,0.1
30.03.2021 06:37:01.079 GMT-0700,183.803,183.717,0.1,0.1
30.03.2021 06:37:01.263 GMT-0700,183.803,183.73700000000002,0.1,0.075
30.03.2021 06:37:01.617 GMT-0700,183.852,183.738,0.1,0.1
30.03.2021 06:37:01.667 GMT-0700,183.86200000000002,183.768,0.1,0.1
30.03.2021 06:37:01.834 GMT-0700,183.86200000000002,183.778,0.1,0.1
30.03.2021 06:37:01.885 GMT-0700,183.873,183.77700000000002,0.1,0.1
30.03.2021 06:37:01.985 GMT-0700,183.93200000000002,183.828,0.1,0.1
30.03.2021 06:37:02.036 GMT-0700,183.872,183.768,0.1,0.1
30.03.2021 06:37:02.186 GMT-0700,183.883,183.797,0.1,0.1
30.03.2021 06:37:02.287 GMT-0700,183.89200000000002,183.798,0.1,0.1
30.03.2021 06:37:02.346 GMT-0700,183.89200000000002,183.798,0.1,0.1
30.03.2021 06:37:02.855 GMT-0700,183.882,183.808,0.1,0.1
30.03.2021 06:37:02.905 GMT-0700,183.893,183.80700000000002,0.1,0.1
30.03.2021 06:37:03.039 GMT-0700,183.893,183.797,0.1,0.1
30.03.2021 06:37:03.254 GMT-0700,183.89200000000002,183.798,0.1,0.1
30.03.2021 06:37:03.409 GMT-0700,183.893,183.797,0.1,0.1
30.03.2021 06:37:03.588 GMT-0700,183.882,183.798,0.0008,0.1
30.03.2021 06:37:03.639 GMT-0700,183.89200000000002,183.798,0.1,0.1
30.03.2021 06:37:04.357 GMT-0700,183.893,183.797,0.1,0.1
30.03.2021 06:37:04.507 GMT-0700,183.882,183.81799999999998,0.1,0.1
30.03.2021 06:37:04.787 GMT-0700,183.863,183.817,0.0008,0.1
30.03.2021 06:37:04.887 GMT-0700,183.872,183.81799999999998,0.1,0.1
30.03.2021 06:37:05.146 GMT-0700,183.893,183.817,0.1,0.1
30.03.2021 06:37:06.380 GMT-0700,183.89200000000002,183.84799999999998,0.1,0.075
30.03.2021 06:37:06.430 GMT-0700,183.893,183.817,0.1,0.1
30.03.2021 06:37:06.565 GMT-0700,183.893,183.817,0.1,0.1
30.03.2021 06:37:06.615 GMT-0700,183.893,183.817,0.1,0.1
30.03.2021 06:37:06.839 GMT-0700,183.893,183.817,0.1,0.1
30.03.2021 06:37:06.889 GMT-0700,183.94299999999998,183.847,0.1,0.1
30.03.2021 06:37:07.026 GMT-0700,183.942,183.828,0.1,0.1
30.03.2021 06:37:07.486 GMT-0700,183.94299999999998,183.847,0.1,0.1
30.03.2021 06:37:07.712 GMT-0700,183.942,183.828,0.1,0.1
30.03.2021 06:37:07.873 GMT-0700,183.942,183.828,0.1,0.1
30.03.2021 06:37:08.416 GMT-0700,183.922,183.84799999999998,0.0008,0.1
30.03.2021 06:37:08.468 GMT-0700,183.942,183.828,0.1,0.1
30.03.2021 06:37:09.936 GMT-0700,183.942,183.828,0.1,0.1
30.03.2021 06:37:09.986 GMT-0700,183.972,183.858,0.1,0.1
30.03.2021 06:37:10.126 GMT-0700,183.96200000000002,183.878,0.1,0.1
30.03.2021 06:37:10.336 GMT-0700,183.963,183.857,0.1,0.1
30.03.2021 06:37:10.451 GMT-0700,183.96200000000002,183.878,0.1,0.075
30.03.2021 06:37:10.814 GMT-0700,183.96200000000002,183.878,0.1,0.1
30.03.2021 06:37:11.018 GMT-0700,183.97299999999998,183.877,0.1,0.1
30.03.2021 06:37:11.068 GMT-0700,183.97299999999998,183.89700000000002,0.1,0.1
30.03.2021 06:37:12.875 GMT-0700,183.942,183.84799999999998,0.1,0.1
30.03.2021 06:37:13.108 GMT-0700,183.933,183.847,0.1,0.1
30.03.2021 06:37:13.296 GMT-0700,183.91299999999998,183.847,0.0008,0.1
30.03.2021 06:37:13.346 GMT-0700,183.933,183.847,0.1,0.1
30.03.2021 06:37:13.993 GMT-0700,183.91299999999998,183.847,0.0008,0.1
30.03.2021 06:37:14.093 GMT-0700,183.933,183.847,0.1,0.1
30.03.2021 06:37:14.148 GMT-0700,183.933,183.847,0.1,0.1
30.03.2021 06:37:14.296 GMT-0700,183.868,183.847,0.0008,0.1
30.03.2021 06:37:14.346 GMT-0700,183.863,183.817,0.1,0.1
30.03.2021 06:37:15.296 GMT-0700,183.86200000000002,183.78799999999998,0.1,0.1
30.03.2021 06:37:15.347 GMT-0700,183.86200000000002,183.768,0.1,0.1
30.03.2021 06:37:15.965 GMT-0700,183.843,183.73700000000002,0.1,0.1
30.03.2021 06:37:16.015 GMT-0700,183.863,183.757,0.1,0.1
30.03.2021 06:37:16.296 GMT-0700,183.813,183.757,0.0008,0.1
30.03.2021 06:37:16.346 GMT-0700,183.86200000000002,183.738,0.1,0.1
30.03.2021 06:37:17.059 GMT-0700,183.863,183.73700000000002,0.1,0.1
30.03.2021 06:37:17.773 GMT-0700,183.853,183.757,0.0008,0.1
30.03.2021 06:37:18.107 GMT-0700,183.863,183.77700000000002,0.1,0.1
30.03.2021 06:37:18.157 GMT-0700,183.93200000000002,183.828,0.1,0.1
30.03.2021 06:37:18.207 GMT-0700,183.90200000000002,183.808,0.1,0.1
30.03.2021 06:37:18.308 GMT-0700,183.903,183.77700000000002,0.1,0.1
30.03.2021 06:37:18.359 GMT-0700,183.93200000000002,183.808,0.1,0.1
30.03.2021 06:37:18.465 GMT-0700,183.903,183.77700000000002,0.1,0.1
30.03.2021 06:37:18.652 GMT-0700,183.883,183.77700000000002,0.0008,0.1
30.03.2021 06:37:19.192 GMT-0700,183.90200000000002,183.798,0.1,0.1
30.03.2021 06:37:19.242 GMT-0700,183.933,183.797,0.1,0.1
30.03.2021 06:37:19.446 GMT-0700,183.93200000000002,183.798,0.1,0.1
30.03.2021 06:37:19.496 GMT-0700,183.952,183.828,0.1,0.1
30.03.2021 06:37:19.552 GMT-0700,183.922,183.828,0.0008,0.1
30.03.2021 06:37:19.602 GMT-0700,183.952,183.828,0.1,0.1
30.03.2021 06:37:19.724 GMT-0700,183.953,183.847,0.1,0.075
30.03.2021 06:37:19.848 GMT-0700,183.952,183.858,0.1,0.1
30.03.2021 06:37:20.359 GMT-0700,183.96200000000002,183.84799999999998,0.1,0.1
30.03.2021 06:37:20.441 GMT-0700,183.94299999999998,183.847,0.0008,0.1
30.03.2021 06:37:20.636 GMT-0700,183.96200000000002,183.84799999999998,0.1,0.1
30.03.2021 06:37:20.737 GMT-0700,183.96200000000002,183.868,0.1,0.1
30.03.2021 06:37:20.787 GMT-0700,183.942,183.84799999999998,0.1,0.1
30.03.2021 06:37:20.887 GMT-0700,183.963,183.847,0.1,0.1
30.03.2021 06:37:21.007 GMT-0700,183.942,183.858,0.0008,0.075
30.03.2021 06:37:21.058 GMT-0700,183.942,183.828,0.1,0.1
30.03.2021 06:37:21.156 GMT-0700,183.94299999999998,183.857,0.1,0.075
30.03.2021 06:37:21.319 GMT-0700,183.94299999999998,183.827,0.1,0.1
30.03.2021 06:37:21.388 GMT-0700,183.94299999999998,183.857,0.1,0.1
30.03.2021 06:37:21.998 GMT-0700,183.922,183.858,0.0008,0.1
30.03.2021 06:37:22.184 GMT-0700,183.90200000000002,183.858,0.0008,0.1
30.03.2021 06:37:22.234 GMT-0700,183.923,183.857,0.1,0.1
30.03.2021 06:37:22.324 GMT-0700,183.922,183.798,0.1,0.1
30.03.2021 06:37:22.374 GMT-0700,183.922,183.798,0.1,0.1
30.03.2021 06:37:22.470 GMT-0700,183.90200000000002,183.798,0.0008,0.1
30.03.2021 06:37:22.521 GMT-0700,183.922,183.84799999999998,0.1,0.1
30.03.2021 06:37:22.620 GMT-0700,183.90200000000002,183.84799999999998,0.0008,0.075
30.03.2021 06:37:22.670 GMT-0700,183.90200000000002,183.838,0.1,0.1
30.03.2021 06:37:23.366 GMT-0700,183.923,183.83700000000002,0.1,0.1
30.03.2021 06:37:24.130 GMT-0700,183.90200000000002,183.798,0.1,0.1
30.03.2021 06:37:24.264 GMT-0700,183.903,183.797,0.0008,0.1
30.03.2021 06:37:24.421 GMT-0700,183.923,183.817,0.1,0.1
30.03.2021 06:37:24.565 GMT-0700,183.94299999999998,183.83700000000002,0.1,0.1
30.03.2021 06:37:24.707 GMT-0700,183.942,183.858,0.1,0.075
30.03.2021 06:37:25.016 GMT-0700,183.922,183.798,0.1,0.1
30.03.2021 06:37:25.067 GMT-0700,183.923,183.817,0.1,0.1
30.03.2021 06:37:25.925 GMT-0700,183.942,183.838,0.1,0.1
30.03.2021 06:37:26.079 GMT-0700,183.923,183.83700000000002,0.0008,0.1
30.03.2021 06:37:26.193 GMT-0700,183.94299999999998,183.83700000000002,0.1,0.1
30.03.2021 06:37:26.434 GMT-0700,183.94299999999998,183.83700000000002,0.1,0.1
30.03.2021 06:37:26.484 GMT-0700,183.94299999999998,183.83700000000002,0.1,0.1
30.03.2021 06:37:26.548 GMT-0700,183.963,183.857,0.1,0.1
30.03.2021 06:37:26.653 GMT-0700,183.953,183.857,0.1,0.1
30.03.2021 06:37:26.703 GMT-0700,183.952,183.84799999999998,0.1,0.1
30.03.2021 06:37:26.753 GMT-0700,183.952,183.858,0.1,0.1
30.03.2021 06:37:27.043 GMT-0700,183.953,183.857,0.1,0.1
30.03.2021 06:37:27.094 GMT-0700,183.952,183.858,0.1,0.1
30.03.2021 06:37:27.173 GMT-0700,183.933,183.857,0.0008,0.1
30.03.2021 06:37:27.469 GMT-0700,183.912,183.858,0.0008,0.1
30.03.2021 06:37:27.519 GMT-0700,183.933,183.857,0.1,0.1
30.03.2021 06:37:28.565 GMT-0700,183.91299999999998,183.847,0.1,0.1
30.03.2021 06:37:28.616 GMT-0700,183.903,183.80700000000002,0.1,0.1
30.03.2021 06:37:28.701 GMT-0700,183.90200000000002,183.808,0.1,0.1
30.03.2021 06:37:28.979 GMT-0700,183.91299999999998,183.80700000000002,0.1,0.1
30.03.2021 06:37:29.064 GMT-0700,183.91299999999998,183.80700000000002,0.1,0.1
30.03.2021 06:37:29.114 GMT-0700,183.933,183.817,0.1,0.1
30.03.2021 06:37:29.663 GMT-0700,183.91299999999998,183.817,0.0008,0.1
30.03.2021 06:37:29.822 GMT-0700,183.91299999999998,183.80700000000002,0.1,0.1
30.03.2021 06:37:29.872 GMT-0700,183.91299999999998,183.827,0.1,0.1
30.03.2021 06:37:29.923 GMT-0700,183.91299999999998,183.80700000000002,0.1,0.1
30.03.2021 06:37:30.013 GMT-0700,183.912,183.81799999999998,0.1,0.075
30.03.2021 06:37:30.064 GMT-0700,183.933,183.817,0.1,0.1
30.03.2021 06:37:30.244 GMT-0700,183.93200000000002,183.81799999999998,0.1,0.1
30.03.2021 06:37:30.437 GMT-0700,183.93200000000002,183.81799999999998,0.1,0.1
30.03.2021 06:37:30.753 GMT-0700,183.93200000000002,183.838,0.1,0.1
30.03.2021 06:37:30.803 GMT-0700,183.952,183.84799999999998,0.1,0.1
30.03.2021 06:37:31.180 GMT-0700,183.952,183.84799999999998,0.1,0.1
30.03.2021 06:37:31.280 GMT-0700,183.933,183.817,0.1,0.1
30.03.2021 06:37:31.405 GMT-0700,183.933,183.817,0.1,0.1
30.03.2021 06:37:31.970 GMT-0700,183.952,183.838,0.1,0.1
30.03.2021 06:37:32.146 GMT-0700,183.963,183.83700000000002,0.1,0.1
30.03.2021 06:37:32.196 GMT-0700,183.96200000000002,183.858,0.1,0.1
30.03.2021 06:37:32.247 GMT-0700,183.953,183.857,0.1,0.1
30.03.2021 06:37:32.297 GMT-0700,183.972,183.858,0.1,0.1
30.03.2021 06:37:32.413 GMT-0700,183.97299999999998,183.86700000000002,0.1,0.1
30.03.2021 06:37:32.565 GMT-0700,183.972,183.858,0.1,0.1
30.03.2021 06:37:32.829 GMT-0700,183.952,183.858,0.0008,0.1
30.03.2021 06:37:32.879 GMT-0700,183.972,183.858,0.1,0.1
30.03.2021 06:37:32.962 GMT-0700,183.97299999999998,183.857,0.1,0.1
30.03.2021 06:37:33.012 GMT-0700,183.97299999999998,183.857,0.1,0.1
30.03.2021 06:37:33.091 GMT-0700,183.952,183.858,0.0008,0.1
30.03.2021 06:37:33.141 GMT-0700,183.963,183.857,0.1,0.1
30.03.2021 06:37:33.241 GMT-0700,183.953,183.857,0.0008,0.1
30.03.2021 06:37:33.341 GMT-0700,183.96200000000002,183.858,0.1,0.1
30.03.2021 06:37:33.479 GMT-0700,183.96200000000002,183.888,0.0008,0.075
30.03.2021 06:37:33.529 GMT-0700,183.97299999999998,183.857,0.1,0.1
30.03.2021 06:37:33.689 GMT-0700,183.97299999999998,183.887,0.1,0.1
30.03.2021 06:37:35.034 GMT-0700,183.97299999999998,183.877,0.1,0.1
30.03.2021 06:37:35.297 GMT-0700,183.972,183.898,0.1,0.075
30.03.2021 06:37:35.347 GMT-0700,183.97299999999998,183.877,0.1,0.1
30.03.2021 06:37:35.398 GMT-0700,183.953,183.847,0.1,0.1
30.03.2021 06:37:35.448 GMT-0700,183.93200000000002,183.858,0.1,0.1
30.03.2021 06:37:35.498 GMT-0700,183.912,183.81799999999998,0.1,0.1
30.03.2021 06:37:35.654 GMT-0700,183.933,183.847,0.0008,0.075
30.03.2021 06:37:35.705 GMT-0700,183.952,183.828,0.1,0.1
30.03.2021 06:37:35.755 GMT-0700,183.952,183.84799999999998,0.1,0.1
30.03.2021 06:37:35.865 GMT-0700,183.93200000000002,183.84799999999998,0.1,0.1
30.03.2021 06:37:36.447 GMT-0700,183.953,183.847,0.1,0.1
30.03.2021 06:37:36.502 GMT-0700,183.93200000000002,183.84799999999998,0.0008,0.1
30.03.2021 06:37:37.876 GMT-0700,183.953,183.847,0.1,0.1
30.03.2021 06:37:37.926 GMT-0700,183.933,183.827,0.1,0.1
30.03.2021 06:37:38.193 GMT-0700,183.952,183.828,0.1,0.1
30.03.2021 06:37:38.243 GMT-0700,183.933,183.817,0.1,0.1
30.03.2021 06:37:38.425 GMT-0700,183.93200000000002,183.858,0.0008,0.075
30.03.2021 06:37:38.476 GMT-0700,183.952,183.838,0.1,0.1
30.03.2021 06:37:38.752 GMT-0700,183.953,183.857,0.1,0.075
30.03.2021 06:37:39.093 GMT-0700,183.963,183.857,0.1,0.1
30.03.2021 06:37:39.144 GMT-0700,183.963,183.86700000000002,0.1,0.1
30.03.2021 06:37:39.851 GMT-0700,183.97299999999998,183.877,0.1,0.1
30.03.2021 06:37:39.911 GMT-0700,183.97299999999998,183.857,0.1,0.1
30.03.2021 06:37:39.961 GMT-0700,183.97299999999998,183.877,0.1,0.1
30.03.2021 06:37:40.852 GMT-0700,183.97299999999998,183.877,0.1,0.1
30.03.2021 06:37:41.074 GMT-0700,183.972,183.888,0.1,0.1
30.03.2021 06:37:41.124 GMT-0700,183.912,183.798,0.1,0.1
30.03.2021 06:37:41.174 GMT-0700,183.91299999999998,183.817,0.1,0.1
30.03.2021 06:37:42.988 GMT-0700,183.912,183.798,0.1,0.1
30.03.2021 06:37:43.038 GMT-0700,183.872,183.798,0.1,0.1
30.03.2021 06:37:43.089 GMT-0700,183.893,183.797,0.1,0.1
30.03.2021 06:37:43.314 GMT-0700,183.873,183.797,0.0008,0.1
30.03.2021 06:37:43.365 GMT-0700,183.89200000000002,183.798,0.1,0.1
30.03.2021 06:37:43.432 GMT-0700,183.872,183.798,0.0008,0.1
30.03.2021 06:37:44.815 GMT-0700,183.912,183.798,0.1,0.1
30.03.2021 06:37:44.866 GMT-0700,183.91299999999998,183.80700000000002,0.1,0.1
30.03.2021 06:37:45.555 GMT-0700,183.893,183.80700000000002,0.0008,0.075
30.03.2021 06:37:45.605 GMT-0700,183.89200000000002,183.798,0.1,0.1
30.03.2021 06:37:45.686 GMT-0700,183.89200000000002,183.81799999999998,0.1,0.1
30.03.2021 06:37:45.919 GMT-0700,183.873,183.817,0.1,0.1
30.03.2021 06:37:46.037 GMT-0700,183.893,183.817,0.1,0.1
30.03.2021 06:37:47.547 GMT-0700,183.893,183.817,0.1,0.1
30.03.2021 06:37:47.648 GMT-0700,183.893,183.817,0.1,0.1
30.03.2021 06:37:47.974 GMT-0700,183.91299999999998,183.817,0.1,0.1
30.03.2021 06:37:48.108 GMT-0700,183.893,183.817,0.0008,0.1
30.03.2021 06:37:48.261 GMT-0700,183.912,183.81799999999998,0.1,0.1
30.03.2021 06:37:48.518 GMT-0700,183.89200000000002,183.81799999999998,0.1,0.1
30.03.2021 06:37:48.569 GMT-0700,183.912,183.81799999999998,0.1,0.1
30.03.2021 06:37:48.737 GMT-0700,183.89200000000002,183.81799999999998,0.0008,0.1
30.03.2021 06:37:49.501 GMT-0700,183.912,183.81799999999998,0.1,0.1
30.03.2021 06:37:49.713 GMT-0700,183.933,183.817,0.1,0.1
30.03.2021 06:37:49.763 GMT-0700,183.923,183.80700000000002,0.1,0.1
30.03.2021 06:37:49.864 GMT-0700,183.922,183.828,0.1,0.1
30.03.2021 06:37:50.123 GMT-0700,183.903,183.797,0.1,0.1
30.03.2021 06:37:50.819 GMT-0700,183.90200000000002,183.828,0.1,0.1
30.03.2021 06:37:51.044 GMT-0700,183.922,183.828,0.1,0.1
30.03.2021 06:37:51.145 GMT-0700,183.933,183.827,0.1,0.1
30.03.2021 06:37:51.195 GMT-0700,183.952,183.868,0.1,0.1
30.03.2021 06:37:51.536 GMT-0700,183.953,183.86700000000002,0.1,0.1
30.03.2021 06:37:51.586 GMT-0700,183.952,183.868,0.1,0.1
30.03.2021 06:37:51.713 GMT-0700,183.97299999999998,183.86700000000002,0.1,0.1
30.03.2021 06:37:51.815 GMT-0700,183.952,183.868,0.1,0.1
30.03.2021 06:37:51.865 GMT-0700,183.983,183.86700000000002,0.1,0.1
30.03.2021 06:37:51.966 GMT-0700,183.97299999999998,183.877,0.1,0.1
30.03.2021 06:37:52.017 GMT-0700,184.002,183.898,0.1,0.1
30.03.2021 06:37:52.067 GMT-0700,183.983,183.887,0.1,0.1
30.03.2021 06:37:52.218 GMT-0700,184.013,183.917,0.1,0.1
30.03.2021 06:37:52.343 GMT-0700,183.983,183.877,0.1,0.1
30.03.2021 06:37:52.393 GMT-0700,183.982,183.878,0.1,0.1
30.03.2021 06:37:52.726 GMT-0700,184.013,183.877,0.1,0.1
30.03.2021 06:37:52.776 GMT-0700,184.013,183.89700000000002,0.1,0.1
30.03.2021 06:37:52.828 GMT-0700,183.99200000000002,183.898,0.0008,0.1
30.03.2021 06:37:53.328 GMT-0700,183.97299999999998,183.877,0.1,0.1
30.03.2021 06:37:53.378 GMT-0700,183.982,183.878,0.1,0.1
30.03.2021 06:37:53.428 GMT-0700,183.982,183.888,0.1,0.1
30.03.2021 06:37:53.613 GMT-0700,183.993,183.887,0.1,0.1
30.03.2021 06:37:53.664 GMT-0700,184.002,183.898,0.1,0.1
30.03.2021 06:37:53.737 GMT-0700,184.002,183.898,0.1,0.1
30.03.2021 06:37:53.837 GMT-0700,184.013,183.917,0.1,0.1
30.03.2021 06:37:53.888 GMT-0700,184.042,183.918,0.1,0.1
30.03.2021 06:37:53.938 GMT-0700,184.053,183.95700000000002,0.1,0.1
30.03.2021 06:37:54.081 GMT-0700,184.033,183.937,0.0008,0.1
30.03.2021 06:37:54.182 GMT-0700,184.012,183.928,0.1,0.1
30.03.2021 06:37:54.232 GMT-0700,184.033,183.937,0.1,0.1
30.03.2021 06:37:54.357 GMT-0700,184.032,183.948,0.0008,0.075
30.03.2021 06:37:54.407 GMT-0700,184.05200000000002,183.948,0.1,0.1
30.03.2021 06:37:54.458 GMT-0700,184.05200000000002,183.958,0.1,0.1
30.03.2021 06:37:54.508 GMT-0700,184.05200000000002,183.948,0.1,0.1
30.03.2021 06:37:54.670 GMT-0700,184.05200000000002,183.958,0.1,0.075
30.03.2021 06:37:55.680 GMT-0700,184.053,183.95700000000002,0.1,0.1
30.03.2021 06:37:56.015 GMT-0700,184.053,183.92700000000002,0.1,0.1
30.03.2021 06:37:56.066 GMT-0700,184.012,183.918,0.1,0.1
30.03.2021 06:37:56.125 GMT-0700,184.02200000000002,183.918,0.1,0.1
30.03.2021 06:37:56.175 GMT-0700,184.02200000000002,183.958,0.1,0.1
30.03.2021 06:37:56.683 GMT-0700,184.05200000000002,183.958,0.1,0.1
30.03.2021 06:37:57.127 GMT-0700,184.05200000000002,183.958,0.1,0.1
30.03.2021 06:37:59.515 GMT-0700,184.05200000000002,183.958,0.1,0.1
30.03.2021 06:37:59.566 GMT-0700,184.053,183.967,0.1,0.1
30.03.2021 06:37:59.661 GMT-0700,184.092,184.028,0.1,0.1
30.03.2021 06:37:59.711 GMT-0700,184.073,183.967,0.1,0.1
30.03.2021 06:37:59.780 GMT-0700,184.072,183.988,0.0008,0.075
30.03.2021 06:37:59.830 GMT-0700,184.08200000000002,183.988,0.1,0.1
30.03.2021 06:37:59.880 GMT-0700,184.083,183.997,0.1,0.1
