Local time,Ask,Bid,AskVolume,BidVolume
30.03.2021 06:30:01.141 GMT-0700,63.002,62.198,0.011,0.011
30.03.2021 06:30:01.650 GMT-0700,62.723000000000006,62.297,0.0008,0.011
30.03.2021 06:30:01.812 GMT-0700,62.532,62.198,0.011,0.011
30.03.2021 06:30:02.550 GMT-0700,62.572,62.368,0.011,0.011
30.03.2021 06:30:03.052 GMT-0700,62.493,62.367,0.0075,0.011
30.03.2021 06:30:03.103 GMT-0700,62.393,62.197,0.011,0.011
30.03.2021 06:30:03.203 GMT-0700,62.422,62.198,0.011,0.011
30.03.2021 06:30:03.423 GMT-0700,62.422,62.198,0.0075,0.011
30.03.2021 06:30:03.474 GMT-0700,62.472,62.418000000000006,0.011,0.011
30.03.2021 06:30:03.582 GMT-0700,62.453,62.385,0.0008,0.0075
30.03.2021 06:30:03.633 GMT-0700,62.472,62.198,0.011,0.011
30.03.2021 06:30:06.027 GMT-0700,62.472,62.198,0.011,0.011
30.03.2021 06:30:06.077 GMT-0700,62.472,62.198,0.011,0.011
30.03.2021 06:30:06.789 GMT-0700,62.473000000000006,62.197,0.011,0.011
30.03.2021 06:30:06.890 GMT-0700,62.472,62.198,0.011,0.011
30.03.2021 06:30:07.047 GMT-0700,62.442,62.198,0.0008,0.011
30.03.2021 06:30:07.198 GMT-0700,62.442,62.198,0.011,0.011
30.03.2021 06:30:07.442 GMT-0700,62.413000000000004,62.317,0.0008,0.011
30.03.2021 06:30:10.071 GMT-0700,62.445,62.398,0.0008,0.0075
30.03.2021 06:30:10.121 GMT-0700,62.461999999999996,62.408,0.011,0.011
30.03.2021 06:30:10.322 GMT-0700,62.552,62.478,0.011,0.011
30.03.2021 06:30:10.472 GMT-0700,62.552,62.528000000000006,0.0008,0.0075
30.03.2021 06:30:10.523 GMT-0700,62.622,62.528000000000006,0.011,0.011
30.03.2021 06:30:10.616 GMT-0700,62.61300000000001,62.477,0.011,0.0075
30.03.2021 06:30:11.001 GMT-0700,62.603,62.475,0.0008,0.0075
30.03.2021 06:30:11.052 GMT-0700,62.602,62.198,0.011,0.011
30.03.2021 06:30:11.119 GMT-0700,62.603,62.197,0.011,0.011
30.03.2021 06:30:12.675 GMT-0700,62.593,62.257,0.011,0.011
30.03.2021 06:30:12.872 GMT-0700,62.592,62.248000000000005,0.011,0.011
30.03.2021 06:30:13.411 GMT-0700,62.592,62.258,0.011,0.011
30.03.2021 06:30:13.732 GMT-0700,62.592,62.248000000000005,0.011,0.011
30.03.2021 06:30:14.445 GMT-0700,62.543000000000006,62.247,0.0008,0.0075
30.03.2021 06:30:14.495 GMT-0700,62.543000000000006,62.197,0.011,0.011
30.03.2021 06:30:14.630 GMT-0700,62.543000000000006,62.197,0.011,0.011
30.03.2021 06:30:14.974 GMT-0700,62.532,62.348000000000006,0.0008,0.011
30.03.2021 06:30:15.536 GMT-0700,62.522,62.348000000000006,0.011,0.011
30.03.2021 06:30:15.650 GMT-0700,62.523,62.347,0.011,0.011
30.03.2021 06:30:19.028 GMT-0700,62.512,62.408,0.0008,0.011
30.03.2021 06:30:19.276 GMT-0700,62.423,62.207,0.011,0.011
30.03.2021 06:30:19.376 GMT-0700,62.432,62.198,0.011,0.011
30.03.2021 06:30:19.477 GMT-0700,62.432,62.198,0.011,0.011
30.03.2021 06:30:19.527 GMT-0700,62.383,62.197,0.011,0.011
30.03.2021 06:30:19.628 GMT-0700,62.403000000000006,62.197,0.011,0.011
30.03.2021 06:30:19.796 GMT-0700,62.382,62.198,0.011,0.011
30.03.2021 06:30:20.436 GMT-0700,62.383,62.207,0.011,0.0075
30.03.2021 06:30:20.604 GMT-0700,62.383,62.197,0.011,0.011
30.03.2021 06:30:21.258 GMT-0700,62.383,62.197,0.011,0.011
30.03.2021 06:30:21.539 GMT-0700,62.382,62.248000000000005,0.011,0.011
30.03.2021 06:30:22.586 GMT-0700,62.383,62.317,0.011,0.0075
30.03.2021 06:30:23.229 GMT-0700,62.443000000000005,62.357,0.011,0.011
30.03.2021 06:30:23.329 GMT-0700,62.443000000000005,62.267,0.011,0.011
30.03.2021 06:30:23.439 GMT-0700,62.442,62.198,0.011,0.011
30.03.2021 06:30:24.157 GMT-0700,62.443000000000005,62.297,0.011,0.0075
30.03.2021 06:30:24.258 GMT-0700,62.502,62.298,0.011,0.011
30.03.2021 06:30:24.309 GMT-0700,62.453,62.297,0.011,0.011
30.03.2021 06:30:25.046 GMT-0700,62.453,62.307,0.011,0.011
30.03.2021 06:30:25.096 GMT-0700,62.452,62.298,0.011,0.011
30.03.2021 06:30:25.614 GMT-0700,62.443000000000005,62.297,0.0075,0.011
30.03.2021 06:30:26.410 GMT-0700,62.423,62.307,0.011,0.0075
30.03.2021 06:30:26.510 GMT-0700,62.423,62.297,0.011,0.011
30.03.2021 06:30:27.252 GMT-0700,62.422,62.308,0.011,0.0075
30.03.2021 06:30:27.720 GMT-0700,62.422,62.298,0.011,0.011
30.03.2021 06:30:28.983 GMT-0700,62.422,62.308,0.011,0.0075
30.03.2021 06:30:29.108 GMT-0700,62.423,62.297,0.011,0.011
30.03.2021 06:30:29.820 GMT-0700,62.423,62.307,0.011,0.0075
30.03.2021 06:30:30.042 GMT-0700,62.423,62.297,0.011,0.011
30.03.2021 06:30:30.222 GMT-0700,62.412,62.348000000000006,0.0075,0.0075
30.03.2021 06:30:30.272 GMT-0700,62.412,62.198,0.011,0.011
30.03.2021 06:30:30.426 GMT-0700,62.412,62.198,0.011,0.011
30.03.2021 06:30:30.860 GMT-0700,62.393,62.367,0.0008,0.011
30.03.2021 06:30:30.910 GMT-0700,62.762,62.378,0.011,0.011
30.03.2021 06:30:31.097 GMT-0700,62.513000000000005,62.367,0.011,0.011
30.03.2021 06:30:32.950 GMT-0700,62.503,62.367,0.0075,0.011
30.03.2021 06:30:33.083 GMT-0700,62.513000000000005,62.367,0.011,0.011
30.03.2021 06:30:34.117 GMT-0700,62.433,62.367,0.0075,0.011
30.03.2021 06:30:34.167 GMT-0700,62.762,62.388000000000005,0.011,0.011
30.03.2021 06:30:34.217 GMT-0700,62.512,62.408,0.011,0.011
30.03.2021 06:30:34.268 GMT-0700,62.512,62.388000000000005,0.011,0.011
30.03.2021 06:30:35.211 GMT-0700,62.502,62.388000000000005,0.0075,0.011
30.03.2021 06:30:35.312 GMT-0700,62.512,62.388000000000005,0.011,0.011
30.03.2021 06:30:36.119 GMT-0700,62.503,62.387,0.0008,0.011
30.03.2021 06:30:36.256 GMT-0700,62.512,62.388000000000005,0.011,0.011
30.03.2021 06:30:37.010 GMT-0700,62.502,62.388000000000005,0.0075,0.011
30.03.2021 06:30:37.123 GMT-0700,62.513000000000005,62.387,0.011,0.011
30.03.2021 06:30:37.649 GMT-0700,62.502,62.388000000000005,0.011,0.011
30.03.2021 06:30:38.111 GMT-0700,62.512,62.388000000000005,0.011,0.011
30.03.2021 06:30:38.957 GMT-0700,62.502,62.388000000000005,0.0008,0.011
30.03.2021 06:30:39.058 GMT-0700,62.843,62.207,0.011,0.011
30.03.2021 06:30:39.115 GMT-0700,62.562,62.208000000000006,0.0008,0.011
30.03.2021 06:30:39.316 GMT-0700,62.562,62.48800000000001,0.0008,0.011
30.03.2021 06:30:39.366 GMT-0700,62.643,62.487,0.011,0.011
30.03.2021 06:30:40.257 GMT-0700,62.642,62.528000000000006,0.011,0.0075
30.03.2021 06:30:40.307 GMT-0700,62.642,62.48800000000001,0.011,0.011
30.03.2021 06:30:40.889 GMT-0700,62.642,62.508,0.011,0.0075
30.03.2021 06:30:42.321 GMT-0700,62.545,62.487,0.0075,0.011
30.03.2021 06:30:42.372 GMT-0700,62.643,62.487,0.011,0.011
30.03.2021 06:30:42.476 GMT-0700,62.622,62.48800000000001,0.011,0.011
30.03.2021 06:30:43.483 GMT-0700,62.542,62.48800000000001,0.0008,0.011
30.03.2021 06:30:43.533 GMT-0700,62.553000000000004,62.427,0.011,0.011
30.03.2021 06:30:43.583 GMT-0700,62.553000000000004,62.467,0.011,0.011
30.03.2021 06:30:43.747 GMT-0700,62.563,62.467,0.011,0.011
30.03.2021 06:30:44.402 GMT-0700,62.562,62.478,0.011,0.011
30.03.2021 06:30:44.452 GMT-0700,62.562,62.468,0.011,0.011
30.03.2021 06:30:45.571 GMT-0700,62.552,62.418000000000006,0.011,0.011
30.03.2021 06:30:45.992 GMT-0700,62.61300000000001,62.417,0.011,0.011
30.03.2021 06:30:46.513 GMT-0700,62.61300000000001,62.427,0.011,0.011
30.03.2021 06:30:46.661 GMT-0700,62.612,62.418000000000006,0.011,0.011
30.03.2021 06:30:47.072 GMT-0700,62.612,62.478,0.011,0.011
30.03.2021 06:30:49.464 GMT-0700,62.782,62.478,0.011,0.011
30.03.2021 06:30:49.514 GMT-0700,62.602,62.478,0.011,0.011
30.03.2021 06:30:50.723 GMT-0700,62.51,62.458000000000006,0.0075,0.011
30.03.2021 06:30:50.774 GMT-0700,62.502,62.288000000000004,0.011,0.011
30.03.2021 06:30:50.863 GMT-0700,62.503,62.367,0.011,0.0075
30.03.2021 06:30:50.963 GMT-0700,62.842,62.388000000000005,0.011,0.011
30.03.2021 06:30:51.063 GMT-0700,62.843,62.417,0.011,0.011
30.03.2021 06:30:51.114 GMT-0700,62.842,62.198,0.011,0.011
30.03.2021 06:30:51.496 GMT-0700,62.703,62.197,0.011,0.011
30.03.2021 06:30:51.597 GMT-0700,62.543000000000006,62.377,0.011,0.011
30.03.2021 06:30:54.354 GMT-0700,62.433,62.378,0.0008,0.011
30.03.2021 06:30:54.404 GMT-0700,62.843,62.377,0.011,0.011
30.03.2021 06:30:54.867 GMT-0700,62.532,62.378,0.011,0.011
30.03.2021 06:30:55.745 GMT-0700,62.532,62.388000000000005,0.011,0.0075
30.03.2021 06:30:55.795 GMT-0700,62.533,62.377,0.011,0.011
30.03.2021 06:30:55.911 GMT-0700,62.433,62.378,0.0008,0.011
30.03.2021 06:30:55.961 GMT-0700,62.842,62.418000000000006,0.011,0.011
30.03.2021 06:30:56.012 GMT-0700,62.842,62.388000000000005,0.011,0.011
30.03.2021 06:30:56.261 GMT-0700,62.532,62.388000000000005,0.011,0.011
30.03.2021 06:30:56.722 GMT-0700,62.522,62.388000000000005,0.011,0.011
30.03.2021 06:30:57.236 GMT-0700,62.522,62.338,0.011,0.011
30.03.2021 06:30:57.646 GMT-0700,62.503,62.327,0.011,0.011
30.03.2021 06:30:59.850 GMT-0700,62.493,62.347,0.0075,0.0075
30.03.2021 06:30:59.901 GMT-0700,62.503,62.347,0.011,0.011
30.03.2021 06:31:00.719 GMT-0700,62.492,62.348000000000006,0.0008,0.011
30.03.2021 06:31:00.819 GMT-0700,62.502,62.348000000000006,0.011,0.011
30.03.2021 06:31:01.549 GMT-0700,62.492,62.348000000000006,0.0008,0.011
30.03.2021 06:31:01.599 GMT-0700,62.502,62.348000000000006,0.011,0.011
30.03.2021 06:31:03.116 GMT-0700,62.493,62.347,0.011,0.011
30.03.2021 06:31:03.264 GMT-0700,62.502,62.348000000000006,0.011,0.011
30.03.2021 06:31:04.229 GMT-0700,62.493,62.347,0.011,0.011
30.03.2021 06:31:04.519 GMT-0700,62.503,62.347,0.011,0.011
30.03.2021 06:31:05.001 GMT-0700,62.403000000000006,62.347,0.011,0.011
30.03.2021 06:31:05.052 GMT-0700,62.503,62.357,0.011,0.011
30.03.2021 06:31:05.121 GMT-0700,62.502,62.398,0.011,0.011
30.03.2021 06:31:05.222 GMT-0700,62.583000000000006,62.307,0.011,0.011
30.03.2021 06:31:05.272 GMT-0700,62.503,62.297,0.011,0.011
30.03.2021 06:31:05.537 GMT-0700,62.493,62.297,0.0008,0.011
30.03.2021 06:31:06.216 GMT-0700,62.482,62.308,0.0075,0.0075
30.03.2021 06:31:06.317 GMT-0700,62.493,62.297,0.011,0.011
30.03.2021 06:31:06.577 GMT-0700,62.502,62.298,0.011,0.011
30.03.2021 06:31:06.628 GMT-0700,62.493,62.327,0.011,0.011
30.03.2021 06:31:06.678 GMT-0700,62.502,62.328,0.011,0.011
30.03.2021 06:31:06.799 GMT-0700,62.493,62.327,0.011,0.011
30.03.2021 06:31:06.909 GMT-0700,62.502,62.328,0.011,0.011
30.03.2021 06:31:07.371 GMT-0700,62.492,62.328,0.0008,0.011
30.03.2021 06:31:07.497 GMT-0700,62.503,62.327,0.011,0.011
30.03.2021 06:31:08.073 GMT-0700,62.492,62.328,0.0075,0.011
30.03.2021 06:31:08.401 GMT-0700,62.503,62.327,0.011,0.011
30.03.2021 06:31:08.634 GMT-0700,62.503,62.327,0.011,0.011
30.03.2021 06:31:08.803 GMT-0700,62.503,62.387,0.011,0.0075
30.03.2021 06:31:08.854 GMT-0700,62.503,62.336999999999996,0.011,0.011
30.03.2021 06:31:08.954 GMT-0700,62.413000000000004,62.207,0.011,0.011
30.03.2021 06:31:09.274 GMT-0700,62.36300000000001,62.217,0.011,0.011
30.03.2021 06:31:09.447 GMT-0700,62.362,62.228,0.011,0.0075
30.03.2021 06:31:09.598 GMT-0700,62.353,62.287,0.011,0.011
30.03.2021 06:31:09.648 GMT-0700,62.352,62.198,0.011,0.011
30.03.2021 06:31:09.698 GMT-0700,62.352,62.268,0.011,0.011
30.03.2021 06:31:09.799 GMT-0700,62.503,62.197,0.011,0.011
30.03.2021 06:31:09.922 GMT-0700,62.502,62.198,0.011,0.011
30.03.2021 06:31:10.030 GMT-0700,62.373000000000005,62.267,0.011,0.011
30.03.2021 06:31:10.285 GMT-0700,62.36300000000001,62.267,0.0075,0.011
30.03.2021 06:31:10.858 GMT-0700,62.373000000000005,62.267,0.011,0.011
30.03.2021 06:31:11.321 GMT-0700,62.353,62.267,0.0008,0.011
30.03.2021 06:31:12.521 GMT-0700,62.373000000000005,62.197,0.011,0.011
30.03.2021 06:31:13.728 GMT-0700,62.36300000000001,62.207,0.011,0.011
30.03.2021 06:31:13.803 GMT-0700,62.372,62.198,0.011,0.011
30.03.2021 06:31:14.816 GMT-0700,62.323,62.197,0.0075,0.011
30.03.2021 06:31:14.967 GMT-0700,62.262,62.198,0.011,0.011
30.03.2021 06:31:15.017 GMT-0700,62.323,62.207,0.011,0.011
30.03.2021 06:31:15.117 GMT-0700,62.333000000000006,62.086999999999996,0.011,0.011
30.03.2021 06:31:15.168 GMT-0700,62.333000000000006,62.117,0.011,0.011
30.03.2021 06:31:15.347 GMT-0700,62.323,62.127,0.011,0.011
30.03.2021 06:31:15.488 GMT-0700,62.332,62.118,0.011,0.011
30.03.2021 06:31:15.668 GMT-0700,62.292,62.118,0.0008,0.011
30.03.2021 06:31:15.719 GMT-0700,62.333000000000006,62.117,0.011,0.011
30.03.2021 06:31:16.007 GMT-0700,62.333000000000006,62.177,0.011,0.011
30.03.2021 06:31:16.336 GMT-0700,62.262,62.108000000000004,0.011,0.011
30.03.2021 06:31:16.508 GMT-0700,62.263000000000005,62.107,0.011,0.011
30.03.2021 06:31:17.348 GMT-0700,62.313,62.117,0.0075,0.0075
30.03.2021 06:31:17.609 GMT-0700,62.322,62.048,0.0075,0.011
30.03.2021 06:31:17.659 GMT-0700,62.332,62.128,0.011,0.011
30.03.2021 06:31:17.943 GMT-0700,62.323,62.127,0.0008,0.011
30.03.2021 06:31:18.043 GMT-0700,62.332,62.128,0.011,0.011
30.03.2021 06:31:18.094 GMT-0700,62.333000000000006,62.137,0.011,0.011
30.03.2021 06:31:18.144 GMT-0700,62.332,62.128,0.011,0.011
30.03.2021 06:31:18.401 GMT-0700,62.333000000000006,62.137,0.011,0.011
30.03.2021 06:31:18.451 GMT-0700,62.332,62.128,0.011,0.011
30.03.2021 06:31:18.502 GMT-0700,62.333000000000006,62.137,0.011,0.011
30.03.2021 06:31:18.809 GMT-0700,62.322,62.198,0.011,0.011
30.03.2021 06:31:18.859 GMT-0700,62.332,62.198,0.011,0.011
30.03.2021 06:31:19.331 GMT-0700,62.243,62.198,0.0008,0.011
30.03.2021 06:31:19.381 GMT-0700,62.333000000000006,62.127,0.011,0.011
30.03.2021 06:31:19.567 GMT-0700,62.322,62.128,0.0008,0.011
30.03.2021 06:31:20.039 GMT-0700,62.253,62.177,0.0075,0.011
30.03.2021 06:31:20.089 GMT-0700,62.312,62.178000000000004,0.011,0.011
30.03.2021 06:31:20.158 GMT-0700,62.302,62.178000000000004,0.0008,0.011
30.03.2021 06:31:20.208 GMT-0700,62.313,62.177,0.011,0.011
30.03.2021 06:31:21.022 GMT-0700,62.263000000000005,62.177,0.011,0.011
30.03.2021 06:31:21.392 GMT-0700,62.312,62.178000000000004,0.011,0.011
30.03.2021 06:31:21.544 GMT-0700,62.253,62.177,0.0008,0.011
30.03.2021 06:31:21.594 GMT-0700,62.253,62.057,0.011,0.011
30.03.2021 06:31:21.645 GMT-0700,62.252,62.098000000000006,0.011,0.011
30.03.2021 06:31:21.695 GMT-0700,62.292,62.048,0.011,0.011
30.03.2021 06:31:21.775 GMT-0700,62.293000000000006,62.117,0.011,0.0075
30.03.2021 06:31:22.872 GMT-0700,62.292,62.128,0.011,0.0075
30.03.2021 06:31:23.310 GMT-0700,62.292,62.118,0.011,0.011
30.03.2021 06:31:23.850 GMT-0700,62.292,62.118,0.011,0.011
30.03.2021 06:31:24.680 GMT-0700,62.292,62.228,0.011,0.011
30.03.2021 06:31:24.731 GMT-0700,62.293000000000006,62.227,0.011,0.011
30.03.2021 06:31:25.730 GMT-0700,62.292,62.228,0.0075,0.011
30.03.2021 06:31:25.780 GMT-0700,62.362,62.138000000000005,0.011,0.011
30.03.2021 06:31:25.830 GMT-0700,62.362,62.208000000000006,0.011,0.011
30.03.2021 06:31:26.386 GMT-0700,62.36300000000001,62.217,0.011,0.011
30.03.2021 06:31:26.437 GMT-0700,62.36300000000001,62.207,0.011,0.011
30.03.2021 06:31:26.577 GMT-0700,62.322,62.208000000000006,0.011,0.011
30.03.2021 06:31:26.627 GMT-0700,62.36300000000001,62.207,0.011,0.011
30.03.2021 06:31:26.911 GMT-0700,62.393,62.207,0.011,0.011
30.03.2021 06:31:26.963 GMT-0700,62.383,62.217,0.011,0.011
30.03.2021 06:31:27.170 GMT-0700,62.393,62.207,0.011,0.011
30.03.2021 06:31:27.507 GMT-0700,62.392,62.208000000000006,0.011,0.011
30.03.2021 06:31:27.913 GMT-0700,62.402,62.278000000000006,0.011,0.011
30.03.2021 06:31:27.964 GMT-0700,62.392,62.278000000000006,0.011,0.011
30.03.2021 06:31:30.857 GMT-0700,62.343,62.277,0.0008,0.011
30.03.2021 06:31:31.563 GMT-0700,62.322,62.278000000000006,0.011,0.011
30.03.2021 06:31:31.614 GMT-0700,62.343,62.277,0.011,0.011
30.03.2021 06:31:33.896 GMT-0700,62.342,62.278000000000006,0.011,0.011
30.03.2021 06:31:35.976 GMT-0700,62.312,62.298,0.0008,0.0075
30.03.2021 06:31:36.026 GMT-0700,62.322,62.268,0.011,0.011
30.03.2021 06:31:36.561 GMT-0700,62.332,62.198,0.011,0.011
30.03.2021 06:31:36.611 GMT-0700,62.312,62.198,0.011,0.011
30.03.2021 06:31:36.998 GMT-0700,62.373000000000005,62.117,0.011,0.011
30.03.2021 06:31:37.048 GMT-0700,62.342,62.128,0.011,0.011
30.03.2021 06:31:37.166 GMT-0700,62.333000000000006,62.127,0.011,0.011
30.03.2021 06:31:37.315 GMT-0700,62.343,62.127,0.011,0.011
30.03.2021 06:31:38.020 GMT-0700,62.332,62.138000000000005,0.0075,0.0075
30.03.2021 06:31:38.071 GMT-0700,62.343,62.127,0.011,0.011
30.03.2021 06:31:41.675 GMT-0700,62.322,62.128,0.0075,0.011
30.03.2021 06:31:41.895 GMT-0700,62.332,62.128,0.011,0.011
30.03.2021 06:31:42.802 GMT-0700,62.352,62.118,0.011,0.011
30.03.2021 06:31:42.932 GMT-0700,62.342,62.118,0.0008,0.011
30.03.2021 06:31:43.688 GMT-0700,62.333000000000006,62.127,0.0075,0.0075
30.03.2021 06:31:43.801 GMT-0700,62.352,62.118,0.011,0.011
30.03.2021 06:31:44.579 GMT-0700,62.343,62.117,0.0008,0.011
30.03.2021 06:31:44.679 GMT-0700,62.343,62.117,0.011,0.011
30.03.2021 06:31:45.266 GMT-0700,62.303000000000004,62.117,0.0008,0.011
30.03.2021 06:31:45.805 GMT-0700,62.302,62.158,0.011,0.011
30.03.2021 06:31:46.103 GMT-0700,62.303000000000004,62.157,0.011,0.011
30.03.2021 06:31:46.154 GMT-0700,62.303000000000004,62.157,0.011,0.011
30.03.2021 06:31:46.405 GMT-0700,62.282,62.158,0.011,0.011
30.03.2021 06:31:46.705 GMT-0700,62.272,62.158,0.0008,0.011
30.03.2021 06:31:46.918 GMT-0700,62.283,62.157,0.011,0.011
30.03.2021 06:31:49.078 GMT-0700,62.272,62.158,0.0008,0.011
30.03.2021 06:31:49.323 GMT-0700,62.283,62.157,0.011,0.011
30.03.2021 06:31:50.556 GMT-0700,62.272,62.158,0.0075,0.011
30.03.2021 06:31:50.607 GMT-0700,62.282,62.158,0.011,0.011
30.03.2021 06:31:51.385 GMT-0700,62.273,62.157,0.0008,0.011
30.03.2021 06:31:51.712 GMT-0700,62.282,62.158,0.011,0.011
30.03.2021 06:31:53.252 GMT-0700,62.272,62.158,0.011,0.011
30.03.2021 06:31:53.440 GMT-0700,62.282,62.158,0.011,0.011
30.03.2021 06:31:54.279 GMT-0700,62.272,62.158,0.0008,0.011
30.03.2021 06:31:54.442 GMT-0700,62.272,62.158,0.0075,0.011
30.03.2021 06:31:54.492 GMT-0700,62.282,62.088,0.011,0.011
30.03.2021 06:31:55.812 GMT-0700,62.223000000000006,62.086999999999996,0.0008,0.011
30.03.2021 06:31:55.862 GMT-0700,62.272,62.098000000000006,0.011,0.011
30.03.2021 06:31:55.981 GMT-0700,62.282,62.088,0.011,0.011
30.03.2021 06:31:56.963 GMT-0700,62.273,62.097,0.0075,0.0075
30.03.2021 06:31:57.165 GMT-0700,62.282,62.088,0.011,0.011
30.03.2021 06:31:57.647 GMT-0700,62.282,62.098000000000006,0.011,0.0075
30.03.2021 06:31:57.748 GMT-0700,62.283,62.117,0.011,0.011
30.03.2021 06:31:57.848 GMT-0700,62.253,61.967,0.011,0.011
30.03.2021 06:31:57.898 GMT-0700,62.252,62.048,0.011,0.011
30.03.2021 06:31:58.010 GMT-0700,62.252,62.058,0.011,0.011
30.03.2021 06:31:58.139 GMT-0700,62.232,62.058,0.011,0.011
30.03.2021 06:31:58.275 GMT-0700,62.232,62.048,0.011,0.011
30.03.2021 06:31:58.692 GMT-0700,62.222,62.048,0.0008,0.011
30.03.2021 06:31:58.879 GMT-0700,62.233000000000004,62.047,0.011,0.011
30.03.2021 06:32:01.557 GMT-0700,62.233000000000004,62.047,0.011,0.011
30.03.2021 06:32:02.863 GMT-0700,62.223000000000006,62.107,0.011,0.011
30.03.2021 06:32:02.971 GMT-0700,62.233000000000004,62.107,0.011,0.011
30.03.2021 06:32:03.984 GMT-0700,62.232,62.118,0.011,0.011
30.03.2021 06:32:04.257 GMT-0700,62.183,62.107,0.011,0.011
30.03.2021 06:32:04.902 GMT-0700,62.183,62.067,0.011,0.011
30.03.2021 06:32:05.983 GMT-0700,62.183,62.057,0.011,0.011
30.03.2021 06:32:06.033 GMT-0700,62.182,62.068000000000005,0.011,0.011
30.03.2021 06:32:06.084 GMT-0700,62.182,62.058,0.011,0.011
30.03.2021 06:32:06.550 GMT-0700,62.183,62.057,0.011,0.011
30.03.2021 06:32:06.715 GMT-0700,62.182,62.058,0.011,0.011
30.03.2021 06:32:06.948 GMT-0700,62.112,62.058,0.011,0.011
30.03.2021 06:32:07.126 GMT-0700,62.232,62.058,0.011,0.011
30.03.2021 06:32:07.255 GMT-0700,62.202,62.058,0.011,0.011
30.03.2021 06:32:07.559 GMT-0700,62.192,62.058,0.0008,0.011
30.03.2021 06:32:07.660 GMT-0700,62.202,62.058,0.011,0.011
30.03.2021 06:32:09.064 GMT-0700,62.192,62.058,0.0008,0.011
30.03.2021 06:32:09.165 GMT-0700,62.203,62.057,0.011,0.011
30.03.2021 06:32:09.985 GMT-0700,62.192,62.058,0.011,0.011
30.03.2021 06:32:10.115 GMT-0700,62.202,62.058,0.011,0.011
30.03.2021 06:32:10.410 GMT-0700,62.203,62.097,0.011,0.011
30.03.2021 06:32:10.460 GMT-0700,62.203,62.067,0.011,0.011
30.03.2021 06:32:10.511 GMT-0700,62.203,62.057,0.011,0.011
30.03.2021 06:32:10.896 GMT-0700,62.203,62.057,0.011,0.011
30.03.2021 06:32:12.621 GMT-0700,62.272,62.128,0.011,0.011
30.03.2021 06:32:13.231 GMT-0700,62.302,62.048,0.011,0.011
30.03.2021 06:32:13.282 GMT-0700,62.253,62.047,0.011,0.011
30.03.2021 06:32:13.418 GMT-0700,62.252,62.138000000000005,0.011,0.011
30.03.2021 06:32:13.734 GMT-0700,62.243,62.137,0.0008,0.011
30.03.2021 06:32:14.059 GMT-0700,62.253,62.137,0.011,0.011
30.03.2021 06:32:14.110 GMT-0700,62.252,62.068000000000005,0.011,0.011
30.03.2021 06:32:15.110 GMT-0700,62.242,62.078,0.011,0.011
30.03.2021 06:32:15.161 GMT-0700,62.252,62.068000000000005,0.011,0.011
30.03.2021 06:32:17.124 GMT-0700,62.252,62.058,0.011,0.011
30.03.2021 06:32:17.575 GMT-0700,62.302,62.058,0.011,0.011
30.03.2021 06:32:17.772 GMT-0700,62.293000000000006,62.057,0.0008,0.011
30.03.2021 06:32:18.786 GMT-0700,62.203,62.057,0.011,0.011
30.03.2021 06:32:18.837 GMT-0700,62.253,62.057,0.011,0.011
30.03.2021 06:32:19.871 GMT-0700,62.183,62.057,0.0008,0.011
30.03.2021 06:32:19.922 GMT-0700,62.192,62.058,0.011,0.011
30.03.2021 06:32:19.972 GMT-0700,62.183,62.057,0.011,0.011
30.03.2021 06:32:20.023 GMT-0700,62.192,62.058,0.011,0.011
30.03.2021 06:32:20.127 GMT-0700,62.182,62.058,0.0008,0.011
30.03.2021 06:32:20.178 GMT-0700,62.193000000000005,62.057,0.011,0.011
30.03.2021 06:32:20.715 GMT-0700,62.183,62.077,0.0075,0.0075
30.03.2021 06:32:20.765 GMT-0700,62.193000000000005,62.057,0.011,0.011
30.03.2021 06:32:20.815 GMT-0700,62.193000000000005,62.067,0.011,0.011
30.03.2021 06:32:21.475 GMT-0700,62.192,62.048,0.011,0.011
30.03.2021 06:32:21.665 GMT-0700,62.192,62.058,0.011,0.0075
30.03.2021 06:32:21.765 GMT-0700,62.193000000000005,62.047,0.011,0.011
30.03.2021 06:32:22.599 GMT-0700,62.192,62.048,0.011,0.011
30.03.2021 06:32:22.825 GMT-0700,62.193000000000005,62.067,0.011,0.011
30.03.2021 06:32:23.665 GMT-0700,62.183,62.067,0.0075,0.011
30.03.2021 06:32:23.959 GMT-0700,62.193000000000005,62.067,0.011,0.011
30.03.2021 06:32:24.492 GMT-0700,62.182,62.068000000000005,0.0075,0.011
30.03.2021 06:32:24.593 GMT-0700,62.192,62.058,0.011,0.011
30.03.2021 06:32:25.834 GMT-0700,62.193000000000005,62.057,0.011,0.011
30.03.2021 06:32:26.223 GMT-0700,62.192,62.058,0.011,0.011
30.03.2021 06:32:26.420 GMT-0700,62.192,62.068000000000005,0.011,0.011
30.03.2021 06:32:26.470 GMT-0700,62.192,62.058,0.011,0.011
30.03.2021 06:32:26.556 GMT-0700,62.182,62.058,0.0075,0.011
30.03.2021 06:32:26.895 GMT-0700,62.193000000000005,62.057,0.011,0.011
30.03.2021 06:32:27.405 GMT-0700,62.183,62.057,0.011,0.011
30.03.2021 06:32:27.662 GMT-0700,62.193000000000005,62.057,0.011,0.011
30.03.2021 06:32:28.799 GMT-0700,62.182,62.058,0.0008,0.011
30.03.2021 06:32:28.899 GMT-0700,62.192,62.058,0.011,0.011
30.03.2021 06:32:29.601 GMT-0700,62.11300000000001,62.057,0.0008,0.011
30.03.2021 06:32:31.012 GMT-0700,62.112,62.068000000000005,0.011,0.011
30.03.2021 06:32:31.376 GMT-0700,62.153000000000006,62.067,0.011,0.011
30.03.2021 06:32:31.427 GMT-0700,62.163000000000004,62.067,0.011,0.011
30.03.2021 06:32:32.077 GMT-0700,62.152,62.068000000000005,0.0008,0.011
30.03.2021 06:32:32.178 GMT-0700,62.162,62.068000000000005,0.011,0.011
30.03.2021 06:32:32.651 GMT-0700,62.192,62.088,0.011,0.011
30.03.2021 06:32:32.752 GMT-0700,62.252,62.058,0.011,0.011
30.03.2021 06:32:32.802 GMT-0700,62.233000000000004,62.057,0.011,0.011
30.03.2021 06:32:32.921 GMT-0700,62.222,62.058,0.011,0.011
30.03.2021 06:32:32.971 GMT-0700,62.233000000000004,62.057,0.011,0.011
30.03.2021 06:32:33.121 GMT-0700,62.292,62.058,0.011,0.011
30.03.2021 06:32:33.171 GMT-0700,62.182,62.058,0.011,0.011
30.03.2021 06:32:33.272 GMT-0700,62.252,62.058,0.011,0.011
30.03.2021 06:32:33.322 GMT-0700,62.182,62.068000000000005,0.011,0.011
30.03.2021 06:32:33.872 GMT-0700,62.172,62.068000000000005,0.0008,0.011
30.03.2021 06:32:34.069 GMT-0700,62.182,62.068000000000005,0.011,0.011
30.03.2021 06:32:34.555 GMT-0700,62.173,62.067,0.0008,0.011
30.03.2021 06:32:34.921 GMT-0700,62.183,62.067,0.011,0.011
30.03.2021 06:32:36.291 GMT-0700,62.173,62.067,0.0008,0.011
30.03.2021 06:32:36.511 GMT-0700,62.182,62.068000000000005,0.011,0.011
30.03.2021 06:32:37.185 GMT-0700,62.105000000000004,62.067,0.0008,0.011
30.03.2021 06:32:37.235 GMT-0700,62.182,62.068000000000005,0.011,0.011
30.03.2021 06:32:38.344 GMT-0700,62.172,62.068000000000005,0.0008,0.011
30.03.2021 06:32:38.394 GMT-0700,62.182,62.068000000000005,0.011,0.011
30.03.2021 06:32:39.499 GMT-0700,62.172,62.098000000000006,0.0075,0.0075
30.03.2021 06:32:39.550 GMT-0700,62.173,62.077,0.011,0.011
30.03.2021 06:32:39.651 GMT-0700,62.183,62.097,0.011,0.011
30.03.2021 06:32:40.031 GMT-0700,62.183,62.117,0.0075,0.011
30.03.2021 06:32:40.082 GMT-0700,62.253,62.117,0.011,0.011
30.03.2021 06:32:40.132 GMT-0700,62.213,62.117,0.011,0.011
30.03.2021 06:32:42.421 GMT-0700,62.203,62.117,0.0008,0.011
30.03.2021 06:32:42.471 GMT-0700,62.213,62.117,0.011,0.011
30.03.2021 06:32:42.522 GMT-0700,62.211999999999996,62.148,0.011,0.011
30.03.2021 06:32:42.572 GMT-0700,62.252,62.018,0.011,0.011
30.03.2021 06:32:42.673 GMT-0700,62.272,62.158,0.011,0.011
30.03.2021 06:32:44.769 GMT-0700,62.273,62.167,0.011,0.0075
30.03.2021 06:32:44.819 GMT-0700,62.273,62.157,0.011,0.011
30.03.2021 06:32:45.357 GMT-0700,62.262,62.158,0.0008,0.011
30.03.2021 06:32:45.715 GMT-0700,62.272,62.158,0.011,0.011
30.03.2021 06:32:46.418 GMT-0700,62.192,62.158,0.0008,0.0075
30.03.2021 06:32:46.468 GMT-0700,62.273,62.057,0.011,0.011
30.03.2021 06:32:46.518 GMT-0700,62.272,62.068000000000005,0.011,0.011
30.03.2021 06:32:48.638 GMT-0700,62.263000000000005,62.077,0.011,0.011
30.03.2021 06:32:48.935 GMT-0700,62.272,62.068000000000005,0.011,0.011
30.03.2021 06:32:50.029 GMT-0700,62.273,62.067,0.011,0.011
30.03.2021 06:32:52.120 GMT-0700,62.262,62.148,0.0075,0.011
30.03.2021 06:32:52.220 GMT-0700,62.273,62.147,0.011,0.011
30.03.2021 06:32:52.635 GMT-0700,62.211999999999996,62.078,0.0075,0.011
30.03.2021 06:32:52.686 GMT-0700,62.211999999999996,62.068000000000005,0.011,0.011
30.03.2021 06:32:52.886 GMT-0700,62.203,62.067,0.0008,0.011
30.03.2021 06:32:52.937 GMT-0700,62.211999999999996,61.998000000000005,0.011,0.011
30.03.2021 06:32:53.899 GMT-0700,62.203,61.997,0.0008,0.011
30.03.2021 06:32:54.131 GMT-0700,62.213,61.997,0.011,0.011
30.03.2021 06:32:54.736 GMT-0700,62.213,62.057,0.011,0.0075
30.03.2021 06:32:55.827 GMT-0700,62.083000000000006,62.007,0.011,0.011
30.03.2021 06:32:55.877 GMT-0700,62.202,62.008,0.011,0.011
30.03.2021 06:32:55.984 GMT-0700,62.232,61.998000000000005,0.011,0.011
30.03.2021 06:32:56.034 GMT-0700,62.233000000000004,62.007,0.011,0.011
30.03.2021 06:32:56.302 GMT-0700,62.232,62.008,0.011,0.011
30.03.2021 06:32:56.403 GMT-0700,62.133,62.047,0.011,0.011
30.03.2021 06:32:56.554 GMT-0700,62.132,61.998000000000005,0.011,0.011
30.03.2021 06:32:56.700 GMT-0700,62.133,62.007,0.011,0.0075
30.03.2021 06:32:56.934 GMT-0700,62.133,62.047,0.011,0.0075
30.03.2021 06:32:57.285 GMT-0700,62.112,61.998000000000005,0.011,0.011
30.03.2021 06:32:57.782 GMT-0700,62.11300000000001,62.007,0.011,0.011
30.03.2021 06:32:57.954 GMT-0700,62.112,61.998000000000005,0.011,0.011
30.03.2021 06:32:59.004 GMT-0700,62.112,62.008,0.011,0.011
30.03.2021 06:32:59.448 GMT-0700,62.083000000000006,62.007,0.011,0.011
30.03.2021 06:32:59.498 GMT-0700,62.223000000000006,61.997,0.011,0.011
30.03.2021 06:32:59.549 GMT-0700,62.222,62.018,0.011,0.011
30.03.2021 06:32:59.649 GMT-0700,62.11300000000001,61.947,0.011,0.011
30.03.2021 06:32:59.846 GMT-0700,62.052,61.948,0.0008,0.011
30.03.2021 06:32:59.896 GMT-0700,62.053000000000004,61.927,0.011,0.011
30.03.2021 06:32:59.946 GMT-0700,62.052,61.958000000000006,0.011,0.011
30.03.2021 06:33:00.086 GMT-0700,62.052,61.958000000000006,0.011,0.011
30.03.2021 06:33:00.137 GMT-0700,62.112,62.018,0.011,0.011
30.03.2021 06:33:00.241 GMT-0700,62.103,62.017,0.011,0.011
30.03.2021 06:33:00.292 GMT-0700,62.112,62.008,0.011,0.011
30.03.2021 06:33:00.663 GMT-0700,62.152,62.018,0.011,0.011
30.03.2021 06:33:00.713 GMT-0700,62.11300000000001,62.007,0.011,0.011
30.03.2021 06:33:00.825 GMT-0700,62.102,62.008,0.011,0.011
30.03.2021 06:33:00.875 GMT-0700,62.103,61.997,0.011,0.011
30.03.2021 06:33:00.926 GMT-0700,62.112,61.998000000000005,0.011,0.011
30.03.2021 06:33:01.104 GMT-0700,62.11300000000001,61.997,0.011,0.011
30.03.2021 06:33:01.154 GMT-0700,62.112,62.008,0.011,0.011
30.03.2021 06:33:01.572 GMT-0700,62.112,62.008,0.011,0.011
30.03.2021 06:33:01.769 GMT-0700,62.102,62.018,0.0075,0.011
30.03.2021 06:33:01.870 GMT-0700,62.172,62.018,0.011,0.011
30.03.2021 06:33:01.949 GMT-0700,62.183,62.017,0.011,0.011
30.03.2021 06:33:02.524 GMT-0700,62.172,62.028000000000006,0.011,0.011
30.03.2021 06:33:02.625 GMT-0700,62.222,62.058,0.011,0.011
30.03.2021 06:33:02.675 GMT-0700,62.182,62.058,0.011,0.011
30.03.2021 06:33:02.783 GMT-0700,62.223000000000006,62.057,0.011,0.011
30.03.2021 06:33:02.833 GMT-0700,62.162,62.058,0.011,0.011
30.03.2021 06:33:03.000 GMT-0700,62.083000000000006,62.057,0.011,0.011
30.03.2021 06:33:03.051 GMT-0700,62.162,62.018,0.011,0.011
30.03.2021 06:33:03.480 GMT-0700,62.192,62.018,0.011,0.011
30.03.2021 06:33:03.549 GMT-0700,62.142,62.018,0.0008,0.011
30.03.2021 06:33:03.730 GMT-0700,62.133,62.017,0.0008,0.011
30.03.2021 06:33:03.916 GMT-0700,62.143,62.057,0.011,0.011
30.03.2021 06:33:04.720 GMT-0700,62.232,62.068000000000005,0.011,0.011
30.03.2021 06:33:04.771 GMT-0700,62.222,62.068000000000005,0.011,0.011
30.03.2021 06:33:04.821 GMT-0700,62.233000000000004,62.067,0.011,0.011
30.03.2021 06:33:05.342 GMT-0700,62.203,62.067,0.0008,0.011
30.03.2021 06:33:05.443 GMT-0700,62.142,62.068000000000005,0.011,0.011
30.03.2021 06:33:05.728 GMT-0700,62.133,62.067,0.011,0.011
30.03.2021 06:33:05.778 GMT-0700,62.233000000000004,62.067,0.011,0.011
30.03.2021 06:33:05.828 GMT-0700,62.173,62.067,0.011,0.011
30.03.2021 06:33:06.009 GMT-0700,62.11300000000001,62.067,0.0008,0.011
30.03.2021 06:33:06.384 GMT-0700,62.232,62.028000000000006,0.011,0.011
30.03.2021 06:33:06.927 GMT-0700,62.222,62.028000000000006,0.0075,0.011
30.03.2021 06:33:07.073 GMT-0700,62.222,62.038000000000004,0.011,0.0075
30.03.2021 06:33:07.174 GMT-0700,62.233000000000004,62.027,0.011,0.011
30.03.2021 06:33:07.274 GMT-0700,62.133,62.027,0.011,0.011
30.03.2021 06:33:07.325 GMT-0700,62.142,62.028000000000006,0.011,0.011
30.03.2021 06:33:07.550 GMT-0700,62.133,62.027,0.0008,0.011
30.03.2021 06:33:07.600 GMT-0700,62.232,62.028000000000006,0.011,0.011
30.03.2021 06:33:07.650 GMT-0700,62.123000000000005,62.027,0.011,0.011
30.03.2021 06:33:07.700 GMT-0700,62.193000000000005,62.027,0.011,0.011
30.03.2021 06:33:07.757 GMT-0700,62.122,62.028000000000006,0.0008,0.011
30.03.2021 06:33:07.880 GMT-0700,62.122,62.028000000000006,0.011,0.011
30.03.2021 06:33:07.930 GMT-0700,62.122,62.028000000000006,0.011,0.011
30.03.2021 06:33:08.137 GMT-0700,62.193000000000005,62.027,0.011,0.011
30.03.2021 06:33:08.206 GMT-0700,62.122,62.028000000000006,0.0008,0.011
30.03.2021 06:33:08.495 GMT-0700,62.192,62.028000000000006,0.011,0.011
30.03.2021 06:33:08.596 GMT-0700,62.182,62.038000000000004,0.0075,0.0075
30.03.2021 06:33:08.646 GMT-0700,62.192,62.028000000000006,0.011,0.011
30.03.2021 06:33:08.697 GMT-0700,62.192,62.078,0.011,0.011
30.03.2021 06:33:09.123 GMT-0700,62.143,62.077,0.0008,0.0075
30.03.2021 06:33:09.173 GMT-0700,62.142,62.018,0.011,0.011
30.03.2021 06:33:09.255 GMT-0700,62.222,62.098000000000006,0.011,0.011
30.03.2021 06:33:09.637 GMT-0700,62.193000000000005,62.077,0.0008,0.011
30.03.2021 06:33:09.687 GMT-0700,62.232,62.078,0.011,0.011
30.03.2021 06:33:09.881 GMT-0700,62.222,62.078,0.0008,0.011
30.03.2021 06:33:09.981 GMT-0700,62.233000000000004,62.077,0.011,0.011
30.03.2021 06:33:10.807 GMT-0700,62.223000000000006,62.117,0.011,0.011
30.03.2021 06:33:11.410 GMT-0700,62.222,62.118,0.0075,0.011
30.03.2021 06:33:11.460 GMT-0700,62.293000000000006,62.127,0.011,0.011
30.03.2021 06:33:11.510 GMT-0700,62.283,62.117,0.011,0.011
30.03.2021 06:33:11.611 GMT-0700,62.283,62.197,0.011,0.011
30.03.2021 06:33:11.861 GMT-0700,62.273,62.197,0.0075,0.011
30.03.2021 06:33:11.912 GMT-0700,62.353,62.197,0.011,0.011
30.03.2021 06:33:12.122 GMT-0700,62.373000000000005,62.197,0.011,0.011
30.03.2021 06:33:13.635 GMT-0700,62.262,62.198,0.0008,0.011
30.03.2021 06:33:13.685 GMT-0700,62.283,62.167,0.011,0.011
30.03.2021 06:33:13.736 GMT-0700,62.293000000000006,62.167,0.011,0.011
30.03.2021 06:33:14.154 GMT-0700,62.223000000000006,62.167,0.0008,0.011
30.03.2021 06:33:14.204 GMT-0700,62.313,62.187,0.011,0.011
30.03.2021 06:33:14.337 GMT-0700,62.373000000000005,62.187,0.011,0.011
30.03.2021 06:33:14.919 GMT-0700,62.362,62.188,0.0008,0.011
30.03.2021 06:33:15.019 GMT-0700,62.372,62.168000000000006,0.011,0.011
30.03.2021 06:33:15.070 GMT-0700,62.263000000000005,62.167,0.011,0.011
30.03.2021 06:33:15.448 GMT-0700,62.372,62.168000000000006,0.011,0.011
30.03.2021 06:33:15.738 GMT-0700,62.343,62.167,0.0008,0.011
30.03.2021 06:33:15.922 GMT-0700,62.342,62.168000000000006,0.011,0.011
30.03.2021 06:33:16.278 GMT-0700,62.332,62.208000000000006,0.0008,0.011
30.03.2021 06:33:16.378 GMT-0700,62.343,62.177,0.011,0.011
30.03.2021 06:33:16.528 GMT-0700,62.342,62.168000000000006,0.011,0.011
30.03.2021 06:33:16.841 GMT-0700,62.332,62.168000000000006,0.011,0.011
30.03.2021 06:33:16.891 GMT-0700,62.372,62.168000000000006,0.011,0.011
30.03.2021 06:33:16.942 GMT-0700,62.323,62.167,0.011,0.011
30.03.2021 06:33:17.083 GMT-0700,62.323,62.177,0.011,0.0075
30.03.2021 06:33:17.290 GMT-0700,62.323,62.167,0.011,0.011
30.03.2021 06:33:17.968 GMT-0700,62.312,62.178000000000004,0.011,0.011
30.03.2021 06:33:18.089 GMT-0700,62.322,62.168000000000006,0.011,0.011
30.03.2021 06:33:18.320 GMT-0700,62.323,62.207,0.011,0.011
30.03.2021 06:33:18.466 GMT-0700,62.322,62.168000000000006,0.011,0.011
30.03.2021 06:33:18.567 GMT-0700,62.223000000000006,62.167,0.011,0.011
30.03.2021 06:33:18.618 GMT-0700,62.273,62.037,0.011,0.011
30.03.2021 06:33:18.668 GMT-0700,62.252,62.038000000000004,0.011,0.011
30.03.2021 06:33:18.737 GMT-0700,62.283,62.037,0.011,0.011
30.03.2021 06:33:18.817 GMT-0700,62.233000000000004,62.037,0.011,0.011
30.03.2021 06:33:19.207 GMT-0700,62.223000000000006,62.017,0.011,0.011
30.03.2021 06:33:19.258 GMT-0700,62.283,62.007,0.011,0.011
30.03.2021 06:33:20.223 GMT-0700,62.253,62.007,0.0008,0.011
30.03.2021 06:33:20.516 GMT-0700,62.182,62.028000000000006,0.0075,0.0075
30.03.2021 06:33:20.617 GMT-0700,62.252,62.038000000000004,0.011,0.011
30.03.2021 06:33:21.135 GMT-0700,62.243,62.047,0.0075,0.0075
30.03.2021 06:33:21.235 GMT-0700,62.253,62.047,0.011,0.011
30.03.2021 06:33:22.142 GMT-0700,62.252,62.048,0.011,0.011
30.03.2021 06:33:22.293 GMT-0700,62.242,62.118,0.0008,0.011
30.03.2021 06:33:22.343 GMT-0700,62.252,62.118,0.011,0.011
30.03.2021 06:33:23.738 GMT-0700,62.242,62.118,0.0075,0.011
30.03.2021 06:33:24.147 GMT-0700,62.253,62.117,0.011,0.011
30.03.2021 06:33:25.177 GMT-0700,62.193000000000005,62.027,0.011,0.011
30.03.2021 06:33:25.317 GMT-0700,62.192,62.068000000000005,0.011,0.011
30.03.2021 06:33:25.369 GMT-0700,62.192,61.998000000000005,0.011,0.011
30.03.2021 06:33:25.574 GMT-0700,62.193000000000005,62.027,0.011,0.0075
30.03.2021 06:33:26.199 GMT-0700,62.193000000000005,62.037,0.011,0.0075
30.03.2021 06:33:27.066 GMT-0700,62.193000000000005,62.037,0.011,0.011
30.03.2021 06:33:27.278 GMT-0700,62.192,62.038000000000004,0.011,0.011
30.03.2021 06:33:27.838 GMT-0700,62.163000000000004,62.047,0.0075,0.0075
30.03.2021 06:33:27.888 GMT-0700,62.282,62.088,0.011,0.011
30.03.2021 06:33:27.939 GMT-0700,62.283,62.107,0.011,0.011
30.03.2021 06:33:28.290 GMT-0700,62.152,62.088,0.011,0.011
30.03.2021 06:33:28.340 GMT-0700,62.283,62.086999999999996,0.011,0.011
30.03.2021 06:33:28.391 GMT-0700,62.222,62.088,0.011,0.011
30.03.2021 06:33:28.744 GMT-0700,62.213,62.086999999999996,0.0008,0.011
30.03.2021 06:33:28.794 GMT-0700,62.222,62.088,0.011,0.011
30.03.2021 06:33:29.696 GMT-0700,62.211999999999996,62.088,0.0008,0.011
30.03.2021 06:33:29.857 GMT-0700,62.222,62.088,0.011,0.011
30.03.2021 06:33:30.439 GMT-0700,62.211999999999996,62.088,0.0075,0.011
30.03.2021 06:33:30.540 GMT-0700,62.223000000000006,62.086999999999996,0.011,0.011
30.03.2021 06:33:31.090 GMT-0700,62.213,62.086999999999996,0.0008,0.011
30.03.2021 06:33:31.140 GMT-0700,62.222,62.088,0.011,0.011
30.03.2021 06:33:31.486 GMT-0700,62.163000000000004,62.086999999999996,0.0008,0.011
30.03.2021 06:33:31.857 GMT-0700,62.213,62.086999999999996,0.011,0.011
30.03.2021 06:33:32.211 GMT-0700,62.202,62.088,0.0008,0.011
30.03.2021 06:33:32.311 GMT-0700,62.211999999999996,62.088,0.011,0.011
30.03.2021 06:33:32.813 GMT-0700,62.203,62.086999999999996,0.0008,0.011
30.03.2021 06:33:32.913 GMT-0700,62.213,62.086999999999996,0.011,0.011
30.03.2021 06:33:33.823 GMT-0700,62.211999999999996,62.098000000000006,0.011,0.011
30.03.2021 06:33:33.874 GMT-0700,62.211999999999996,62.088,0.011,0.011
30.03.2021 06:33:34.076 GMT-0700,62.202,62.088,0.011,0.011
30.03.2021 06:33:34.126 GMT-0700,62.211999999999996,62.088,0.011,0.011
30.03.2021 06:33:35.088 GMT-0700,62.211999999999996,62.088,0.011,0.011
30.03.2021 06:33:35.139 GMT-0700,62.252,62.128,0.011,0.011
30.03.2021 06:33:35.239 GMT-0700,62.263000000000005,62.177,0.011,0.011
30.03.2021 06:33:35.290 GMT-0700,62.373000000000005,62.177,0.011,0.011
30.03.2021 06:33:36.542 GMT-0700,62.36300000000001,62.177,0.0008,0.011
30.03.2021 06:33:36.966 GMT-0700,62.372,62.178000000000004,0.011,0.011
30.03.2021 06:33:37.679 GMT-0700,62.362,62.178000000000004,0.0008,0.011
30.03.2021 06:33:37.832 GMT-0700,62.372,62.178000000000004,0.011,0.011
30.03.2021 06:33:38.300 GMT-0700,62.223000000000006,62.127,0.0075,0.011
30.03.2021 06:33:38.350 GMT-0700,62.232,62.088,0.011,0.011
30.03.2021 06:33:38.961 GMT-0700,62.362,62.198,0.011,0.011
30.03.2021 06:33:39.011 GMT-0700,62.322,62.198,0.011,0.011
30.03.2021 06:33:42.369 GMT-0700,62.242,62.198,0.0008,0.011
30.03.2021 06:33:42.419 GMT-0700,62.263000000000005,62.197,0.011,0.011
30.03.2021 06:33:42.809 GMT-0700,62.232,62.138000000000005,0.0075,0.011
30.03.2021 06:33:42.859 GMT-0700,62.222,62.128,0.011,0.011
30.03.2021 06:33:43.063 GMT-0700,62.213,62.127,0.0075,0.011
30.03.2021 06:33:43.114 GMT-0700,62.223000000000006,62.127,0.011,0.011
30.03.2021 06:33:43.343 GMT-0700,62.222,62.128,0.011,0.011
30.03.2021 06:33:44.934 GMT-0700,62.182,62.148,0.0008,0.0075
30.03.2021 06:33:44.984 GMT-0700,62.293000000000006,62.167,0.011,0.011
30.03.2021 06:33:45.874 GMT-0700,62.282,62.168000000000006,0.0075,0.011
30.03.2021 06:33:46.132 GMT-0700,62.293000000000006,62.167,0.011,0.011
30.03.2021 06:33:46.782 GMT-0700,62.282,62.168000000000006,0.0075,0.011
30.03.2021 06:33:46.884 GMT-0700,62.293000000000006,62.167,0.011,0.011
30.03.2021 06:33:48.091 GMT-0700,62.282,62.168000000000006,0.0008,0.011
30.03.2021 06:33:48.192 GMT-0700,62.293000000000006,62.167,0.011,0.011
30.03.2021 06:33:48.773 GMT-0700,62.205,62.168000000000006,0.0008,0.011
30.03.2021 06:33:48.824 GMT-0700,62.293000000000006,62.097,0.011,0.011
30.03.2021 06:33:48.879 GMT-0700,62.262,62.098000000000006,0.0008,0.011
30.03.2021 06:33:49.097 GMT-0700,62.263000000000005,62.147,0.011,0.011
30.03.2021 06:33:49.947 GMT-0700,62.253,62.147,0.011,0.011
30.03.2021 06:33:50.098 GMT-0700,62.262,62.148,0.011,0.011
30.03.2021 06:33:50.889 GMT-0700,62.252,62.148,0.0008,0.011
30.03.2021 06:33:50.990 GMT-0700,62.262,62.148,0.011,0.011
30.03.2021 06:33:52.122 GMT-0700,62.253,62.147,0.0075,0.011
30.03.2021 06:33:52.242 GMT-0700,62.263000000000005,62.147,0.011,0.011
30.03.2021 06:33:52.946 GMT-0700,62.253,62.147,0.0075,0.011
30.03.2021 06:33:53.168 GMT-0700,62.253,62.107,0.011,0.011
30.03.2021 06:33:53.269 GMT-0700,62.263000000000005,62.097,0.011,0.011
30.03.2021 06:33:53.448 GMT-0700,62.262,62.098000000000006,0.011,0.011
30.03.2021 06:33:53.772 GMT-0700,62.252,62.178000000000004,0.011,0.011
30.03.2021 06:33:53.877 GMT-0700,62.242,62.178000000000004,0.011,0.011
30.03.2021 06:33:54.022 GMT-0700,62.243,62.207,0.011,0.011
30.03.2021 06:33:54.072 GMT-0700,62.312,62.068000000000005,0.011,0.011
30.03.2021 06:33:54.154 GMT-0700,62.313,62.127,0.011,0.0075
30.03.2021 06:33:54.566 GMT-0700,62.312,62.208000000000006,0.011,0.0075
30.03.2021 06:33:54.666 GMT-0700,62.232,62.078,0.011,0.011
30.03.2021 06:33:54.717 GMT-0700,62.303000000000004,62.147,0.011,0.011
30.03.2021 06:33:55.802 GMT-0700,62.223000000000006,62.147,0.0008,0.0075
30.03.2021 06:33:55.853 GMT-0700,62.222,62.078,0.011,0.011
30.03.2021 06:33:55.953 GMT-0700,62.222,62.068000000000005,0.011,0.011
30.03.2021 06:33:56.007 GMT-0700,62.222,62.088,0.011,0.0075
30.03.2021 06:33:56.590 GMT-0700,62.223000000000006,62.147,0.0008,0.0075
30.03.2021 06:33:56.640 GMT-0700,62.283,62.187,0.011,0.011
30.03.2021 06:33:56.691 GMT-0700,62.273,62.147,0.011,0.011
30.03.2021 06:33:57.701 GMT-0700,62.282,62.168000000000006,0.011,0.0075
30.03.2021 06:33:58.127 GMT-0700,62.273,62.167,0.0008,0.011
30.03.2021 06:33:58.508 GMT-0700,62.283,62.167,0.011,0.011
30.03.2021 06:33:58.973 GMT-0700,62.272,62.168000000000006,0.0008,0.011
30.03.2021 06:33:59.333 GMT-0700,62.283,62.167,0.011,0.011
30.03.2021 06:33:59.883 GMT-0700,62.272,62.168000000000006,0.0075,0.011
30.03.2021 06:34:00.039 GMT-0700,62.283,62.167,0.011,0.011
30.03.2021 06:34:01.623 GMT-0700,62.273,62.167,0.0008,0.011
30.03.2021 06:34:01.673 GMT-0700,62.283,62.167,0.011,0.011
30.03.2021 06:34:01.973 GMT-0700,62.282,62.188,0.011,0.011
30.03.2021 06:34:02.023 GMT-0700,62.282,62.138000000000005,0.011,0.011
30.03.2021 06:34:02.101 GMT-0700,62.282,62.138000000000005,0.011,0.011
30.03.2021 06:34:02.338 GMT-0700,62.272,62.168000000000006,0.0008,0.011
30.03.2021 06:34:02.438 GMT-0700,62.283,62.167,0.011,0.011
30.03.2021 06:34:02.493 GMT-0700,62.283,62.167,0.011,0.011
30.03.2021 06:34:02.543 GMT-0700,62.282,62.168000000000006,0.011,0.011
30.03.2021 06:34:02.593 GMT-0700,62.233000000000004,62.167,0.011,0.011
30.03.2021 06:34:02.644 GMT-0700,62.322,62.168000000000006,0.011,0.011
30.03.2021 06:34:02.694 GMT-0700,62.302,62.168000000000006,0.011,0.011
30.03.2021 06:34:02.990 GMT-0700,62.292,62.168000000000006,0.0075,0.011
30.03.2021 06:34:03.158 GMT-0700,62.303000000000004,62.167,0.011,0.011
30.03.2021 06:34:04.016 GMT-0700,62.213,62.167,0.0008,0.011
30.03.2021 06:34:04.066 GMT-0700,62.283,62.167,0.011,0.011
30.03.2021 06:34:04.118 GMT-0700,62.292,62.168000000000006,0.011,0.011
30.03.2021 06:34:04.786 GMT-0700,62.282,62.168000000000006,0.0075,0.011
30.03.2021 06:34:05.698 GMT-0700,62.283,62.197,0.011,0.011
30.03.2021 06:34:05.849 GMT-0700,62.233000000000004,62.167,0.011,0.011
30.03.2021 06:34:05.952 GMT-0700,62.242,62.168000000000006,0.011,0.011
30.03.2021 06:34:06.002 GMT-0700,62.232,62.168000000000006,0.011,0.011
30.03.2021 06:34:06.544 GMT-0700,62.242,62.168000000000006,0.011,0.011
30.03.2021 06:34:12.558 GMT-0700,62.243,62.167,0.011,0.011
30.03.2021 06:34:12.608 GMT-0700,62.292,62.168000000000006,0.011,0.011
30.03.2021 06:34:12.669 GMT-0700,62.283,62.167,0.0008,0.011
30.03.2021 06:34:12.931 GMT-0700,62.293000000000006,62.167,0.011,0.011
30.03.2021 06:34:13.625 GMT-0700,62.243,62.167,0.0075,0.011
30.03.2021 06:34:13.776 GMT-0700,62.242,62.198,0.011,0.011
30.03.2021 06:34:13.826 GMT-0700,62.313,62.197,0.011,0.011
30.03.2021 06:34:13.876 GMT-0700,62.312,62.228,0.011,0.011
30.03.2021 06:34:15.056 GMT-0700,62.263000000000005,62.227,0.0008,0.011
30.03.2021 06:34:15.107 GMT-0700,62.302,62.228,0.011,0.011
30.03.2021 06:34:15.168 GMT-0700,62.313,62.227,0.011,0.011
30.03.2021 06:34:15.277 GMT-0700,62.312,62.228,0.011,0.011
30.03.2021 06:34:15.327 GMT-0700,62.313,62.227,0.011,0.011
30.03.2021 06:34:16.265 GMT-0700,62.362,62.258,0.011,0.011
30.03.2021 06:34:16.365 GMT-0700,62.36300000000001,62.227,0.011,0.011
30.03.2021 06:34:16.551 GMT-0700,62.36300000000001,62.227,0.011,0.011
30.03.2021 06:34:16.818 GMT-0700,62.362,62.23800000000001,0.0075,0.011
30.03.2021 06:34:16.869 GMT-0700,62.382,62.298,0.011,0.011
30.03.2021 06:34:16.919 GMT-0700,62.393,62.307,0.011,0.011
30.03.2021 06:34:17.313 GMT-0700,62.373000000000005,62.307,0.011,0.011
30.03.2021 06:34:17.666 GMT-0700,62.393,62.307,0.011,0.011
30.03.2021 06:34:17.895 GMT-0700,62.433,62.307,0.011,0.011
30.03.2021 06:34:17.945 GMT-0700,62.443000000000005,62.317,0.011,0.011
30.03.2021 06:34:18.117 GMT-0700,62.442,62.338,0.011,0.0075
30.03.2021 06:34:18.220 GMT-0700,62.443000000000005,62.307,0.011,0.011
30.03.2021 06:34:19.086 GMT-0700,62.442,62.318000000000005,0.011,0.011
30.03.2021 06:34:19.136 GMT-0700,62.443000000000005,62.307,0.011,0.011
30.03.2021 06:34:21.177 GMT-0700,62.442,62.318000000000005,0.011,0.011
30.03.2021 06:34:21.338 GMT-0700,62.443000000000005,62.307,0.011,0.011
30.03.2021 06:34:21.481 GMT-0700,62.443000000000005,62.357,0.011,0.0075
30.03.2021 06:34:24.087 GMT-0700,62.383,62.357,0.011,0.011
30.03.2021 06:34:24.137 GMT-0700,62.433,62.207,0.011,0.011
30.03.2021 06:34:24.188 GMT-0700,62.443000000000005,62.257,0.011,0.011
30.03.2021 06:34:24.310 GMT-0700,62.442,62.328,0.011,0.011
30.03.2021 06:34:25.117 GMT-0700,62.412,62.328,0.0075,0.011
30.03.2021 06:34:26.592 GMT-0700,62.412,62.378,0.0008,0.0075
30.03.2021 06:34:26.642 GMT-0700,62.502,62.278000000000006,0.011,0.011
30.03.2021 06:34:26.704 GMT-0700,62.513000000000005,62.277,0.011,0.011
30.03.2021 06:34:27.062 GMT-0700,62.512,62.278000000000006,0.011,0.011
30.03.2021 06:34:27.825 GMT-0700,62.412,62.338,0.0008,0.011
30.03.2021 06:34:29.668 GMT-0700,62.402,62.338,0.0008,0.011
30.03.2021 06:34:30.068 GMT-0700,62.412,62.278000000000006,0.011,0.011
30.03.2021 06:34:30.412 GMT-0700,62.413000000000004,62.277,0.011,0.011
30.03.2021 06:34:30.574 GMT-0700,62.412,62.248000000000005,0.011,0.011
30.03.2021 06:34:31.075 GMT-0700,62.412,62.248000000000005,0.011,0.011
30.03.2021 06:34:31.176 GMT-0700,62.412,62.248000000000005,0.011,0.011
30.03.2021 06:34:32.273 GMT-0700,62.413000000000004,62.247,0.011,0.011
30.03.2021 06:34:32.489 GMT-0700,62.413000000000004,62.247,0.011,0.011
30.03.2021 06:34:32.989 GMT-0700,62.413000000000004,62.247,0.011,0.011
30.03.2021 06:34:33.656 GMT-0700,62.413000000000004,62.307,0.011,0.011
30.03.2021 06:34:34.290 GMT-0700,62.412,62.318000000000005,0.011,0.011
30.03.2021 06:34:34.391 GMT-0700,62.412,62.348000000000006,0.011,0.011
30.03.2021 06:34:34.661 GMT-0700,62.412,62.308,0.011,0.011
30.03.2021 06:34:36.081 GMT-0700,62.392,62.308,0.011,0.011
30.03.2021 06:34:36.131 GMT-0700,62.402,62.308,0.011,0.011
30.03.2021 06:34:37.314 GMT-0700,62.402,62.358000000000004,0.0008,0.0075
30.03.2021 06:34:37.364 GMT-0700,62.412,62.318000000000005,0.011,0.011
30.03.2021 06:34:37.415 GMT-0700,62.412,62.308,0.011,0.011
30.03.2021 06:34:38.957 GMT-0700,62.413000000000004,62.307,0.011,0.011
30.03.2021 06:34:39.058 GMT-0700,62.413000000000004,62.347,0.011,0.011
30.03.2021 06:34:39.389 GMT-0700,62.412,62.338,0.011,0.011
30.03.2021 06:34:39.527 GMT-0700,62.413000000000004,62.247,0.011,0.011
30.03.2021 06:34:39.729 GMT-0700,62.413000000000004,62.287,0.011,0.011
30.03.2021 06:34:40.744 GMT-0700,62.413000000000004,62.297,0.011,0.0075
30.03.2021 06:34:40.946 GMT-0700,62.412,62.288000000000004,0.011,0.011
30.03.2021 06:34:41.689 GMT-0700,62.412,62.298,0.011,0.011
30.03.2021 06:34:41.811 GMT-0700,62.413000000000004,62.287,0.011,0.011
30.03.2021 06:34:42.523 GMT-0700,62.413000000000004,62.367,0.011,0.011
30.03.2021 06:34:43.062 GMT-0700,62.373000000000005,62.367,0.0008,0.0075
30.03.2021 06:34:43.113 GMT-0700,62.392,62.318000000000005,0.011,0.011
30.03.2021 06:34:43.165 GMT-0700,62.412,62.318000000000005,0.011,0.011
30.03.2021 06:34:46.087 GMT-0700,62.393,62.347,0.011,0.011
30.03.2021 06:34:46.137 GMT-0700,62.353,62.227,0.011,0.011
30.03.2021 06:34:46.207 GMT-0700,62.353,62.237,0.011,0.011
30.03.2021 06:34:46.510 GMT-0700,62.352,62.23800000000001,0.011,0.011
30.03.2021 06:34:46.625 GMT-0700,62.312,62.218,0.0075,0.011
30.03.2021 06:34:46.675 GMT-0700,62.403000000000006,62.227,0.011,0.011
30.03.2021 06:34:46.726 GMT-0700,62.392,62.218,0.011,0.011
30.03.2021 06:34:48.478 GMT-0700,62.383,62.227,0.0075,0.0075
30.03.2021 06:34:48.528 GMT-0700,62.393,62.217,0.011,0.011
30.03.2021 06:34:49.315 GMT-0700,62.293000000000006,62.217,0.0008,0.0075
30.03.2021 06:34:49.366 GMT-0700,62.292,62.148,0.011,0.011
30.03.2021 06:34:50.081 GMT-0700,62.293000000000006,62.197,0.011,0.011
30.03.2021 06:34:50.157 GMT-0700,62.293000000000006,62.097,0.011,0.011
30.03.2021 06:34:50.217 GMT-0700,62.293000000000006,62.207,0.011,0.0075
30.03.2021 06:34:50.267 GMT-0700,62.293000000000006,62.197,0.011,0.011
30.03.2021 06:34:50.317 GMT-0700,62.293000000000006,62.217,0.011,0.011
30.03.2021 06:34:50.368 GMT-0700,62.292,62.118,0.011,0.011
30.03.2021 06:34:50.418 GMT-0700,62.293000000000006,62.127,0.011,0.011
30.03.2021 06:34:50.591 GMT-0700,62.293000000000006,62.207,0.011,0.0075
30.03.2021 06:34:50.642 GMT-0700,62.292,62.198,0.011,0.011
30.03.2021 06:34:50.920 GMT-0700,62.292,62.128,0.011,0.011
30.03.2021 06:34:51.082 GMT-0700,62.292,62.128,0.011,0.011
30.03.2021 06:34:51.244 GMT-0700,62.292,62.128,0.011,0.011
30.03.2021 06:34:51.358 GMT-0700,62.293000000000006,62.197,0.011,0.0075
30.03.2021 06:34:53.083 GMT-0700,62.282,62.198,0.0075,0.011
30.03.2021 06:34:53.306 GMT-0700,62.293000000000006,62.197,0.011,0.011
30.03.2021 06:34:54.181 GMT-0700,62.223000000000006,62.197,0.0008,0.0075
30.03.2021 06:34:54.232 GMT-0700,62.282,62.118,0.011,0.011
30.03.2021 06:34:54.607 GMT-0700,62.282,62.038000000000004,0.011,0.011
30.03.2021 06:34:54.657 GMT-0700,62.232,62.038000000000004,0.011,0.011
30.03.2021 06:34:54.797 GMT-0700,62.232,62.048,0.011,0.011
30.03.2021 06:34:55.624 GMT-0700,62.222,62.048,0.0008,0.011
30.03.2021 06:34:55.724 GMT-0700,62.233000000000004,62.107,0.011,0.011
30.03.2021 06:34:56.119 GMT-0700,62.233000000000004,62.107,0.011,0.011
30.03.2021 06:34:56.169 GMT-0700,62.232,62.108000000000004,0.011,0.011
30.03.2021 06:34:57.112 GMT-0700,62.233000000000004,62.107,0.011,0.011
30.03.2021 06:34:57.162 GMT-0700,62.222,62.118,0.011,0.011
30.03.2021 06:34:57.263 GMT-0700,62.233000000000004,62.117,0.011,0.011
30.03.2021 06:34:57.394 GMT-0700,62.233000000000004,62.107,0.011,0.011
30.03.2021 06:34:58.244 GMT-0700,62.213,62.107,0.0075,0.011
30.03.2021 06:34:58.805 GMT-0700,62.202,62.128,0.011,0.011
30.03.2021 06:34:58.855 GMT-0700,62.213,62.107,0.011,0.011
30.03.2021 06:34:59.585 GMT-0700,62.202,62.108000000000004,0.0075,0.011
30.03.2021 06:34:59.685 GMT-0700,62.213,62.107,0.011,0.011
30.03.2021 06:34:59.850 GMT-0700,62.143,62.107,0.0075,0.011
30.03.2021 06:34:59.901 GMT-0700,62.133,62.057,0.011,0.011
30.03.2021 06:35:00.013 GMT-0700,62.142,61.998000000000005,0.011,0.011
30.03.2021 06:35:00.534 GMT-0700,62.072,61.998000000000005,0.011,0.011
30.03.2021 06:35:00.635 GMT-0700,62.143,62.027,0.011,0.011
30.03.2021 06:35:01.111 GMT-0700,62.143,62.037,0.011,0.011
30.03.2021 06:35:01.162 GMT-0700,62.143,61.997,0.011,0.011
30.03.2021 06:35:01.655 GMT-0700,62.062,61.998000000000005,0.0008,0.011
30.03.2021 06:35:01.705 GMT-0700,62.143,62.007,0.011,0.011
30.03.2021 06:35:01.963 GMT-0700,62.142,62.008,0.011,0.011
30.03.2021 06:35:02.863 GMT-0700,62.143,61.997,0.011,0.011
30.03.2021 06:35:02.949 GMT-0700,62.123000000000005,61.997,0.0008,0.011
30.03.2021 06:35:04.146 GMT-0700,62.122,61.998000000000005,0.011,0.011
30.03.2021 06:35:04.247 GMT-0700,62.142,61.998000000000005,0.011,0.011
30.03.2021 06:35:04.297 GMT-0700,62.102,61.998000000000005,0.011,0.011
30.03.2021 06:35:04.430 GMT-0700,62.052,62.008,0.011,0.011
30.03.2021 06:35:04.580 GMT-0700,62.053000000000004,62.017,0.011,0.011
30.03.2021 06:35:04.938 GMT-0700,62.093,62.007,0.011,0.011
30.03.2021 06:35:04.989 GMT-0700,62.102,61.998000000000005,0.011,0.011
30.03.2021 06:35:05.039 GMT-0700,62.102,62.008,0.011,0.011
30.03.2021 06:35:05.090 GMT-0700,62.102,61.998000000000005,0.011,0.011
30.03.2021 06:35:05.764 GMT-0700,62.102,62.008,0.011,0.011
30.03.2021 06:35:05.895 GMT-0700,62.072,61.888000000000005,0.011,0.011
30.03.2021 06:35:05.945 GMT-0700,62.052,61.898,0.011,0.011
30.03.2021 06:35:06.907 GMT-0700,62.052,61.898,0.011,0.011
30.03.2021 06:35:06.957 GMT-0700,62.102,61.898,0.011,0.011
30.03.2021 06:35:07.058 GMT-0700,62.103,61.917,0.011,0.011
30.03.2021 06:35:07.415 GMT-0700,62.033,61.917,0.0075,0.011
30.03.2021 06:35:07.466 GMT-0700,62.112,61.968,0.011,0.011
30.03.2021 06:35:07.520 GMT-0700,62.082,61.968,0.0008,0.0075
30.03.2021 06:35:07.570 GMT-0700,62.083000000000006,61.917,0.011,0.011
30.03.2021 06:35:07.747 GMT-0700,62.082,61.918000000000006,0.011,0.011
30.03.2021 06:35:07.797 GMT-0700,62.083000000000006,61.907,0.011,0.011
30.03.2021 06:35:08.558 GMT-0700,62.082,61.908,0.011,0.011
30.03.2021 06:35:10.362 GMT-0700,62.033,61.957,0.0075,0.011
30.03.2021 06:35:10.413 GMT-0700,62.063,61.957,0.011,0.011
30.03.2021 06:35:11.591 GMT-0700,61.99,61.958000000000006,0.0008,0.011
30.03.2021 06:35:11.641 GMT-0700,62.063,61.887,0.011,0.011
30.03.2021 06:35:12.152 GMT-0700,61.983000000000004,61.887,0.0008,0.011
30.03.2021 06:35:13.078 GMT-0700,61.953,61.887,0.0008,0.011
30.03.2021 06:35:13.129 GMT-0700,61.983000000000004,61.887,0.011,0.011
30.03.2021 06:35:14.265 GMT-0700,61.983000000000004,61.887,0.011,0.011
30.03.2021 06:35:14.315 GMT-0700,61.983000000000004,61.897,0.011,0.011
30.03.2021 06:35:14.910 GMT-0700,61.983000000000004,61.897,0.011,0.011
30.03.2021 06:35:18.781 GMT-0700,61.982,61.918000000000006,0.011,0.011
30.03.2021 06:35:20.496 GMT-0700,61.953,61.917,0.0008,0.0075
30.03.2021 06:35:20.546 GMT-0700,61.983000000000004,61.907,0.011,0.011
30.03.2021 06:35:21.378 GMT-0700,61.982,61.908,0.011,0.011
30.03.2021 06:35:21.429 GMT-0700,61.983000000000004,61.907,0.011,0.011
30.03.2021 06:35:21.536 GMT-0700,61.982,61.908,0.011,0.011
30.03.2021 06:35:21.587 GMT-0700,61.982,61.898,0.011,0.011
30.03.2021 06:35:21.934 GMT-0700,61.942,61.898,0.0008,0.011
30.03.2021 06:35:22.392 GMT-0700,61.913000000000004,61.897,0.0008,0.011
30.03.2021 06:35:22.442 GMT-0700,61.943000000000005,61.897,0.011,0.011
30.03.2021 06:35:22.573 GMT-0700,61.983000000000004,61.897,0.011,0.011
30.03.2021 06:35:22.783 GMT-0700,61.983000000000004,61.907,0.011,0.0075
30.03.2021 06:35:24.381 GMT-0700,61.918000000000006,61.907,0.0008,0.0075
30.03.2021 06:35:24.432 GMT-0700,61.982,61.868,0.011,0.011
30.03.2021 06:35:25.538 GMT-0700,61.983000000000004,61.907,0.011,0.011
30.03.2021 06:35:25.588 GMT-0700,61.983000000000004,61.867,0.011,0.011
30.03.2021 06:35:25.814 GMT-0700,61.982,61.868,0.011,0.011
30.03.2021 06:35:26.675 GMT-0700,61.953,61.927,0.0008,0.0075
30.03.2021 06:35:26.725 GMT-0700,61.953,61.877,0.011,0.011
30.03.2021 06:35:27.248 GMT-0700,61.952,61.868,0.0075,0.011
30.03.2021 06:35:27.423 GMT-0700,61.983000000000004,61.877,0.011,0.011
30.03.2021 06:35:27.660 GMT-0700,61.982,61.898,0.011,0.011
30.03.2021 06:35:28.130 GMT-0700,61.982,61.828,0.011,0.011
30.03.2021 06:35:28.184 GMT-0700,61.982,61.838,0.011,0.011
30.03.2021 06:35:28.332 GMT-0700,61.983000000000004,61.897,0.011,0.011
30.03.2021 06:35:28.656 GMT-0700,61.952,61.898,0.0008,0.011
30.03.2021 06:35:28.757 GMT-0700,61.952,61.828,0.011,0.011
30.03.2021 06:35:28.863 GMT-0700,61.952,61.888000000000005,0.011,0.0075
30.03.2021 06:35:29.333 GMT-0700,61.983000000000004,61.887,0.011,0.011
30.03.2021 06:35:30.897 GMT-0700,61.982,61.888000000000005,0.011,0.011
30.03.2021 06:35:33.714 GMT-0700,61.973000000000006,61.907,0.0008,0.011
30.03.2021 06:35:33.765 GMT-0700,61.982,61.908,0.011,0.011
30.03.2021 06:35:33.831 GMT-0700,62.052,61.958000000000006,0.011,0.011
30.03.2021 06:35:33.882 GMT-0700,61.993,61.907,0.011,0.011
30.03.2021 06:35:34.004 GMT-0700,61.982,61.908,0.0008,0.011
30.03.2021 06:35:34.054 GMT-0700,62.052,61.948,0.011,0.011
30.03.2021 06:35:34.107 GMT-0700,62.052,61.958000000000006,0.011,0.011
30.03.2021 06:35:34.157 GMT-0700,62.052,61.938,0.011,0.011
30.03.2021 06:35:34.273 GMT-0700,62.052,61.938,0.011,0.011
30.03.2021 06:35:34.323 GMT-0700,62.052,61.938,0.011,0.011
30.03.2021 06:35:34.594 GMT-0700,62.052,61.938,0.011,0.011
30.03.2021 06:35:34.764 GMT-0700,62.053000000000004,61.907,0.011,0.011
30.03.2021 06:35:35.539 GMT-0700,62.052,61.938,0.011,0.0075
30.03.2021 06:35:35.778 GMT-0700,62.052,61.908,0.011,0.011
30.03.2021 06:35:38.601 GMT-0700,62.052,61.908,0.011,0.011
30.03.2021 06:35:38.651 GMT-0700,62.052,61.908,0.011,0.011
30.03.2021 06:35:39.069 GMT-0700,62.052,61.908,0.011,0.011
30.03.2021 06:35:39.220 GMT-0700,62.052,61.918000000000006,0.011,0.011
30.03.2021 06:35:39.271 GMT-0700,62.053000000000004,61.907,0.011,0.011
30.03.2021 06:35:39.964 GMT-0700,62.053000000000004,61.907,0.011,0.011
30.03.2021 06:35:40.065 GMT-0700,62.052,61.908,0.011,0.011
30.03.2021 06:35:40.115 GMT-0700,62.013000000000005,61.957,0.011,0.011
30.03.2021 06:35:40.165 GMT-0700,62.052,61.958000000000006,0.011,0.011
30.03.2021 06:35:42.543 GMT-0700,62.053000000000004,61.957,0.011,0.011
30.03.2021 06:35:42.593 GMT-0700,62.052,61.958000000000006,0.011,0.011
30.03.2021 06:35:42.643 GMT-0700,62.062,62.018,0.011,0.011
30.03.2021 06:35:42.694 GMT-0700,62.063,62.007,0.011,0.011
30.03.2021 06:35:42.744 GMT-0700,62.063,62.017,0.011,0.011
30.03.2021 06:35:42.867 GMT-0700,62.123000000000005,62.017,0.011,0.011
30.03.2021 06:35:44.953 GMT-0700,62.123000000000005,62.037,0.011,0.0075
30.03.2021 06:35:45.003 GMT-0700,62.123000000000005,62.017,0.011,0.011
30.03.2021 06:35:45.104 GMT-0700,62.083000000000006,61.977,0.011,0.011
30.03.2021 06:35:45.209 GMT-0700,62.142,62.048,0.011,0.011
30.03.2021 06:35:46.285 GMT-0700,62.072,62.048,0.0008,0.0075
30.03.2021 06:35:46.335 GMT-0700,62.083000000000006,61.987,0.011,0.011
30.03.2021 06:35:46.589 GMT-0700,62.082,61.998000000000005,0.011,0.011
30.03.2021 06:35:46.640 GMT-0700,62.082,61.928000000000004,0.011,0.011
30.03.2021 06:35:46.922 GMT-0700,62.082,61.938,0.011,0.011
30.03.2021 06:35:47.145 GMT-0700,62.083000000000006,61.957,0.011,0.011
30.03.2021 06:35:47.195 GMT-0700,62.083000000000006,61.927,0.011,0.011
30.03.2021 06:35:47.302 GMT-0700,62.082,61.978,0.011,0.0075
30.03.2021 06:35:47.403 GMT-0700,62.093,61.907,0.011,0.011
30.03.2021 06:35:47.470 GMT-0700,62.093,61.907,0.011,0.011
30.03.2021 06:35:47.648 GMT-0700,62.063,61.927,0.0075,0.011
30.03.2021 06:35:47.802 GMT-0700,62.073,61.967,0.011,0.0075
30.03.2021 06:35:47.852 GMT-0700,62.072,61.958000000000006,0.011,0.011
30.03.2021 06:35:47.903 GMT-0700,62.082,61.968,0.011,0.011
30.03.2021 06:35:47.953 GMT-0700,62.092,61.968,0.011,0.011
30.03.2021 06:35:48.157 GMT-0700,62.143,61.967,0.011,0.011
30.03.2021 06:35:48.308 GMT-0700,62.142,61.968,0.011,0.011
30.03.2021 06:35:48.358 GMT-0700,62.123000000000005,61.967,0.0008,0.011
30.03.2021 06:35:48.582 GMT-0700,62.122,61.998000000000005,0.011,0.011
30.03.2021 06:35:48.978 GMT-0700,62.123000000000005,62.017,0.011,0.0075
30.03.2021 06:35:49.124 GMT-0700,62.102,62.038000000000004,0.0008,0.011
30.03.2021 06:35:49.175 GMT-0700,62.142,62.048,0.011,0.011
30.03.2021 06:35:49.253 GMT-0700,62.11300000000001,62.037,0.0075,0.011
30.03.2021 06:35:49.303 GMT-0700,62.11300000000001,62.037,0.011,0.011
30.03.2021 06:35:50.367 GMT-0700,62.172,62.038000000000004,0.011,0.011
30.03.2021 06:35:50.417 GMT-0700,62.132,62.038000000000004,0.011,0.011
30.03.2021 06:35:50.854 GMT-0700,62.062,62.038000000000004,0.0008,0.0075
30.03.2021 06:35:50.904 GMT-0700,62.132,61.98800000000001,0.011,0.011
30.03.2021 06:35:50.955 GMT-0700,62.133,62.027,0.011,0.011
30.03.2021 06:35:51.005 GMT-0700,62.133,62.017,0.011,0.011
30.03.2021 06:35:51.106 GMT-0700,62.083000000000006,62.017,0.0008,0.011
30.03.2021 06:35:51.342 GMT-0700,62.073,62.017,0.011,0.011
30.03.2021 06:35:52.902 GMT-0700,62.083000000000006,62.017,0.011,0.011
30.03.2021 06:35:54.660 GMT-0700,62.082,62.028000000000006,0.011,0.0075
30.03.2021 06:35:55.281 GMT-0700,62.082,62.028000000000006,0.0075,0.011
30.03.2021 06:35:55.331 GMT-0700,62.162,62.038000000000004,0.011,0.011
30.03.2021 06:35:55.381 GMT-0700,62.133,62.037,0.011,0.011
30.03.2021 06:35:55.643 GMT-0700,62.132,62.038000000000004,0.011,0.011
30.03.2021 06:35:55.693 GMT-0700,62.132,62.048,0.011,0.011
30.03.2021 06:35:57.753 GMT-0700,62.112,62.048,0.0008,0.011
30.03.2021 06:35:57.854 GMT-0700,62.112,62.048,0.011,0.011
30.03.2021 06:36:01.303 GMT-0700,62.11300000000001,62.077,0.011,0.0075
30.03.2021 06:36:02.846 GMT-0700,62.092,62.078,0.0075,0.011
30.03.2021 06:36:02.896 GMT-0700,62.103,61.997,0.011,0.011
30.03.2021 06:36:02.947 GMT-0700,62.103,61.987,0.011,0.011
30.03.2021 06:36:03.060 GMT-0700,62.152,61.98800000000001,0.011,0.011
30.03.2021 06:36:03.987 GMT-0700,62.153000000000006,61.997,0.011,0.011
30.03.2021 06:36:04.037 GMT-0700,62.153000000000006,61.987,0.011,0.011
30.03.2021 06:36:04.741 GMT-0700,62.152,61.98800000000001,0.011,0.011
30.03.2021 06:36:04.935 GMT-0700,62.153000000000006,61.987,0.011,0.011
30.03.2021 06:36:04.986 GMT-0700,62.153000000000006,62.057,0.011,0.011
30.03.2021 06:36:05.723 GMT-0700,62.11300000000001,62.057,0.011,0.011
30.03.2021 06:36:05.867 GMT-0700,62.211999999999996,62.098000000000006,0.0075,0.011
30.03.2021 06:36:05.918 GMT-0700,62.222,62.048,0.011,0.011
30.03.2021 06:36:05.969 GMT-0700,62.223000000000006,62.047,0.011,0.011
30.03.2021 06:36:06.086 GMT-0700,62.233000000000004,62.047,0.011,0.011
30.03.2021 06:36:06.187 GMT-0700,62.211999999999996,62.048,0.011,0.011
30.03.2021 06:36:06.853 GMT-0700,62.203,62.057,0.0075,0.0075
30.03.2021 06:36:06.903 GMT-0700,62.213,62.047,0.011,0.011
30.03.2021 06:36:07.697 GMT-0700,62.211999999999996,62.048,0.011,0.011
30.03.2021 06:36:07.747 GMT-0700,62.202,62.058,0.011,0.011
30.03.2021 06:36:07.798 GMT-0700,62.211999999999996,62.048,0.011,0.011
30.03.2021 06:36:08.188 GMT-0700,62.211999999999996,62.048,0.011,0.011
30.03.2021 06:36:08.899 GMT-0700,62.202,62.098000000000006,0.0008,0.011
30.03.2021 06:36:09.059 GMT-0700,62.211999999999996,62.098000000000006,0.011,0.011
30.03.2021 06:36:10.682 GMT-0700,62.203,62.097,0.0075,0.011
30.03.2021 06:36:11.806 GMT-0700,62.192,62.098000000000006,0.0008,0.011
30.03.2021 06:36:12.138 GMT-0700,62.192,62.098000000000006,0.011,0.011
30.03.2021 06:36:12.188 GMT-0700,62.192,62.098000000000006,0.011,0.011
30.03.2021 06:36:12.239 GMT-0700,62.211999999999996,62.128,0.011,0.011
30.03.2021 06:36:12.289 GMT-0700,62.213,62.097,0.011,0.011
30.03.2021 06:36:12.339 GMT-0700,62.183,62.097,0.011,0.011
30.03.2021 06:36:13.783 GMT-0700,62.143,62.097,0.011,0.011
30.03.2021 06:36:13.834 GMT-0700,62.182,62.108000000000004,0.011,0.011
30.03.2021 06:36:14.189 GMT-0700,62.152,62.098000000000006,0.011,0.011
30.03.2021 06:36:14.240 GMT-0700,62.193000000000005,62.097,0.011,0.011
30.03.2021 06:36:15.792 GMT-0700,62.193000000000005,62.127,0.0008,0.0075
30.03.2021 06:36:15.842 GMT-0700,62.203,62.107,0.011,0.011
30.03.2021 06:36:15.896 GMT-0700,62.203,62.107,0.011,0.011
30.03.2021 06:36:15.946 GMT-0700,62.253,62.147,0.011,0.011
30.03.2021 06:36:16.499 GMT-0700,62.243,62.147,0.0008,0.011
30.03.2021 06:36:16.550 GMT-0700,62.243,62.147,0.011,0.011
30.03.2021 06:36:16.657 GMT-0700,62.252,62.148,0.011,0.011
30.03.2021 06:36:17.467 GMT-0700,62.252,62.178000000000004,0.011,0.0075
30.03.2021 06:36:18.528 GMT-0700,62.253,62.177,0.0075,0.011
30.03.2021 06:36:18.578 GMT-0700,62.263000000000005,62.177,0.011,0.011
30.03.2021 06:36:19.042 GMT-0700,62.263000000000005,62.177,0.011,0.011
30.03.2021 06:36:19.093 GMT-0700,62.262,62.178000000000004,0.011,0.011
30.03.2021 06:36:19.236 GMT-0700,62.263000000000005,62.177,0.011,0.011
30.03.2021 06:36:20.784 GMT-0700,62.242,62.188,0.0008,0.011
30.03.2021 06:36:21.134 GMT-0700,62.262,62.188,0.011,0.011
30.03.2021 06:36:21.474 GMT-0700,62.263000000000005,62.207,0.011,0.011
30.03.2021 06:36:22.381 GMT-0700,62.242,62.188,0.011,0.011
30.03.2021 06:36:22.836 GMT-0700,62.262,62.188,0.011,0.011
30.03.2021 06:36:23.067 GMT-0700,62.253,62.187,0.0008,0.011
30.03.2021 06:36:23.167 GMT-0700,62.262,62.188,0.011,0.011
30.03.2021 06:36:23.682 GMT-0700,62.252,62.188,0.011,0.011
30.03.2021 06:36:24.131 GMT-0700,62.263000000000005,62.187,0.011,0.011
30.03.2021 06:36:24.441 GMT-0700,62.203,62.187,0.0008,0.0075
30.03.2021 06:36:24.491 GMT-0700,62.263000000000005,62.057,0.011,0.011
30.03.2021 06:36:24.541 GMT-0700,62.263000000000005,62.097,0.011,0.011
30.03.2021 06:36:25.061 GMT-0700,62.263000000000005,62.107,0.011,0.0075
30.03.2021 06:36:25.224 GMT-0700,62.263000000000005,62.097,0.011,0.011
30.03.2021 06:36:25.502 GMT-0700,62.223000000000006,62.097,0.0008,0.011
30.03.2021 06:36:25.703 GMT-0700,62.263000000000005,62.157,0.011,0.011
30.03.2021 06:36:26.032 GMT-0700,62.253,62.157,0.011,0.011
30.03.2021 06:36:26.083 GMT-0700,62.263000000000005,62.157,0.011,0.011
30.03.2021 06:36:26.661 GMT-0700,62.222,62.158,0.0008,0.011
30.03.2021 06:36:26.762 GMT-0700,62.263000000000005,62.157,0.011,0.011
30.03.2021 06:36:26.812 GMT-0700,62.252,62.158,0.011,0.011
30.03.2021 06:36:26.915 GMT-0700,62.262,62.158,0.011,0.011
30.03.2021 06:36:27.888 GMT-0700,62.213,62.157,0.011,0.011
30.03.2021 06:36:27.938 GMT-0700,62.263000000000005,62.157,0.011,0.011
30.03.2021 06:36:28.237 GMT-0700,62.253,62.157,0.011,0.011
30.03.2021 06:36:28.529 GMT-0700,62.262,62.158,0.011,0.011
30.03.2021 06:36:28.651 GMT-0700,62.222,62.158,0.0008,0.011
30.03.2021 06:36:29.503 GMT-0700,62.262,62.188,0.011,0.011
30.03.2021 06:36:29.603 GMT-0700,62.242,62.168000000000006,0.011,0.011
30.03.2021 06:36:29.654 GMT-0700,62.263000000000005,62.157,0.011,0.011
30.03.2021 06:36:29.720 GMT-0700,62.262,62.178000000000004,0.011,0.011
30.03.2021 06:36:29.823 GMT-0700,62.263000000000005,62.167,0.011,0.011
30.03.2021 06:36:30.728 GMT-0700,62.223000000000006,62.187,0.011,0.011
30.03.2021 06:36:30.785 GMT-0700,62.222,62.118,0.011,0.011
30.03.2021 06:36:31.013 GMT-0700,62.223000000000006,62.147,0.011,0.011
30.03.2021 06:36:31.063 GMT-0700,62.263000000000005,62.147,0.011,0.011
30.03.2021 06:36:31.404 GMT-0700,62.222,62.148,0.011,0.011
30.03.2021 06:36:31.743 GMT-0700,62.262,62.148,0.011,0.011
30.03.2021 06:36:32.131 GMT-0700,62.252,62.148,0.0008,0.011
30.03.2021 06:36:32.181 GMT-0700,62.262,62.098000000000006,0.011,0.011
30.03.2021 06:36:33.022 GMT-0700,62.252,62.098000000000006,0.011,0.011
30.03.2021 06:36:33.129 GMT-0700,62.263000000000005,62.097,0.011,0.011
30.03.2021 06:36:33.419 GMT-0700,62.263000000000005,62.117,0.011,0.011
30.03.2021 06:36:33.715 GMT-0700,62.233000000000004,62.127,0.011,0.011
30.03.2021 06:36:33.765 GMT-0700,62.263000000000005,62.127,0.011,0.011
30.03.2021 06:36:33.884 GMT-0700,62.263000000000005,62.097,0.011,0.011
30.03.2021 06:36:33.934 GMT-0700,62.263000000000005,62.137,0.011,0.011
30.03.2021 06:36:34.657 GMT-0700,62.262,62.148,0.011,0.0075
30.03.2021 06:36:34.929 GMT-0700,62.262,62.138000000000005,0.011,0.011
30.03.2021 06:36:35.177 GMT-0700,62.211999999999996,62.138000000000005,0.0008,0.011
30.03.2021 06:36:40.035 GMT-0700,62.162,62.138000000000005,0.0008,0.0075
30.03.2021 06:36:40.085 GMT-0700,62.211999999999996,62.078,0.011,0.011
30.03.2021 06:36:40.135 GMT-0700,62.163000000000004,62.077,0.011,0.011
30.03.2021 06:36:40.336 GMT-0700,62.213,62.077,0.011,0.011
30.03.2021 06:36:40.387 GMT-0700,62.153000000000006,62.077,0.011,0.011
30.03.2021 06:36:40.545 GMT-0700,62.162,62.078,0.011,0.011
30.03.2021 06:36:41.631 GMT-0700,62.203,62.077,0.011,0.011
30.03.2021 06:36:41.693 GMT-0700,62.213,62.077,0.011,0.011
30.03.2021 06:36:42.413 GMT-0700,62.213,62.097,0.011,0.0075
30.03.2021 06:36:42.563 GMT-0700,62.152,62.098000000000006,0.011,0.011
30.03.2021 06:36:43.566 GMT-0700,62.152,62.048,0.011,0.011
30.03.2021 06:36:43.668 GMT-0700,62.142,62.048,0.0008,0.011
30.03.2021 06:36:43.769 GMT-0700,62.153000000000006,62.047,0.011,0.011
30.03.2021 06:36:44.572 GMT-0700,62.152,61.98800000000001,0.011,0.011
30.03.2021 06:36:45.070 GMT-0700,62.072,61.98800000000001,0.0008,0.011
30.03.2021 06:36:45.120 GMT-0700,62.102,61.998000000000005,0.011,0.011
30.03.2021 06:36:45.315 GMT-0700,62.042,61.98800000000001,0.0008,0.011
30.03.2021 06:36:45.365 GMT-0700,62.102,61.98800000000001,0.011,0.011
30.03.2021 06:36:45.466 GMT-0700,62.132,61.958000000000006,0.011,0.011
30.03.2021 06:36:45.699 GMT-0700,62.122,61.958000000000006,0.0008,0.011
30.03.2021 06:36:46.990 GMT-0700,62.123000000000005,61.957,0.011,0.011
30.03.2021 06:36:47.353 GMT-0700,62.122,61.958000000000006,0.011,0.011
30.03.2021 06:36:48.446 GMT-0700,62.122,61.958000000000006,0.011,0.011
30.03.2021 06:36:48.497 GMT-0700,62.122,61.958000000000006,0.011,0.011
30.03.2021 06:36:48.549 GMT-0700,62.122,62.038000000000004,0.0008,0.0075
30.03.2021 06:36:48.600 GMT-0700,62.153000000000006,62.007,0.011,0.011
30.03.2021 06:36:48.738 GMT-0700,62.153000000000006,61.957,0.011,0.011
30.03.2021 06:36:48.788 GMT-0700,62.153000000000006,62.027,0.011,0.011
30.03.2021 06:36:48.889 GMT-0700,62.082,62.018,0.011,0.011
30.03.2021 06:36:49.035 GMT-0700,62.092,62.018,0.011,0.011
30.03.2021 06:36:50.715 GMT-0700,62.063,62.017,0.0075,0.011
30.03.2021 06:36:50.766 GMT-0700,62.122,62.018,0.011,0.011
30.03.2021 06:36:52.734 GMT-0700,62.053000000000004,62.018,0.0008,0.011
30.03.2021 06:36:52.784 GMT-0700,62.122,62.018,0.011,0.011
30.03.2021 06:36:53.985 GMT-0700,62.112,62.018,0.0008,0.0075
30.03.2021 06:36:54.035 GMT-0700,62.11300000000001,61.967,0.011,0.011
30.03.2021 06:36:54.096 GMT-0700,62.112,62.018,0.011,0.0075
30.03.2021 06:36:54.326 GMT-0700,62.122,62.018,0.011,0.011
30.03.2021 06:36:55.715 GMT-0700,62.102,62.018,0.0008,0.011
30.03.2021 06:36:55.953 GMT-0700,62.122,62.018,0.011,0.011
30.03.2021 06:36:57.352 GMT-0700,62.102,62.018,0.011,0.011
30.03.2021 06:36:57.402 GMT-0700,62.123000000000005,62.017,0.011,0.011
30.03.2021 06:36:57.898 GMT-0700,62.063,62.017,0.011,0.011
30.03.2021 06:36:58.025 GMT-0700,62.063,62.037,0.0008,0.0075
30.03.2021 06:36:58.075 GMT-0700,62.122,62.028000000000006,0.011,0.011
30.03.2021 06:36:58.126 GMT-0700,62.062,62.008,0.011,0.011
30.03.2021 06:36:58.502 GMT-0700,62.033,62.007,0.0008,0.0075
30.03.2021 06:36:58.552 GMT-0700,62.063,61.937,0.011,0.011
30.03.2021 06:36:58.653 GMT-0700,62.062,61.928000000000004,0.011,0.011
30.03.2021 06:36:58.998 GMT-0700,62.063,61.997,0.011,0.011
30.03.2021 06:36:59.743 GMT-0700,62.062,62.028000000000006,0.011,0.011
30.03.2021 06:36:59.794 GMT-0700,62.112,62.008,0.011,0.011
30.03.2021 06:37:00.639 GMT-0700,62.11300000000001,62.007,0.0075,0.011
30.03.2021 06:37:00.740 GMT-0700,62.112,62.038000000000004,0.011,0.011
30.03.2021 06:37:01.362 GMT-0700,62.11300000000001,62.007,0.011,0.011
30.03.2021 06:37:01.697 GMT-0700,62.11300000000001,61.997,0.011,0.011
30.03.2021 06:37:02.354 GMT-0700,62.112,62.008,0.011,0.011
30.03.2021 06:37:02.531 GMT-0700,62.11300000000001,61.997,0.011,0.011
30.03.2021 06:37:02.603 GMT-0700,62.11300000000001,61.997,0.0075,0.011
30.03.2021 06:37:02.653 GMT-0700,62.163000000000004,62.086999999999996,0.011,0.011
30.03.2021 06:37:02.754 GMT-0700,62.163000000000004,62.007,0.011,0.011
30.03.2021 06:37:02.874 GMT-0700,62.163000000000004,62.007,0.011,0.011
30.03.2021 06:37:03.017 GMT-0700,62.162,62.028000000000006,0.011,0.0075
30.03.2021 06:37:03.135 GMT-0700,62.163000000000004,62.017,0.011,0.011
30.03.2021 06:37:04.117 GMT-0700,62.162,62.028000000000006,0.011,0.0075
30.03.2021 06:37:04.387 GMT-0700,62.123000000000005,62.067,0.011,0.011
30.03.2021 06:37:05.292 GMT-0700,62.123000000000005,62.077,0.011,0.0075
30.03.2021 06:37:06.574 GMT-0700,62.13,62.078,0.0075,0.011
30.03.2021 06:37:06.625 GMT-0700,62.211999999999996,62.078,0.011,0.011
30.03.2021 06:37:07.584 GMT-0700,62.202,62.078,0.0008,0.011
30.03.2021 06:37:07.685 GMT-0700,62.211999999999996,62.078,0.011,0.011
30.03.2021 06:37:08.328 GMT-0700,62.202,62.078,0.011,0.011
30.03.2021 06:37:08.466 GMT-0700,62.211999999999996,62.088,0.011,0.011
30.03.2021 06:37:08.567 GMT-0700,62.193000000000005,62.067,0.011,0.011
30.03.2021 06:37:08.667 GMT-0700,62.193000000000005,62.137,0.011,0.011
30.03.2021 06:37:09.938 GMT-0700,62.192,62.138000000000005,0.0075,0.011
30.03.2021 06:37:09.989 GMT-0700,62.252,62.168000000000006,0.011,0.011
30.03.2021 06:37:10.073 GMT-0700,62.263000000000005,62.167,0.011,0.011
30.03.2021 06:37:10.123 GMT-0700,62.263000000000005,62.187,0.011,0.011
30.03.2021 06:37:11.237 GMT-0700,62.263000000000005,62.187,0.011,0.011
30.03.2021 06:37:11.287 GMT-0700,62.262,62.198,0.011,0.011
30.03.2021 06:37:11.647 GMT-0700,62.262,62.188,0.011,0.011
30.03.2021 06:37:12.594 GMT-0700,62.263000000000005,62.187,0.011,0.011
30.03.2021 06:37:12.961 GMT-0700,62.222,62.188,0.011,0.011
30.03.2021 06:37:13.119 GMT-0700,62.215,62.197,0.0008,0.0075
30.03.2021 06:37:13.170 GMT-0700,62.263000000000005,62.187,0.011,0.011
30.03.2021 06:37:13.996 GMT-0700,62.222,62.188,0.0008,0.0075
30.03.2021 06:37:14.046 GMT-0700,62.263000000000005,62.147,0.011,0.011
30.03.2021 06:37:14.097 GMT-0700,62.262,62.138000000000005,0.011,0.011
30.03.2021 06:37:17.296 GMT-0700,62.202,62.138000000000005,0.0008,0.0075
30.03.2021 06:37:17.347 GMT-0700,62.202,62.098000000000006,0.011,0.011
30.03.2021 06:37:17.503 GMT-0700,62.203,62.086999999999996,0.011,0.011
30.03.2021 06:37:17.697 GMT-0700,62.202,62.088,0.0075,0.011
30.03.2021 06:37:17.747 GMT-0700,62.262,62.108000000000004,0.011,0.011
30.03.2021 06:37:17.832 GMT-0700,62.263000000000005,62.107,0.011,0.011
30.03.2021 06:37:17.997 GMT-0700,62.223000000000006,62.157,0.011,0.011
30.03.2021 06:37:18.047 GMT-0700,62.222,62.148,0.011,0.011
30.03.2021 06:37:18.175 GMT-0700,62.223000000000006,62.117,0.011,0.011
30.03.2021 06:37:18.226 GMT-0700,62.222,62.108000000000004,0.011,0.011
30.03.2021 06:37:18.534 GMT-0700,62.222,62.128,0.011,0.011
30.03.2021 06:37:18.811 GMT-0700,62.263000000000005,62.127,0.011,0.011
30.03.2021 06:37:19.474 GMT-0700,62.262,62.118,0.011,0.011
30.03.2021 06:37:19.669 GMT-0700,62.232,62.118,0.0008,0.011
30.03.2021 06:37:20.022 GMT-0700,62.223000000000006,62.117,0.0008,0.011
30.03.2021 06:37:20.156 GMT-0700,62.232,62.158,0.011,0.011
30.03.2021 06:37:20.279 GMT-0700,62.232,62.168000000000006,0.011,0.011
30.03.2021 06:37:20.430 GMT-0700,62.232,62.158,0.011,0.011
30.03.2021 06:37:21.625 GMT-0700,62.232,62.158,0.011,0.011
30.03.2021 06:37:21.675 GMT-0700,62.233000000000004,62.107,0.011,0.011
30.03.2021 06:37:21.726 GMT-0700,62.222,62.108000000000004,0.011,0.011
30.03.2021 06:37:21.776 GMT-0700,62.233000000000004,62.107,0.011,0.011
30.03.2021 06:37:22.024 GMT-0700,62.233000000000004,62.097,0.011,0.011
30.03.2021 06:37:23.682 GMT-0700,62.223000000000006,62.097,0.0075,0.011
30.03.2021 06:37:23.783 GMT-0700,62.233000000000004,62.097,0.011,0.011
30.03.2021 06:37:23.834 GMT-0700,62.193000000000005,62.097,0.011,0.011
30.03.2021 06:37:24.083 GMT-0700,62.193000000000005,62.137,0.011,0.0075
30.03.2021 06:37:24.134 GMT-0700,62.213,62.147,0.011,0.011
30.03.2021 06:37:24.184 GMT-0700,62.213,62.157,0.011,0.011
30.03.2021 06:37:24.349 GMT-0700,62.211999999999996,62.058,0.011,0.011
30.03.2021 06:37:24.400 GMT-0700,62.211999999999996,62.088,0.011,0.011
30.03.2021 06:37:24.504 GMT-0700,62.233000000000004,62.086999999999996,0.011,0.011
30.03.2021 06:37:24.554 GMT-0700,62.232,62.108000000000004,0.011,0.011
30.03.2021 06:37:26.448 GMT-0700,62.263000000000005,62.177,0.011,0.011
30.03.2021 06:37:27.298 GMT-0700,62.223000000000006,62.177,0.011,0.011
30.03.2021 06:37:27.348 GMT-0700,62.252,62.118,0.011,0.011
30.03.2021 06:37:27.476 GMT-0700,62.263000000000005,62.117,0.011,0.011
30.03.2021 06:37:27.825 GMT-0700,62.252,62.118,0.0008,0.011
30.03.2021 06:37:28.119 GMT-0700,62.242,62.158,0.011,0.011
30.03.2021 06:37:28.170 GMT-0700,62.253,62.107,0.011,0.011
30.03.2021 06:37:30.375 GMT-0700,62.242,62.118,0.0075,0.0075
30.03.2021 06:37:30.537 GMT-0700,62.253,62.107,0.011,0.011
30.03.2021 06:37:31.068 GMT-0700,62.253,62.107,0.011,0.011
30.03.2021 06:37:31.169 GMT-0700,62.233000000000004,62.157,0.011,0.011
30.03.2021 06:37:31.219 GMT-0700,62.262,62.168000000000006,0.011,0.011
30.03.2021 06:37:31.270 GMT-0700,62.263000000000005,62.177,0.011,0.011
30.03.2021 06:37:31.420 GMT-0700,62.252,62.158,0.011,0.011
30.03.2021 06:37:34.802 GMT-0700,62.252,62.198,0.011,0.011
30.03.2021 06:37:34.852 GMT-0700,62.253,62.157,0.011,0.011
30.03.2021 06:37:35.327 GMT-0700,62.252,62.168000000000006,0.011,0.0075
30.03.2021 06:37:35.377 GMT-0700,62.252,62.158,0.011,0.011
30.03.2021 06:37:35.844 GMT-0700,62.243,62.157,0.0008,0.011
30.03.2021 06:37:36.131 GMT-0700,62.252,62.158,0.011,0.011
30.03.2021 06:37:38.111 GMT-0700,62.252,62.158,0.0075,0.011
30.03.2021 06:37:38.161 GMT-0700,62.253,62.167,0.011,0.011
30.03.2021 06:37:38.270 GMT-0700,62.253,62.157,0.011,0.011
30.03.2021 06:37:38.321 GMT-0700,62.293000000000006,62.207,0.011,0.011
30.03.2021 06:37:38.431 GMT-0700,62.36300000000001,62.207,0.011,0.011
30.03.2021 06:37:38.482 GMT-0700,62.333000000000006,62.207,0.011,0.011
30.03.2021 06:37:38.892 GMT-0700,62.333000000000006,62.217,0.011,0.0075
30.03.2021 06:37:39.413 GMT-0700,62.322,62.208000000000006,0.011,0.011
30.03.2021 06:37:39.463 GMT-0700,62.333000000000006,62.207,0.011,0.011
30.03.2021 06:37:39.597 GMT-0700,62.333000000000006,62.217,0.011,0.011
30.03.2021 06:37:39.647 GMT-0700,62.332,62.208000000000006,0.011,0.011
30.03.2021 06:37:39.724 GMT-0700,62.333000000000006,62.217,0.011,0.0075
30.03.2021 06:37:43.096 GMT-0700,62.322,62.218,0.0008,0.011
30.03.2021 06:37:43.754 GMT-0700,62.312,62.218,0.0008,0.011
30.03.2021 06:37:44.057 GMT-0700,62.333000000000006,62.227,0.011,0.011
30.03.2021 06:37:44.108 GMT-0700,62.333000000000006,62.217,0.011,0.011
30.03.2021 06:37:44.158 GMT-0700,62.332,62.228,0.011,0.011
30.03.2021 06:37:44.208 GMT-0700,62.333000000000006,62.217,0.011,0.011
30.03.2021 06:37:44.259 GMT-0700,62.333000000000006,62.207,0.011,0.011
30.03.2021 06:37:44.815 GMT-0700,62.292,62.208000000000006,0.0008,0.011
30.03.2021 06:37:44.866 GMT-0700,62.292,62.208000000000006,0.011,0.011
30.03.2021 06:37:44.966 GMT-0700,62.353,62.207,0.011,0.011
30.03.2021 06:37:45.201 GMT-0700,62.352,62.23800000000001,0.011,0.0075
30.03.2021 06:37:45.252 GMT-0700,62.352,62.208000000000006,0.011,0.011
30.03.2021 06:37:45.391 GMT-0700,62.342,62.208000000000006,0.011,0.011
30.03.2021 06:37:45.447 GMT-0700,62.352,62.208000000000006,0.011,0.011
30.03.2021 06:37:46.246 GMT-0700,62.343,62.207,0.0008,0.011
30.03.2021 06:37:46.424 GMT-0700,62.353,62.207,0.011,0.011
30.03.2021 06:37:47.269 GMT-0700,62.342,62.208000000000006,0.0075,0.011
30.03.2021 06:37:47.319 GMT-0700,62.353,62.207,0.011,0.011
30.03.2021 06:37:47.508 GMT-0700,62.353,62.237,0.011,0.0075
30.03.2021 06:37:47.608 GMT-0700,62.353,62.207,0.011,0.011
30.03.2021 06:37:47.767 GMT-0700,62.352,62.268,0.011,0.011
30.03.2021 06:37:47.818 GMT-0700,62.353,62.217,0.011,0.011
30.03.2021 06:37:48.152 GMT-0700,62.353,62.267,0.011,0.011
30.03.2021 06:37:49.171 GMT-0700,62.273,62.167,0.0075,0.011
30.03.2021 06:37:49.221 GMT-0700,62.353,62.177,0.011,0.011
30.03.2021 06:37:49.424 GMT-0700,62.36300000000001,62.267,0.011,0.0075
30.03.2021 06:37:49.475 GMT-0700,62.36300000000001,62.177,0.011,0.011
30.03.2021 06:37:49.525 GMT-0700,62.362,62.188,0.011,0.011
30.03.2021 06:37:49.626 GMT-0700,62.303000000000004,62.177,0.011,0.011
30.03.2021 06:37:49.779 GMT-0700,62.303000000000004,62.187,0.0075,0.011
30.03.2021 06:37:49.829 GMT-0700,62.313,62.237,0.011,0.011
30.03.2021 06:37:49.879 GMT-0700,62.313,62.247,0.011,0.011
30.03.2021 06:37:50.003 GMT-0700,62.313,62.257,0.011,0.0075
30.03.2021 06:37:50.053 GMT-0700,62.312,62.23800000000001,0.011,0.011
30.03.2021 06:37:51.069 GMT-0700,62.313,62.237,0.0075,0.011
30.03.2021 06:37:51.120 GMT-0700,62.372,62.268,0.011,0.011
30.03.2021 06:37:51.570 GMT-0700,62.36300000000001,62.307,0.0075,0.0075
30.03.2021 06:37:51.621 GMT-0700,62.36300000000001,62.267,0.011,0.011
30.03.2021 06:37:51.970 GMT-0700,62.372,62.268,0.0075,0.011
30.03.2021 06:37:52.020 GMT-0700,62.442,62.268,0.011,0.011
30.03.2021 06:37:52.071 GMT-0700,62.433,62.267,0.011,0.011
30.03.2021 06:37:52.529 GMT-0700,62.423,62.327,0.011,0.011
30.03.2021 06:37:52.579 GMT-0700,62.383,62.277,0.011,0.011
30.03.2021 06:37:52.630 GMT-0700,62.383,62.267,0.011,0.011
30.03.2021 06:37:53.330 GMT-0700,62.443000000000005,62.267,0.011,0.011
30.03.2021 06:37:53.380 GMT-0700,62.443000000000005,62.257,0.011,0.011
30.03.2021 06:37:53.430 GMT-0700,62.443000000000005,62.277,0.011,0.011
30.03.2021 06:37:53.770 GMT-0700,62.443000000000005,62.277,0.011,0.011
30.03.2021 06:37:53.821 GMT-0700,62.452,62.288000000000004,0.011,0.011
30.03.2021 06:37:53.927 GMT-0700,62.452,62.258,0.011,0.011
30.03.2021 06:37:54.423 GMT-0700,62.452,62.298,0.011,0.011
30.03.2021 06:37:55.572 GMT-0700,62.422,62.328,0.0075,0.011
30.03.2021 06:37:55.623 GMT-0700,62.423,62.327,0.011,0.011
30.03.2021 06:37:55.782 GMT-0700,62.402,62.318000000000005,0.0008,0.011
30.03.2021 06:37:56.278 GMT-0700,62.443000000000005,62.317,0.011,0.011
30.03.2021 06:37:56.858 GMT-0700,62.413000000000004,62.317,0.0075,0.011
30.03.2021 06:37:57.388 GMT-0700,62.373000000000005,62.257,0.0075,0.011
30.03.2021 06:37:57.439 GMT-0700,62.353,62.217,0.011,0.011
30.03.2021 06:37:57.489 GMT-0700,62.342,62.218,0.011,0.011
30.03.2021 06:37:57.539 GMT-0700,62.402,62.218,0.011,0.011
30.03.2021 06:37:57.692 GMT-0700,62.403000000000006,62.237,0.011,0.011
30.03.2021 06:37:57.815 GMT-0700,62.392,62.23800000000001,0.0008,0.011
30.03.2021 06:37:57.915 GMT-0700,62.402,62.23800000000001,0.011,0.011
30.03.2021 06:37:58.320 GMT-0700,62.362,62.23800000000001,0.011,0.011
30.03.2021 06:37:58.370 GMT-0700,62.402,62.23800000000001,0.011,0.011
30.03.2021 06:37:58.920 GMT-0700,62.362,62.23800000000001,0.0075,0.011
30.03.2021 06:37:59.021 GMT-0700,62.403000000000006,62.257,0.011,0.011
30.03.2021 06:37:59.132 GMT-0700,62.412,62.258,0.011,0.011
30.03.2021 06:37:59.477 GMT-0700,62.413000000000004,62.257,0.011,0.011
30.03.2021 06:38:00.031 GMT-0700,62.402,62.348000000000006,0.011,0.011
30.03.2021 06:38:00.320 GMT-0700,62.452,62.348000000000006,0.011,0.011
30.03.2021 06:38:00.869 GMT-0700,62.402,62.348000000000006,0.0008,0.011
30.03.2021 06:38:01.163 GMT-0700,62.403000000000006,62.347,0.011,0.011
30.03.2021 06:38:01.213 GMT-0700,62.453,62.347,0.011,0.011
30.03.2021 06:38:01.264 GMT-0700,62.463,62.347,0.011,0.011
30.03.2021 06:38:02.506 GMT-0700,62.443000000000005,62.347,0.011,0.011
30.03.2021 06:38:02.607 GMT-0700,62.503,62.367,0.011,0.011
30.03.2021 06:38:02.671 GMT-0700,62.502,62.368,0.011,0.011
30.03.2021 06:38:02.772 GMT-0700,62.502,62.348000000000006,0.011,0.011
30.03.2021 06:38:02.965 GMT-0700,62.492,62.348000000000006,0.0075,0.011
30.03.2021 06:38:03.422 GMT-0700,62.492,62.388000000000005,0.011,0.0075
30.03.2021 06:38:03.585 GMT-0700,62.483000000000004,62.347,0.0075,0.011
30.03.2021 06:38:03.635 GMT-0700,62.483000000000004,62.347,0.011,0.011
30.03.2021 06:38:03.810 GMT-0700,62.492,62.348000000000006,0.011,0.0075
30.03.2021 06:38:03.926 GMT-0700,62.493,62.336999999999996,0.011,0.011
30.03.2021 06:38:03.976 GMT-0700,62.463,62.317,0.011,0.011
30.03.2021 06:38:04.027 GMT-0700,62.461999999999996,62.338,0.011,0.011
30.03.2021 06:38:06.125 GMT-0700,62.512,62.418000000000006,0.011,0.011
30.03.2021 06:38:06.176 GMT-0700,62.553000000000004,62.407,0.011,0.011
30.03.2021 06:38:06.226 GMT-0700,62.523,62.407,0.011,0.011
30.03.2021 06:38:06.382 GMT-0700,62.472,62.408,0.0008,0.011
30.03.2021 06:38:07.376 GMT-0700,62.522,62.408,0.011,0.011
30.03.2021 06:38:07.426 GMT-0700,62.502,62.408,0.011,0.011
30.03.2021 06:38:07.761 GMT-0700,62.522,62.408,0.011,0.011
30.03.2021 06:38:07.833 GMT-0700,62.502,62.408,0.011,0.011
30.03.2021 06:38:07.934 GMT-0700,62.483000000000004,62.327,0.011,0.011
30.03.2021 06:38:07.984 GMT-0700,62.413000000000004,62.327,0.011,0.011
30.03.2021 06:38:08.470 GMT-0700,62.422,62.328,0.011,0.011
30.03.2021 06:38:08.521 GMT-0700,62.413000000000004,62.307,0.011,0.011
30.03.2021 06:38:08.728 GMT-0700,62.422,62.308,0.011,0.011
30.03.2021 06:38:08.852 GMT-0700,62.412,62.308,0.0008,0.011
30.03.2021 06:38:08.902 GMT-0700,62.402,62.258,0.011,0.011
30.03.2021 06:38:08.953 GMT-0700,62.452,62.258,0.011,0.011
30.03.2021 06:38:09.003 GMT-0700,62.392,62.258,0.011,0.011
30.03.2021 06:38:09.053 GMT-0700,62.453,62.257,0.011,0.011
30.03.2021 06:38:09.475 GMT-0700,62.403000000000006,62.257,0.0008,0.011
30.03.2021 06:38:09.626 GMT-0700,62.453,62.327,0.011,0.011
30.03.2021 06:38:09.676 GMT-0700,62.452,62.258,0.011,0.011
30.03.2021 06:38:09.927 GMT-0700,62.452,62.278000000000006,0.011,0.0075
30.03.2021 06:38:10.453 GMT-0700,62.442,62.278000000000006,0.0008,0.011
30.03.2021 06:38:10.554 GMT-0700,62.453,62.277,0.011,0.011
30.03.2021 06:38:11.383 GMT-0700,62.442,62.278000000000006,0.0008,0.011
30.03.2021 06:38:11.484 GMT-0700,62.452,62.278000000000006,0.011,0.011
30.03.2021 06:38:11.579 GMT-0700,62.443000000000005,62.277,0.0075,0.011
30.03.2021 06:38:12.075 GMT-0700,62.433,62.277,0.0008,0.011
30.03.2021 06:38:12.536 GMT-0700,62.442,62.278000000000006,0.011,0.011
30.03.2021 06:38:14.353 GMT-0700,62.433,62.277,0.0008,0.011
30.03.2021 06:38:14.403 GMT-0700,62.443000000000005,62.257,0.011,0.011
30.03.2021 06:38:14.453 GMT-0700,62.443000000000005,62.277,0.011,0.011
30.03.2021 06:38:15.385 GMT-0700,62.393,62.277,0.0008,0.011
30.03.2021 06:38:15.536 GMT-0700,62.362,62.308,0.011,0.011
30.03.2021 06:38:15.681 GMT-0700,62.422,62.308,0.011,0.011
30.03.2021 06:38:15.731 GMT-0700,62.362,62.308,0.011,0.011
30.03.2021 06:38:16.504 GMT-0700,62.36300000000001,62.307,0.0075,0.011
30.03.2021 06:38:16.555 GMT-0700,62.423,62.307,0.011,0.011
30.03.2021 06:38:19.405 GMT-0700,62.423,62.307,0.0075,0.011
30.03.2021 06:38:19.455 GMT-0700,62.483000000000004,62.336999999999996,0.011,0.011
30.03.2021 06:38:19.558 GMT-0700,62.483000000000004,62.307,0.011,0.011
30.03.2021 06:38:20.110 GMT-0700,62.452,62.298,0.011,0.011
30.03.2021 06:38:20.469 GMT-0700,62.402,62.298,0.0008,0.011
30.03.2021 06:38:20.519 GMT-0700,62.452,62.298,0.011,0.011
30.03.2021 06:38:20.622 GMT-0700,62.452,62.338,0.011,0.011
30.03.2021 06:38:21.474 GMT-0700,62.443000000000005,62.336999999999996,0.0008,0.011
30.03.2021 06:38:21.755 GMT-0700,62.452,62.338,0.011,0.011
30.03.2021 06:38:23.142 GMT-0700,62.443000000000005,62.336999999999996,0.0075,0.011
30.03.2021 06:38:23.333 GMT-0700,62.452,62.338,0.011,0.011
30.03.2021 06:38:24.094 GMT-0700,62.452,62.338,0.011,0.011
30.03.2021 06:38:24.209 GMT-0700,62.382,62.338,0.0008,0.011
30.03.2021 06:38:24.259 GMT-0700,62.393,62.336999999999996,0.011,0.011
30.03.2021 06:38:24.583 GMT-0700,62.382,62.338,0.011,0.011
30.03.2021 06:38:25.066 GMT-0700,62.392,62.338,0.011,0.011
30.03.2021 06:38:25.234 GMT-0700,62.402,62.338,0.011,0.011
30.03.2021 06:38:25.399 GMT-0700,62.36300000000001,62.336999999999996,0.011,0.011
30.03.2021 06:38:25.450 GMT-0700,62.342,62.23800000000001,0.011,0.011
30.03.2021 06:38:25.550 GMT-0700,62.342,62.228,0.011,0.011
30.03.2021 06:38:25.800 GMT-0700,62.342,62.298,0.011,0.011
30.03.2021 06:38:37.951 GMT-0700,62.333000000000006,62.247,0.0075,0.011
30.03.2021 06:38:38.001 GMT-0700,62.313,62.177,0.011,0.011
30.03.2021 06:38:38.117 GMT-0700,62.312,62.23800000000001,0.011,0.0075
30.03.2021 06:38:38.668 GMT-0700,62.245000000000005,62.188,0.0075,0.011
30.03.2021 06:38:38.719 GMT-0700,62.242,62.188,0.011,0.011
30.03.2021 06:38:38.796 GMT-0700,62.243,62.217,0.011,0.011
30.03.2021 06:38:39.595 GMT-0700,62.232,62.198,0.011,0.011
30.03.2021 06:38:40.604 GMT-0700,62.223000000000006,62.197,0.0008,0.011
30.03.2021 06:38:40.705 GMT-0700,62.232,62.198,0.011,0.011
30.03.2021 06:38:40.764 GMT-0700,62.242,62.218,0.011,0.011
30.03.2021 06:38:40.814 GMT-0700,62.243,62.197,0.011,0.011
30.03.2021 06:38:41.516 GMT-0700,62.262,62.198,0.011,0.011
30.03.2021 06:38:41.567 GMT-0700,62.332,62.198,0.011,0.011
30.03.2021 06:38:42.364 GMT-0700,62.323,62.197,0.0008,0.011
30.03.2021 06:38:42.465 GMT-0700,62.272,62.198,0.011,0.011
30.03.2021 06:38:42.581 GMT-0700,62.282,62.198,0.011,0.011
30.03.2021 06:38:44.363 GMT-0700,62.272,62.198,0.0075,0.011
30.03.2021 06:38:44.532 GMT-0700,62.282,62.198,0.011,0.011
30.03.2021 06:38:45.615 GMT-0700,62.333000000000006,62.197,0.011,0.011
30.03.2021 06:38:45.732 GMT-0700,62.322,62.198,0.0075,0.011
30.03.2021 06:38:45.833 GMT-0700,62.333000000000006,62.197,0.011,0.011
30.03.2021 06:38:45.903 GMT-0700,62.303000000000004,62.197,0.0008,0.0075
30.03.2021 06:38:45.953 GMT-0700,62.312,62.198,0.011,0.011
30.03.2021 06:38:46.003 GMT-0700,62.352,62.278000000000006,0.011,0.011
30.03.2021 06:38:46.435 GMT-0700,62.322,62.188,0.011,0.011
30.03.2021 06:38:46.485 GMT-0700,62.323,62.187,0.011,0.011
30.03.2021 06:38:46.536 GMT-0700,62.323,62.257,0.011,0.011
30.03.2021 06:38:47.471 GMT-0700,62.292,62.258,0.011,0.011
30.03.2021 06:38:48.474 GMT-0700,62.322,62.258,0.011,0.011
30.03.2021 06:38:49.416 GMT-0700,62.292,62.258,0.0008,0.011
30.03.2021 06:38:50.132 GMT-0700,62.322,62.258,0.011,0.011
30.03.2021 06:38:50.182 GMT-0700,62.273,62.207,0.011,0.011
30.03.2021 06:38:50.233 GMT-0700,62.282,62.208000000000006,0.011,0.011
30.03.2021 06:38:50.414 GMT-0700,62.282,62.208000000000006,0.011,0.011
30.03.2021 06:38:50.465 GMT-0700,62.343,62.227,0.011,0.011
30.03.2021 06:38:50.515 GMT-0700,62.332,62.228,0.011,0.011
30.03.2021 06:38:50.622 GMT-0700,62.332,62.228,0.0075,0.011
30.03.2021 06:38:50.672 GMT-0700,62.343,62.237,0.011,0.011
30.03.2021 06:38:50.769 GMT-0700,62.292,62.258,0.0075,0.0075
30.03.2021 06:38:50.820 GMT-0700,62.292,62.23800000000001,0.011,0.011
30.03.2021 06:38:52.140 GMT-0700,62.283,62.227,0.011,0.011
30.03.2021 06:38:54.743 GMT-0700,62.362,62.178000000000004,0.011,0.011
30.03.2021 06:38:54.794 GMT-0700,62.312,62.248000000000005,0.011,0.011
30.03.2021 06:38:54.844 GMT-0700,62.373000000000005,62.247,0.011,0.011
30.03.2021 06:38:54.952 GMT-0700,62.353,62.247,0.011,0.011
30.03.2021 06:38:55.067 GMT-0700,62.372,62.248000000000005,0.011,0.011
30.03.2021 06:38:55.223 GMT-0700,62.352,62.248000000000005,0.0008,0.011
30.03.2021 06:38:55.379 GMT-0700,62.353,62.247,0.011,0.011
30.03.2021 06:38:55.429 GMT-0700,62.373000000000005,62.237,0.011,0.011
30.03.2021 06:38:55.480 GMT-0700,62.372,62.228,0.011,0.011
30.03.2021 06:38:55.530 GMT-0700,62.373000000000005,62.287,0.011,0.011
30.03.2021 06:38:58.749 GMT-0700,62.332,62.288000000000004,0.0075,0.011
30.03.2021 06:38:59.096 GMT-0700,62.373000000000005,62.287,0.011,0.011
30.03.2021 06:38:59.344 GMT-0700,62.343,62.287,0.0008,0.011
30.03.2021 06:39:00.326 GMT-0700,62.302,62.288000000000004,0.011,0.011
30.03.2021 06:39:00.377 GMT-0700,62.292,62.228,0.011,0.011
30.03.2021 06:39:00.427 GMT-0700,62.303000000000004,62.257,0.011,0.011
30.03.2021 06:39:00.477 GMT-0700,62.302,62.228,0.011,0.011
30.03.2021 06:39:01.982 GMT-0700,62.333000000000006,62.227,0.011,0.011
30.03.2021 06:39:02.032 GMT-0700,62.373000000000005,62.287,0.011,0.011
30.03.2021 06:39:02.147 GMT-0700,62.373000000000005,62.217,0.011,0.011
30.03.2021 06:39:02.197 GMT-0700,62.372,62.298,0.011,0.011
30.03.2021 06:39:03.664 GMT-0700,62.36300000000001,62.327,0.0075,0.0075
30.03.2021 06:39:03.714 GMT-0700,62.362,62.298,0.011,0.011
30.03.2021 06:39:03.810 GMT-0700,62.36300000000001,62.327,0.0008,0.0075
30.03.2021 06:39:03.861 GMT-0700,62.373000000000005,62.297,0.011,0.011
30.03.2021 06:39:05.812 GMT-0700,62.372,62.298,0.0075,0.011
30.03.2021 06:39:05.863 GMT-0700,62.392,62.288000000000004,0.011,0.011
30.03.2021 06:39:05.923 GMT-0700,62.402,62.338,0.011,0.011
30.03.2021 06:39:06.250 GMT-0700,62.453,62.336999999999996,0.011,0.011
30.03.2021 06:39:06.300 GMT-0700,62.452,62.388000000000005,0.011,0.011
30.03.2021 06:39:06.351 GMT-0700,62.453,62.336999999999996,0.011,0.011
30.03.2021 06:39:07.465 GMT-0700,62.482,62.338,0.011,0.011
30.03.2021 06:39:07.515 GMT-0700,62.473000000000006,62.367,0.011,0.011
30.03.2021 06:39:08.314 GMT-0700,62.473000000000006,62.336999999999996,0.011,0.011
30.03.2021 06:39:08.887 GMT-0700,62.461999999999996,62.338,0.0008,0.011
30.03.2021 06:39:09.000 GMT-0700,62.382,62.298,0.0075,0.0075
30.03.2021 06:39:09.050 GMT-0700,62.443000000000005,62.287,0.011,0.011
30.03.2021 06:39:09.120 GMT-0700,62.442,62.288000000000004,0.011,0.011
30.03.2021 06:39:09.796 GMT-0700,62.433,62.336999999999996,0.0075,0.011
30.03.2021 06:39:09.896 GMT-0700,62.442,62.338,0.011,0.011
30.03.2021 06:39:10.161 GMT-0700,62.442,62.338,0.0075,0.011
30.03.2021 06:39:10.211 GMT-0700,62.442,62.338,0.011,0.011
30.03.2021 06:39:10.776 GMT-0700,62.433,62.336999999999996,0.0075,0.011
30.03.2021 06:39:10.877 GMT-0700,62.442,62.338,0.011,0.011
30.03.2021 06:39:11.352 GMT-0700,62.433,62.336999999999996,0.0008,0.011
30.03.2021 06:39:11.535 GMT-0700,62.443000000000005,62.336999999999996,0.011,0.011
30.03.2021 06:39:13.727 GMT-0700,62.433,62.336999999999996,0.011,0.011
30.03.2021 06:39:13.944 GMT-0700,62.442,62.338,0.011,0.011
30.03.2021 06:39:15.960 GMT-0700,62.382,62.338,0.011,0.011
30.03.2021 06:39:16.011 GMT-0700,62.393,62.336999999999996,0.011,0.011
30.03.2021 06:39:16.217 GMT-0700,62.36300000000001,62.336999999999996,0.0008,0.0075
30.03.2021 06:39:16.267 GMT-0700,62.373000000000005,62.327,0.011,0.011
30.03.2021 06:39:16.318 GMT-0700,62.382,62.328,0.011,0.011
30.03.2021 06:39:17.887 GMT-0700,62.36300000000001,62.327,0.011,0.011
30.03.2021 06:39:17.937 GMT-0700,62.372,62.328,0.011,0.011
30.03.2021 06:39:18.239 GMT-0700,62.392,62.328,0.011,0.011
30.03.2021 06:39:19.382 GMT-0700,62.382,62.328,0.0008,0.011
30.03.2021 06:39:19.680 GMT-0700,62.393,62.327,0.011,0.011
30.03.2021 06:39:20.190 GMT-0700,62.392,62.278000000000006,0.011,0.011
30.03.2021 06:39:20.455 GMT-0700,62.392,62.288000000000004,0.011,0.011
30.03.2021 06:39:20.506 GMT-0700,62.393,62.277,0.011,0.011
30.03.2021 06:39:21.054 GMT-0700,62.383,62.277,0.011,0.011
30.03.2021 06:39:21.155 GMT-0700,62.382,62.228,0.011,0.011
30.03.2021 06:39:21.205 GMT-0700,62.352,62.218,0.011,0.011
30.03.2021 06:39:21.255 GMT-0700,62.383,62.217,0.011,0.011
30.03.2021 06:39:21.312 GMT-0700,62.332,62.218,0.0075,0.011
30.03.2021 06:39:21.412 GMT-0700,62.383,62.217,0.011,0.011
30.03.2021 06:39:22.014 GMT-0700,62.373000000000005,62.217,0.0008,0.011
30.03.2021 06:39:22.064 GMT-0700,62.383,62.217,0.011,0.011
30.03.2021 06:39:22.237 GMT-0700,62.382,62.208000000000006,0.011,0.011
30.03.2021 06:39:22.298 GMT-0700,62.362,62.208000000000006,0.0008,0.011
30.03.2021 06:39:23.021 GMT-0700,62.353,62.267,0.0075,0.0075
30.03.2021 06:39:23.071 GMT-0700,62.353,62.217,0.011,0.011
30.03.2021 06:39:23.122 GMT-0700,62.36300000000001,62.217,0.011,0.011
30.03.2021 06:39:25.112 GMT-0700,62.36300000000001,62.207,0.011,0.011
30.03.2021 06:39:25.212 GMT-0700,62.36300000000001,62.217,0.011,0.011
30.03.2021 06:39:26.004 GMT-0700,62.353,62.217,0.0075,0.011
30.03.2021 06:39:26.105 GMT-0700,62.36300000000001,62.217,0.011,0.011
30.03.2021 06:39:26.889 GMT-0700,62.362,62.218,0.0075,0.011
30.03.2021 06:39:26.940 GMT-0700,62.352,62.218,0.011,0.011
30.03.2021 06:39:28.137 GMT-0700,62.353,62.277,0.011,0.011
30.03.2021 06:39:29.039 GMT-0700,62.333000000000006,62.217,0.011,0.011
30.03.2021 06:39:29.112 GMT-0700,62.333000000000006,62.217,0.011,0.011
30.03.2021 06:39:29.279 GMT-0700,62.442,62.318000000000005,0.011,0.011
30.03.2021 06:39:29.380 GMT-0700,62.422,62.328,0.011,0.011
30.03.2021 06:39:30.068 GMT-0700,62.412,62.328,0.0008,0.0075
30.03.2021 06:39:30.118 GMT-0700,62.413000000000004,62.307,0.011,0.011
30.03.2021 06:39:30.169 GMT-0700,62.422,62.308,0.011,0.011
30.03.2021 06:39:30.916 GMT-0700,62.413000000000004,62.307,0.0008,0.011
30.03.2021 06:39:31.115 GMT-0700,62.423,62.307,0.011,0.011
30.03.2021 06:39:32.055 GMT-0700,62.412,62.308,0.0008,0.011
30.03.2021 06:39:32.105 GMT-0700,62.362,62.23800000000001,0.011,0.011
30.03.2021 06:39:32.268 GMT-0700,62.362,62.228,0.011,0.011
30.03.2021 06:39:32.574 GMT-0700,62.353,62.227,0.011,0.011
30.03.2021 06:39:32.944 GMT-0700,62.342,62.228,0.011,0.011
30.03.2021 06:39:33.726 GMT-0700,62.383,62.227,0.011,0.011
30.03.2021 06:39:33.777 GMT-0700,62.393,62.227,0.011,0.011
30.03.2021 06:39:34.436 GMT-0700,62.382,62.228,0.0075,0.011
30.03.2021 06:39:34.536 GMT-0700,62.393,62.227,0.011,0.011
30.03.2021 06:39:34.587 GMT-0700,62.353,62.267,0.011,0.011
30.03.2021 06:39:34.637 GMT-0700,62.392,62.268,0.011,0.011
30.03.2021 06:39:34.772 GMT-0700,62.392,62.288000000000004,0.0008,0.0075
30.03.2021 06:39:34.822 GMT-0700,62.403000000000006,62.287,0.011,0.011
30.03.2021 06:39:34.915 GMT-0700,62.392,62.288000000000004,0.0008,0.0075
30.03.2021 06:39:34.966 GMT-0700,62.393,62.277,0.011,0.011
30.03.2021 06:39:35.650 GMT-0700,62.392,62.288000000000004,0.011,0.011
30.03.2021 06:39:36.196 GMT-0700,62.372,62.288000000000004,0.011,0.011
30.03.2021 06:39:38.389 GMT-0700,62.36300000000001,62.287,0.011,0.011
30.03.2021 06:39:38.635 GMT-0700,62.373000000000005,62.217,0.011,0.011
30.03.2021 06:39:38.686 GMT-0700,62.36300000000001,62.217,0.0008,0.011
30.03.2021 06:39:38.736 GMT-0700,62.373000000000005,62.217,0.011,0.011
30.03.2021 06:39:39.015 GMT-0700,62.372,62.228,0.011,0.0075
30.03.2021 06:39:39.341 GMT-0700,62.362,62.228,0.0075,0.011
30.03.2021 06:39:39.391 GMT-0700,62.372,62.228,0.011,0.011
30.03.2021 06:39:39.788 GMT-0700,62.372,62.288000000000004,0.011,0.011
30.03.2021 06:39:40.114 GMT-0700,62.373000000000005,62.227,0.011,0.011
30.03.2021 06:39:42.595 GMT-0700,62.372,62.228,0.011,0.011
30.03.2021 06:39:42.696 GMT-0700,62.323,62.227,0.011,0.011
30.03.2021 06:39:43.417 GMT-0700,62.312,62.248000000000005,0.0008,0.0075
30.03.2021 06:39:43.467 GMT-0700,62.312,62.168000000000006,0.011,0.011
30.03.2021 06:39:43.517 GMT-0700,62.312,62.258,0.011,0.011
30.03.2021 06:39:43.779 GMT-0700,62.312,62.218,0.011,0.011
30.03.2021 06:39:45.217 GMT-0700,62.313,62.207,0.011,0.011
30.03.2021 06:39:45.268 GMT-0700,62.312,62.218,0.011,0.011
30.03.2021 06:39:45.481 GMT-0700,62.313,62.207,0.011,0.011
30.03.2021 06:39:45.554 GMT-0700,62.312,62.218,0.011,0.0075
30.03.2021 06:39:45.655 GMT-0700,62.313,62.257,0.011,0.011
30.03.2021 06:39:45.789 GMT-0700,62.313,62.207,0.011,0.011
30.03.2021 06:39:45.839 GMT-0700,62.312,62.218,0.011,0.011
30.03.2021 06:39:45.890 GMT-0700,62.313,62.207,0.011,0.011
30.03.2021 06:39:46.006 GMT-0700,62.312,62.218,0.011,0.0075
30.03.2021 06:39:46.056 GMT-0700,62.312,62.208000000000006,0.011,0.011
30.03.2021 06:39:46.156 GMT-0700,62.313,62.217,0.011,0.011
30.03.2021 06:39:46.714 GMT-0700,62.313,62.207,0.011,0.011
30.03.2021 06:39:46.815 GMT-0700,62.302,62.208000000000006,0.011,0.011
30.03.2021 06:39:48.131 GMT-0700,62.343,62.277,0.011,0.011
30.03.2021 06:39:48.181 GMT-0700,62.343,62.217,0.011,0.011
30.03.2021 06:39:48.601 GMT-0700,62.332,62.218,0.0008,0.011
30.03.2021 06:39:49.630 GMT-0700,62.342,62.218,0.011,0.011
30.03.2021 06:39:50.062 GMT-0700,62.332,62.218,0.0008,0.011
30.03.2021 06:39:50.163 GMT-0700,62.293000000000006,62.207,0.011,0.011
30.03.2021 06:39:50.263 GMT-0700,62.292,62.168000000000006,0.011,0.011
30.03.2021 06:39:50.314 GMT-0700,62.302,62.168000000000006,0.011,0.011
30.03.2021 06:39:50.655 GMT-0700,62.303000000000004,62.177,0.011,0.011
30.03.2021 06:39:50.755 GMT-0700,62.303000000000004,62.167,0.011,0.011
30.03.2021 06:39:51.839 GMT-0700,62.303000000000004,62.167,0.011,0.011
30.03.2021 06:39:52.066 GMT-0700,62.302,62.168000000000006,0.011,0.011
30.03.2021 06:39:52.953 GMT-0700,62.302,62.178000000000004,0.011,0.011
30.03.2021 06:39:53.337 GMT-0700,62.303000000000004,62.167,0.011,0.011
30.03.2021 06:39:54.099 GMT-0700,62.303000000000004,62.177,0.011,0.0075
30.03.2021 06:39:54.326 GMT-0700,62.303000000000004,62.167,0.011,0.011
30.03.2021 06:39:55.141 GMT-0700,62.302,62.248000000000005,0.011,0.011
30.03.2021 06:39:55.191 GMT-0700,62.302,62.228,0.011,0.011
30.03.2021 06:39:55.292 GMT-0700,62.372,62.168000000000006,0.011,0.011
30.03.2021 06:39:55.342 GMT-0700,62.372,62.188,0.011,0.011
30.03.2021 06:39:55.464 GMT-0700,62.302,62.188,0.011,0.011
30.03.2021 06:39:55.985 GMT-0700,62.293000000000006,62.217,0.011,0.011
30.03.2021 06:39:56.036 GMT-0700,62.302,62.218,0.011,0.011
30.03.2021 06:39:56.417 GMT-0700,62.303000000000004,62.237,0.011,0.011
30.03.2021 06:39:56.467 GMT-0700,62.293000000000006,62.177,0.011,0.011
30.03.2021 06:39:56.518 GMT-0700,62.303000000000004,62.187,0.011,0.011
30.03.2021 06:39:57.051 GMT-0700,62.303000000000004,62.187,0.0075,0.011
30.03.2021 06:39:57.101 GMT-0700,62.302,62.178000000000004,0.011,0.011
30.03.2021 06:39:57.152 GMT-0700,62.303000000000004,62.167,0.011,0.011
30.03.2021 06:39:57.202 GMT-0700,62.302,62.23800000000001,0.011,0.011
30.03.2021 06:39:57.349 GMT-0700,62.303000000000004,62.267,0.011,0.011
30.03.2021 06:39:57.399 GMT-0700,62.343,62.277,0.011,0.011
30.03.2021 06:39:57.511 GMT-0700,62.353,62.277,0.011,0.0075
30.03.2021 06:39:57.614 GMT-0700,62.382,62.278000000000006,0.011,0.011
30.03.2021 06:39:57.664 GMT-0700,62.333000000000006,62.277,0.011,0.011
30.03.2021 06:39:57.714 GMT-0700,62.332,62.268,0.011,0.011
30.03.2021 06:39:58.299 GMT-0700,62.332,62.218,0.011,0.011
30.03.2021 06:39:58.428 GMT-0700,62.332,62.218,0.011,0.011
30.03.2021 06:39:58.529 GMT-0700,62.392,62.298,0.011,0.011
30.03.2021 06:39:58.579 GMT-0700,62.382,62.298,0.011,0.011
30.03.2021 06:39:58.929 GMT-0700,62.393,62.297,0.011,0.011
