Local time,Ask,Bid,AskVolume,BidVolume
01.04.2021 06:30:01.212 GMT-0700,65.003,64.647,0.011,0.011
01.04.2021 06:30:01.386 GMT-0700,65.003,64.697,0.011,0.011
01.04.2021 06:30:01.436 GMT-0700,65.002,64.648,0.011,0.011
01.04.2021 06:30:01.616 GMT-0700,65.003,64.447,0.011,0.011
01.04.2021 06:30:01.686 GMT-0700,64.773,64.447,0.0008,0.011
01.04.2021 06:30:01.737 GMT-0700,65.002,64.44800000000001,0.011,0.011
01.04.2021 06:30:01.893 GMT-0700,64.80199999999999,64.44800000000001,0.0008,0.011
01.04.2021 06:30:01.993 GMT-0700,64.82300000000001,64.447,0.011,0.011
01.04.2021 06:30:02.043 GMT-0700,64.822,64.798,0.011,0.011
01.04.2021 06:30:02.241 GMT-0700,65.003,64.807,0.011,0.011
01.04.2021 06:30:02.661 GMT-0700,65.002,64.808,0.011,0.011
01.04.2021 06:30:03.519 GMT-0700,65.003,64.857,0.011,0.011
01.04.2021 06:30:03.619 GMT-0700,64.932,64.44800000000001,0.011,0.011
01.04.2021 06:30:03.670 GMT-0700,65.002,64.44800000000001,0.011,0.011
01.04.2021 06:30:03.783 GMT-0700,64.952,64.44800000000001,0.0008,0.011
01.04.2021 06:30:03.883 GMT-0700,65.003,64.447,0.011,0.011
01.04.2021 06:30:05.053 GMT-0700,64.893,64.447,0.0008,0.011
01.04.2021 06:30:05.103 GMT-0700,65.002,64.748,0.011,0.011
01.04.2021 06:30:05.748 GMT-0700,64.902,64.748,0.011,0.011
01.04.2021 06:30:06.100 GMT-0700,64.902,64.72800000000001,0.011,0.011
01.04.2021 06:30:06.214 GMT-0700,65.003,64.727,0.011,0.011
01.04.2021 06:30:06.821 GMT-0700,65.002,64.818,0.011,0.011
01.04.2021 06:30:06.871 GMT-0700,65.003,64.727,0.011,0.011
01.04.2021 06:30:06.922 GMT-0700,64.88300000000001,64.727,0.011,0.011
01.04.2021 06:30:06.972 GMT-0700,65.003,64.727,0.011,0.011
01.04.2021 06:30:08.076 GMT-0700,65.002,64.72800000000001,0.011,0.011
01.04.2021 06:30:08.126 GMT-0700,65.002,64.72800000000001,0.011,0.011
01.04.2021 06:30:09.506 GMT-0700,65.003,64.587,0.011,0.011
01.04.2021 06:30:10.053 GMT-0700,65.003,64.587,0.011,0.011
01.04.2021 06:30:10.104 GMT-0700,65.002,64.718,0.011,0.011
01.04.2021 06:30:10.236 GMT-0700,65.003,64.717,0.011,0.011
01.04.2021 06:30:10.286 GMT-0700,65.002,64.718,0.011,0.011
01.04.2021 06:30:11.541 GMT-0700,65.003,64.717,0.011,0.011
01.04.2021 06:30:11.858 GMT-0700,65.002,64.718,0.011,0.011
01.04.2021 06:30:11.908 GMT-0700,64.992,64.718,0.011,0.011
01.04.2021 06:30:12.357 GMT-0700,64.99300000000001,64.717,0.011,0.011
01.04.2021 06:30:12.643 GMT-0700,64.992,64.848,0.011,0.011
01.04.2021 06:30:12.743 GMT-0700,64.992,64.848,0.011,0.011
01.04.2021 06:30:13.083 GMT-0700,65.002,64.848,0.011,0.011
01.04.2021 06:30:13.183 GMT-0700,65.222,64.848,0.011,0.011
01.04.2021 06:30:13.415 GMT-0700,65.043,64.847,0.0008,0.011
01.04.2021 06:30:13.862 GMT-0700,65.043,64.847,0.011,0.011
01.04.2021 06:30:14.099 GMT-0700,65.043,64.92699999999999,0.011,0.011
01.04.2021 06:30:14.379 GMT-0700,65.042,64.958,0.011,0.0075
01.04.2021 06:30:16.055 GMT-0700,65.022,64.958,0.0008,0.011
01.04.2021 06:30:16.106 GMT-0700,65.002,64.848,0.011,0.011
01.04.2021 06:30:16.343 GMT-0700,65.042,64.848,0.011,0.011
01.04.2021 06:30:16.704 GMT-0700,65.043,64.857,0.011,0.0075
01.04.2021 06:30:16.804 GMT-0700,65.223,65.027,0.011,0.011
01.04.2021 06:30:16.981 GMT-0700,65.223,65.007,0.011,0.011
01.04.2021 06:30:17.131 GMT-0700,65.222,65.028,0.011,0.011
01.04.2021 06:30:17.232 GMT-0700,65.223,65.007,0.011,0.011
01.04.2021 06:30:17.362 GMT-0700,65.212,64.858,0.011,0.011
01.04.2021 06:30:17.488 GMT-0700,65.223,64.847,0.011,0.011
01.04.2021 06:30:17.601 GMT-0700,65.223,64.977,0.011,0.0075
01.04.2021 06:30:17.652 GMT-0700,65.222,64.938,0.011,0.011
01.04.2021 06:30:18.184 GMT-0700,64.992,64.938,0.011,0.011
01.04.2021 06:30:18.313 GMT-0700,64.972,64.938,0.0008,0.011
01.04.2021 06:30:18.363 GMT-0700,64.99300000000001,64.937,0.011,0.011
01.04.2021 06:30:20.885 GMT-0700,65.10300000000001,64.937,0.011,0.011
01.04.2021 06:30:21.480 GMT-0700,65.222,64.938,0.011,0.011
01.04.2021 06:30:21.740 GMT-0700,65.21300000000001,64.937,0.0008,0.011
01.04.2021 06:30:21.864 GMT-0700,65.10300000000001,64.937,0.0008,0.011
01.04.2021 06:30:21.915 GMT-0700,65.223,64.937,0.011,0.011
01.04.2021 06:30:21.989 GMT-0700,65.223,64.947,0.011,0.0075
01.04.2021 06:30:22.586 GMT-0700,65.072,64.94800000000001,0.0008,0.011
01.04.2021 06:30:25.348 GMT-0700,65.212,65.00800000000001,0.011,0.011
01.04.2021 06:30:25.449 GMT-0700,65.342,64.94800000000001,0.011,0.011
01.04.2021 06:30:25.580 GMT-0700,65.342,64.94800000000001,0.011,0.011
01.04.2021 06:30:25.681 GMT-0700,65.273,65.017,0.011,0.011
01.04.2021 06:30:25.774 GMT-0700,65.202,64.94800000000001,0.0075,0.011
01.04.2021 06:30:25.825 GMT-0700,65.313,64.947,0.011,0.011
01.04.2021 06:30:25.875 GMT-0700,65.313,65.017,0.011,0.011
01.04.2021 06:30:26.237 GMT-0700,65.303,65.027,0.011,0.011
01.04.2021 06:30:26.356 GMT-0700,65.313,65.017,0.011,0.011
01.04.2021 06:30:26.437 GMT-0700,65.313,65.017,0.0075,0.011
01.04.2021 06:30:26.487 GMT-0700,65.472,65.018,0.011,0.011
01.04.2021 06:30:26.537 GMT-0700,65.35300000000001,65.017,0.011,0.011
01.04.2021 06:30:26.588 GMT-0700,65.473,65.017,0.011,0.011
01.04.2021 06:30:26.681 GMT-0700,65.373,65.017,0.0008,0.011
01.04.2021 06:30:27.556 GMT-0700,65.263,65.017,0.011,0.011
01.04.2021 06:30:27.607 GMT-0700,65.262,65.018,0.011,0.011
01.04.2021 06:30:27.657 GMT-0700,65.262,65.08800000000001,0.011,0.011
01.04.2021 06:30:28.980 GMT-0700,65.262,65.08800000000001,0.011,0.011
01.04.2021 06:30:29.128 GMT-0700,65.253,65.167,0.011,0.011
01.04.2021 06:30:29.275 GMT-0700,65.263,65.167,0.011,0.011
01.04.2021 06:30:29.326 GMT-0700,65.312,65.178,0.011,0.011
01.04.2021 06:30:29.426 GMT-0700,65.242,65.178,0.011,0.011
01.04.2021 06:30:29.620 GMT-0700,65.193,65.007,0.0075,0.011
01.04.2021 06:30:29.670 GMT-0700,65.313,65.057,0.011,0.011
01.04.2021 06:30:29.882 GMT-0700,65.303,65.057,0.0008,0.011
01.04.2021 06:30:30.040 GMT-0700,65.312,65.058,0.011,0.011
01.04.2021 06:30:30.258 GMT-0700,65.313,65.057,0.011,0.011
01.04.2021 06:30:30.308 GMT-0700,65.312,65.058,0.011,0.011
01.04.2021 06:30:30.358 GMT-0700,65.32300000000001,65.127,0.011,0.011
01.04.2021 06:30:30.562 GMT-0700,65.322,65.00800000000001,0.011,0.011
01.04.2021 06:30:30.612 GMT-0700,65.32300000000001,65.127,0.011,0.011
01.04.2021 06:30:30.663 GMT-0700,65.472,65.128,0.011,0.011
01.04.2021 06:30:30.856 GMT-0700,65.352,65.128,0.011,0.011
01.04.2021 06:30:30.974 GMT-0700,65.342,65.128,0.011,0.011
01.04.2021 06:30:31.133 GMT-0700,65.332,65.128,0.011,0.011
01.04.2021 06:30:31.197 GMT-0700,65.342,65.11800000000001,0.011,0.011
01.04.2021 06:30:31.494 GMT-0700,65.342,65.11800000000001,0.011,0.011
01.04.2021 06:30:31.678 GMT-0700,65.282,65.188,0.011,0.0075
01.04.2021 06:30:31.729 GMT-0700,65.283,65.007,0.011,0.011
01.04.2021 06:30:31.779 GMT-0700,65.282,65.128,0.011,0.011
01.04.2021 06:30:31.988 GMT-0700,65.293,65.187,0.011,0.011
01.04.2021 06:30:32.784 GMT-0700,65.212,65.175,0.0008,0.0075
01.04.2021 06:30:32.834 GMT-0700,65.21300000000001,65.017,0.011,0.011
01.04.2021 06:30:32.885 GMT-0700,65.212,65.128,0.011,0.011
01.04.2021 06:30:33.532 GMT-0700,65.21300000000001,65.127,0.011,0.011
01.04.2021 06:30:33.696 GMT-0700,65.212,65.128,0.011,0.011
01.04.2021 06:30:33.915 GMT-0700,65.212,65.19800000000001,0.0008,0.0075
01.04.2021 06:30:33.966 GMT-0700,65.293,65.127,0.011,0.011
01.04.2021 06:30:34.264 GMT-0700,65.292,65.128,0.011,0.011
01.04.2021 06:30:34.314 GMT-0700,65.363,65.197,0.011,0.011
01.04.2021 06:30:34.377 GMT-0700,65.363,65.217,0.011,0.011
01.04.2021 06:30:34.427 GMT-0700,65.363,65.197,0.011,0.011
01.04.2021 06:30:34.737 GMT-0700,65.46300000000001,65.197,0.011,0.011
01.04.2021 06:30:34.816 GMT-0700,65.472,65.19800000000001,0.011,0.011
01.04.2021 06:30:34.907 GMT-0700,65.472,65.238,0.011,0.011
01.04.2021 06:30:35.428 GMT-0700,65.402,65.238,0.011,0.011
01.04.2021 06:30:35.637 GMT-0700,65.322,65.238,0.011,0.011
01.04.2021 06:30:36.197 GMT-0700,65.30199999999999,65.248,0.0075,0.0075
01.04.2021 06:30:36.248 GMT-0700,65.322,65.248,0.011,0.011
01.04.2021 06:30:36.710 GMT-0700,65.222,65.158,0.011,0.011
01.04.2021 06:30:36.811 GMT-0700,65.212,65.158,0.011,0.011
01.04.2021 06:30:36.912 GMT-0700,65.232,64.988,0.011,0.011
01.04.2021 06:30:36.962 GMT-0700,65.233,65.137,0.011,0.011
01.04.2021 06:30:37.012 GMT-0700,65.232,64.988,0.011,0.011
01.04.2021 06:30:37.181 GMT-0700,65.322,64.988,0.011,0.011
01.04.2021 06:30:37.308 GMT-0700,65.32300000000001,65.107,0.011,0.011
01.04.2021 06:30:37.610 GMT-0700,65.322,65.108,0.011,0.011
01.04.2021 06:30:38.084 GMT-0700,65.252,65.188,0.0008,0.0075
01.04.2021 06:30:38.135 GMT-0700,65.332,65.108,0.011,0.011
01.04.2021 06:30:38.185 GMT-0700,65.322,65.108,0.011,0.011
01.04.2021 06:30:38.972 GMT-0700,65.312,65.108,0.0008,0.011
01.04.2021 06:30:39.022 GMT-0700,65.332,65.108,0.011,0.011
01.04.2021 06:30:39.107 GMT-0700,65.332,65.108,0.011,0.011
01.04.2021 06:30:39.208 GMT-0700,65.32300000000001,65.217,0.011,0.011
01.04.2021 06:30:39.962 GMT-0700,65.332,65.288,0.011,0.011
01.04.2021 06:30:40.012 GMT-0700,65.55199999999999,65.218,0.011,0.011
01.04.2021 06:30:41.056 GMT-0700,65.543,65.217,0.0008,0.011
01.04.2021 06:30:41.107 GMT-0700,65.55199999999999,65.218,0.011,0.011
01.04.2021 06:30:41.744 GMT-0700,65.432,65.218,0.011,0.011
01.04.2021 06:30:41.917 GMT-0700,65.342,65.218,0.0075,0.011
01.04.2021 06:30:42.079 GMT-0700,65.422,65.218,0.011,0.011
01.04.2021 06:30:42.130 GMT-0700,65.55199999999999,65.218,0.011,0.011
01.04.2021 06:30:42.186 GMT-0700,65.412,65.218,0.0008,0.011
01.04.2021 06:30:43.216 GMT-0700,65.342,65.218,0.0075,0.011
01.04.2021 06:30:44.683 GMT-0700,65.343,65.217,0.0075,0.011
01.04.2021 06:30:44.734 GMT-0700,65.412,65.268,0.011,0.011
01.04.2021 06:30:46.471 GMT-0700,65.392,65.288,0.011,0.011
01.04.2021 06:30:46.522 GMT-0700,65.46300000000001,65.287,0.011,0.011
01.04.2021 06:30:46.581 GMT-0700,65.422,65.288,0.011,0.011
01.04.2021 06:30:46.842 GMT-0700,65.422,65.395,0.0008,0.0075
01.04.2021 06:30:46.892 GMT-0700,65.502,65.288,0.011,0.011
01.04.2021 06:30:46.970 GMT-0700,65.503,65.287,0.011,0.011
01.04.2021 06:30:47.149 GMT-0700,65.482,65.298,0.0075,0.011
01.04.2021 06:30:47.505 GMT-0700,65.482,65.298,0.011,0.011
01.04.2021 06:30:47.555 GMT-0700,65.473,65.297,0.011,0.011
01.04.2021 06:30:48.081 GMT-0700,65.483,65.297,0.011,0.011
01.04.2021 06:30:48.360 GMT-0700,65.472,65.298,0.0008,0.011
01.04.2021 06:30:48.575 GMT-0700,65.483,65.297,0.011,0.011
01.04.2021 06:30:48.799 GMT-0700,65.482,65.268,0.011,0.011
01.04.2021 06:30:48.849 GMT-0700,65.482,65.328,0.011,0.011
01.04.2021 06:30:49.059 GMT-0700,65.452,65.328,0.0075,0.011
01.04.2021 06:30:49.109 GMT-0700,65.472,65.328,0.011,0.011
01.04.2021 06:30:49.234 GMT-0700,65.483,65.327,0.011,0.011
01.04.2021 06:30:49.686 GMT-0700,65.483,65.267,0.011,0.011
01.04.2021 06:30:49.736 GMT-0700,65.482,65.348,0.011,0.011
01.04.2021 06:30:50.050 GMT-0700,65.483,65.347,0.0075,0.011
01.04.2021 06:30:50.101 GMT-0700,65.653,65.347,0.011,0.011
01.04.2021 06:30:50.151 GMT-0700,65.49300000000001,65.347,0.011,0.011
01.04.2021 06:30:50.398 GMT-0700,65.55199999999999,65.348,0.011,0.011
01.04.2021 06:30:50.554 GMT-0700,65.492,65.348,0.0075,0.011
01.04.2021 06:30:51.106 GMT-0700,65.483,65.387,0.011,0.011
01.04.2021 06:30:51.156 GMT-0700,65.49300000000001,65.377,0.011,0.011
01.04.2021 06:30:51.212 GMT-0700,65.482,65.378,0.0008,0.011
01.04.2021 06:30:51.313 GMT-0700,65.593,65.377,0.011,0.011
01.04.2021 06:30:51.363 GMT-0700,65.553,65.377,0.011,0.011
01.04.2021 06:30:51.489 GMT-0700,65.492,65.378,0.0008,0.011
01.04.2021 06:30:51.861 GMT-0700,65.652,65.408,0.011,0.011
01.04.2021 06:30:51.911 GMT-0700,65.553,65.407,0.011,0.011
01.04.2021 06:30:52.487 GMT-0700,65.543,65.407,0.011,0.011
01.04.2021 06:30:52.537 GMT-0700,65.553,65.407,0.011,0.011
01.04.2021 06:30:52.988 GMT-0700,65.49300000000001,65.407,0.0008,0.011
01.04.2021 06:30:53.038 GMT-0700,65.653,65.407,0.011,0.011
01.04.2021 06:30:53.088 GMT-0700,65.483,65.407,0.011,0.011
01.04.2021 06:30:53.139 GMT-0700,65.492,65.408,0.011,0.011
01.04.2021 06:30:53.364 GMT-0700,65.432,65.408,0.011,0.011
01.04.2021 06:30:53.415 GMT-0700,65.492,65.348,0.011,0.011
01.04.2021 06:30:54.214 GMT-0700,65.502,65.268,0.011,0.011
01.04.2021 06:30:54.265 GMT-0700,65.502,65.438,0.011,0.011
01.04.2021 06:30:54.391 GMT-0700,65.458,65.437,0.0008,0.011
01.04.2021 06:30:54.441 GMT-0700,65.502,65.388,0.011,0.011
01.04.2021 06:30:55.714 GMT-0700,65.46300000000001,65.387,0.0008,0.011
01.04.2021 06:30:55.765 GMT-0700,65.502,65.388,0.011,0.011
01.04.2021 06:30:56.277 GMT-0700,65.492,65.388,0.0008,0.011
01.04.2021 06:30:56.328 GMT-0700,65.503,65.387,0.011,0.011
01.04.2021 06:30:56.636 GMT-0700,65.443,65.387,0.0008,0.011
01.04.2021 06:30:57.321 GMT-0700,65.443,65.387,0.011,0.011
01.04.2021 06:30:58.026 GMT-0700,65.432,65.398,0.011,0.011
01.04.2021 06:30:58.077 GMT-0700,65.432,65.388,0.011,0.011
01.04.2021 06:30:58.539 GMT-0700,65.412,65.288,0.0075,0.011
01.04.2021 06:30:58.589 GMT-0700,65.38300000000001,65.287,0.011,0.011
01.04.2021 06:30:58.689 GMT-0700,65.472,65.288,0.011,0.011
01.04.2021 06:30:58.896 GMT-0700,65.403,65.287,0.0008,0.011
01.04.2021 06:30:59.037 GMT-0700,65.402,65.33800000000001,0.011,0.0075
01.04.2021 06:30:59.299 GMT-0700,65.403,65.277,0.011,0.011
01.04.2021 06:30:59.706 GMT-0700,65.403,65.277,0.011,0.011
01.04.2021 06:30:59.807 GMT-0700,65.452,65.348,0.011,0.011
01.04.2021 06:30:59.917 GMT-0700,65.393,65.337,0.011,0.011
01.04.2021 06:30:59.968 GMT-0700,65.393,65.337,0.011,0.011
01.04.2021 06:31:00.517 GMT-0700,65.393,65.347,0.011,0.0075
01.04.2021 06:31:00.713 GMT-0700,65.393,65.337,0.011,0.011
01.04.2021 06:31:01.087 GMT-0700,65.363,65.287,0.011,0.011
01.04.2021 06:31:01.815 GMT-0700,65.362,65.318,0.011,0.0075
01.04.2021 06:31:02.631 GMT-0700,65.365,65.318,0.0075,0.011
01.04.2021 06:31:02.681 GMT-0700,65.35300000000001,65.317,0.011,0.011
01.04.2021 06:31:03.019 GMT-0700,65.362,65.328,0.011,0.011
01.04.2021 06:31:03.070 GMT-0700,65.362,65.318,0.011,0.011
01.04.2021 06:31:03.288 GMT-0700,65.363,65.327,0.011,0.0075
01.04.2021 06:31:03.868 GMT-0700,65.432,65.328,0.011,0.011
01.04.2021 06:31:04.395 GMT-0700,65.433,65.337,0.011,0.0075
01.04.2021 06:31:04.445 GMT-0700,65.433,65.327,0.011,0.011
01.04.2021 06:31:04.522 GMT-0700,65.422,65.328,0.0008,0.011
01.04.2021 06:31:04.572 GMT-0700,65.433,65.327,0.011,0.011
01.04.2021 06:31:04.977 GMT-0700,65.433,65.327,0.011,0.011
01.04.2021 06:31:05.079 GMT-0700,65.433,65.397,0.0008,0.0075
01.04.2021 06:31:05.130 GMT-0700,65.492,65.398,0.011,0.011
01.04.2021 06:31:05.383 GMT-0700,65.49300000000001,65.377,0.011,0.011
01.04.2021 06:31:05.434 GMT-0700,65.49300000000001,65.377,0.011,0.011
01.04.2021 06:31:06.672 GMT-0700,65.49300000000001,65.377,0.011,0.011
01.04.2021 06:31:06.722 GMT-0700,65.492,65.378,0.011,0.011
01.04.2021 06:31:07.545 GMT-0700,65.482,65.378,0.0075,0.011
01.04.2021 06:31:07.694 GMT-0700,65.46300000000001,65.377,0.0008,0.011
01.04.2021 06:31:07.745 GMT-0700,65.46300000000001,65.277,0.011,0.011
01.04.2021 06:31:07.795 GMT-0700,65.473,65.377,0.011,0.011
01.04.2021 06:31:07.845 GMT-0700,65.483,65.377,0.011,0.011
01.04.2021 06:31:08.787 GMT-0700,65.472,65.288,0.011,0.011
01.04.2021 06:31:08.837 GMT-0700,65.483,65.307,0.011,0.011
01.04.2021 06:31:08.957 GMT-0700,65.482,65.278,0.011,0.011
01.04.2021 06:31:09.030 GMT-0700,65.483,65.327,0.011,0.0075
01.04.2021 06:31:09.213 GMT-0700,65.483,65.327,0.011,0.011
01.04.2021 06:31:09.263 GMT-0700,65.482,65.328,0.011,0.011
01.04.2021 06:31:09.709 GMT-0700,65.482,65.328,0.011,0.011
01.04.2021 06:31:10.012 GMT-0700,65.482,65.33800000000001,0.011,0.011
01.04.2021 06:31:10.131 GMT-0700,65.472,65.358,0.011,0.011
01.04.2021 06:31:10.360 GMT-0700,65.483,65.277,0.011,0.011
01.04.2021 06:31:10.410 GMT-0700,65.482,65.318,0.011,0.011
01.04.2021 06:31:11.415 GMT-0700,65.483,65.387,0.011,0.0075
01.04.2021 06:31:11.516 GMT-0700,65.433,65.287,0.011,0.011
01.04.2021 06:31:11.626 GMT-0700,65.462,65.278,0.0008,0.011
01.04.2021 06:31:11.726 GMT-0700,65.372,65.328,0.011,0.011
01.04.2021 06:31:12.218 GMT-0700,65.378,65.367,0.0008,0.0075
01.04.2021 06:31:12.268 GMT-0700,65.443,65.327,0.011,0.011
01.04.2021 06:31:12.324 GMT-0700,65.442,65.33800000000001,0.011,0.011
01.04.2021 06:31:12.433 GMT-0700,65.443,65.327,0.011,0.011
01.04.2021 06:31:12.594 GMT-0700,65.523,65.327,0.011,0.011
01.04.2021 06:31:12.645 GMT-0700,65.482,65.328,0.011,0.011
01.04.2021 06:31:13.083 GMT-0700,65.472,65.328,0.011,0.011
01.04.2021 06:31:13.185 GMT-0700,65.482,65.328,0.011,0.011
01.04.2021 06:31:13.821 GMT-0700,65.433,65.337,0.0075,0.0075
01.04.2021 06:31:13.871 GMT-0700,65.432,65.328,0.011,0.011
01.04.2021 06:31:15.879 GMT-0700,65.423,65.327,0.0008,0.011
01.04.2021 06:31:15.929 GMT-0700,65.432,65.328,0.011,0.011
01.04.2021 06:31:18.297 GMT-0700,65.432,65.33800000000001,0.011,0.011
01.04.2021 06:31:18.834 GMT-0700,65.433,65.277,0.011,0.011
01.04.2021 06:31:19.017 GMT-0700,65.38300000000001,65.277,0.0075,0.011
01.04.2021 06:31:19.315 GMT-0700,65.342,65.278,0.0008,0.011
01.04.2021 06:31:19.384 GMT-0700,65.372,65.278,0.011,0.011
01.04.2021 06:31:19.435 GMT-0700,65.38300000000001,65.277,0.011,0.011
01.04.2021 06:31:20.539 GMT-0700,65.372,65.278,0.0075,0.011
01.04.2021 06:31:20.640 GMT-0700,65.382,65.318,0.011,0.011
01.04.2021 06:31:21.686 GMT-0700,65.382,65.278,0.011,0.011
01.04.2021 06:31:21.742 GMT-0700,65.452,65.278,0.011,0.011
01.04.2021 06:31:21.792 GMT-0700,65.442,65.288,0.011,0.011
01.04.2021 06:31:21.842 GMT-0700,65.453,65.277,0.011,0.011
01.04.2021 06:31:22.615 GMT-0700,65.443,65.277,0.0008,0.011
01.04.2021 06:31:22.666 GMT-0700,65.453,65.277,0.011,0.011
01.04.2021 06:31:23.169 GMT-0700,65.38300000000001,65.277,0.0075,0.011
01.04.2021 06:31:23.220 GMT-0700,65.373,65.217,0.011,0.011
01.04.2021 06:31:23.320 GMT-0700,65.262,65.178,0.011,0.011
01.04.2021 06:31:23.370 GMT-0700,65.262,65.168,0.011,0.011
01.04.2021 06:31:23.424 GMT-0700,65.263,65.17699999999999,0.0008,0.0075
01.04.2021 06:31:23.474 GMT-0700,65.342,65.168,0.011,0.011
01.04.2021 06:31:23.825 GMT-0700,65.342,65.208,0.011,0.0075
01.04.2021 06:31:24.164 GMT-0700,65.332,65.208,0.0008,0.011
01.04.2021 06:31:24.264 GMT-0700,65.342,65.208,0.011,0.011
01.04.2021 06:31:24.604 GMT-0700,65.342,65.148,0.011,0.011
01.04.2021 06:31:24.792 GMT-0700,65.24300000000001,65.157,0.011,0.011
01.04.2021 06:31:24.899 GMT-0700,65.24300000000001,65.147,0.011,0.011
01.04.2021 06:31:25.047 GMT-0700,65.233,65.147,0.0008,0.011
01.04.2021 06:31:25.148 GMT-0700,65.242,65.188,0.011,0.011
01.04.2021 06:31:25.306 GMT-0700,65.242,65.188,0.011,0.011
01.04.2021 06:31:25.357 GMT-0700,65.283,65.197,0.011,0.011
01.04.2021 06:31:25.457 GMT-0700,65.333,65.217,0.011,0.011
01.04.2021 06:31:25.508 GMT-0700,65.352,65.218,0.011,0.011
01.04.2021 06:31:25.683 GMT-0700,65.35300000000001,65.217,0.011,0.011
01.04.2021 06:31:26.086 GMT-0700,65.35300000000001,65.167,0.011,0.011
01.04.2021 06:31:26.136 GMT-0700,65.352,65.178,0.011,0.011
01.04.2021 06:31:26.186 GMT-0700,65.352,65.168,0.011,0.011
01.04.2021 06:31:26.719 GMT-0700,65.303,65.167,0.0008,0.011
01.04.2021 06:31:27.293 GMT-0700,65.273,65.167,0.0008,0.011
01.04.2021 06:31:27.520 GMT-0700,65.272,65.168,0.011,0.011
01.04.2021 06:31:28.179 GMT-0700,65.273,65.17699999999999,0.011,0.011
01.04.2021 06:31:28.295 GMT-0700,65.273,65.167,0.011,0.011
01.04.2021 06:31:28.593 GMT-0700,65.30199999999999,65.168,0.011,0.011
01.04.2021 06:31:28.852 GMT-0700,65.35300000000001,65.17699999999999,0.011,0.011
01.04.2021 06:31:28.974 GMT-0700,65.35300000000001,65.167,0.011,0.011
01.04.2021 06:31:29.421 GMT-0700,65.283,65.167,0.011,0.011
01.04.2021 06:31:29.767 GMT-0700,65.282,65.178,0.011,0.011
01.04.2021 06:31:29.817 GMT-0700,65.283,65.167,0.011,0.011
01.04.2021 06:31:30.184 GMT-0700,65.283,65.167,0.0075,0.011
01.04.2021 06:31:30.234 GMT-0700,65.342,65.178,0.011,0.011
01.04.2021 06:31:30.285 GMT-0700,65.35300000000001,65.17699999999999,0.011,0.011
01.04.2021 06:31:30.350 GMT-0700,65.332,65.178,0.0008,0.011
01.04.2021 06:31:30.400 GMT-0700,65.352,65.248,0.011,0.011
01.04.2021 06:31:30.664 GMT-0700,65.35300000000001,65.247,0.011,0.011
01.04.2021 06:31:30.764 GMT-0700,65.35300000000001,65.257,0.011,0.011
01.04.2021 06:31:31.278 GMT-0700,65.35300000000001,65.267,0.011,0.011
01.04.2021 06:31:31.429 GMT-0700,65.332,65.25800000000001,0.011,0.011
01.04.2021 06:31:31.632 GMT-0700,65.333,65.267,0.011,0.011
01.04.2021 06:31:32.270 GMT-0700,65.333,65.247,0.011,0.011
01.04.2021 06:31:32.923 GMT-0700,65.32300000000001,65.247,0.0075,0.011
01.04.2021 06:31:32.985 GMT-0700,65.272,65.168,0.011,0.011
01.04.2021 06:31:33.036 GMT-0700,65.272,65.188,0.011,0.011
01.04.2021 06:31:33.086 GMT-0700,65.333,65.197,0.011,0.011
01.04.2021 06:31:33.405 GMT-0700,65.403,65.197,0.011,0.011
01.04.2021 06:31:33.521 GMT-0700,65.402,65.19800000000001,0.011,0.011
01.04.2021 06:31:33.622 GMT-0700,65.402,65.19800000000001,0.011,0.011
01.04.2021 06:31:34.381 GMT-0700,65.392,65.208,0.0075,0.0075
01.04.2021 06:31:34.482 GMT-0700,65.393,65.197,0.011,0.011
01.04.2021 06:31:34.552 GMT-0700,65.392,65.208,0.011,0.011
01.04.2021 06:31:35.009 GMT-0700,65.403,65.207,0.011,0.011
01.04.2021 06:31:35.728 GMT-0700,65.392,65.218,0.011,0.011
01.04.2021 06:31:36.083 GMT-0700,65.402,65.208,0.011,0.011
01.04.2021 06:31:36.318 GMT-0700,65.332,65.208,0.0008,0.011
01.04.2021 06:31:36.368 GMT-0700,65.393,65.207,0.011,0.011
01.04.2021 06:31:36.468 GMT-0700,65.432,65.208,0.011,0.011
01.04.2021 06:31:36.518 GMT-0700,65.38300000000001,65.207,0.011,0.011
01.04.2021 06:31:36.694 GMT-0700,65.38300000000001,65.207,0.011,0.011
01.04.2021 06:31:36.745 GMT-0700,65.433,65.267,0.011,0.011
01.04.2021 06:31:36.808 GMT-0700,65.382,65.268,0.0075,0.011
01.04.2021 06:31:37.345 GMT-0700,65.372,65.268,0.0075,0.011
01.04.2021 06:31:37.396 GMT-0700,65.372,65.268,0.011,0.011
01.04.2021 06:31:37.532 GMT-0700,65.372,65.268,0.011,0.011
01.04.2021 06:31:37.633 GMT-0700,65.382,65.208,0.011,0.011
01.04.2021 06:31:37.915 GMT-0700,65.38300000000001,65.207,0.011,0.011
01.04.2021 06:31:38.117 GMT-0700,65.382,65.208,0.011,0.011
01.04.2021 06:31:38.226 GMT-0700,65.372,65.208,0.0075,0.011
01.04.2021 06:31:38.386 GMT-0700,65.382,65.208,0.011,0.011
01.04.2021 06:31:38.436 GMT-0700,65.38300000000001,65.207,0.011,0.011
01.04.2021 06:31:38.592 GMT-0700,65.38300000000001,65.207,0.0075,0.011
01.04.2021 06:31:38.642 GMT-0700,65.442,65.218,0.011,0.011
01.04.2021 06:31:38.743 GMT-0700,65.442,65.33800000000001,0.011,0.011
01.04.2021 06:31:38.794 GMT-0700,65.483,65.287,0.011,0.011
01.04.2021 06:31:39.135 GMT-0700,65.483,65.277,0.011,0.011
01.04.2021 06:31:39.185 GMT-0700,65.433,65.307,0.011,0.011
01.04.2021 06:31:39.651 GMT-0700,65.433,65.297,0.011,0.011
01.04.2021 06:31:40.581 GMT-0700,65.49300000000001,65.277,0.011,0.011
01.04.2021 06:31:40.895 GMT-0700,65.382,65.278,0.011,0.011
01.04.2021 06:31:41.193 GMT-0700,65.443,65.277,0.011,0.011
01.04.2021 06:31:41.349 GMT-0700,65.452,65.278,0.011,0.011
01.04.2021 06:31:41.399 GMT-0700,65.392,65.278,0.011,0.011
01.04.2021 06:31:41.922 GMT-0700,65.392,65.278,0.011,0.011
01.04.2021 06:31:41.972 GMT-0700,65.392,65.278,0.011,0.011
01.04.2021 06:31:42.910 GMT-0700,65.393,65.277,0.011,0.011
01.04.2021 06:31:43.048 GMT-0700,65.303,65.217,0.011,0.011
01.04.2021 06:31:43.099 GMT-0700,65.38300000000001,65.267,0.011,0.011
01.04.2021 06:31:44.992 GMT-0700,65.362,65.238,0.011,0.011
01.04.2021 06:31:45.477 GMT-0700,65.352,65.238,0.0008,0.011
01.04.2021 06:31:45.527 GMT-0700,65.412,65.238,0.011,0.011
01.04.2021 06:31:46.526 GMT-0700,65.402,65.238,0.0075,0.011
01.04.2021 06:31:46.626 GMT-0700,65.412,65.238,0.011,0.011
01.04.2021 06:31:47.204 GMT-0700,65.35300000000001,65.237,0.0008,0.011
01.04.2021 06:31:47.500 GMT-0700,65.352,65.328,0.0008,0.0075
01.04.2021 06:31:47.550 GMT-0700,65.412,65.238,0.011,0.011
01.04.2021 06:31:47.772 GMT-0700,65.403,65.237,0.0008,0.011
01.04.2021 06:31:47.823 GMT-0700,65.412,65.238,0.011,0.011
01.04.2021 06:31:47.985 GMT-0700,65.322,65.238,0.0008,0.011
01.04.2021 06:31:48.036 GMT-0700,65.322,65.178,0.011,0.011
01.04.2021 06:31:48.160 GMT-0700,65.32300000000001,65.217,0.011,0.011
01.04.2021 06:31:49.775 GMT-0700,65.30199999999999,65.218,0.0008,0.011
01.04.2021 06:31:50.170 GMT-0700,65.30199999999999,65.22800000000001,0.011,0.0075
01.04.2021 06:31:50.313 GMT-0700,65.30199999999999,65.218,0.011,0.011
01.04.2021 06:31:51.042 GMT-0700,65.30199999999999,65.22800000000001,0.011,0.0075
01.04.2021 06:31:51.629 GMT-0700,65.292,65.22800000000001,0.0008,0.011
01.04.2021 06:31:51.679 GMT-0700,65.30199999999999,65.22800000000001,0.011,0.011
01.04.2021 06:31:52.047 GMT-0700,65.293,65.227,0.011,0.011
01.04.2021 06:31:52.962 GMT-0700,65.282,65.22800000000001,0.0008,0.011
01.04.2021 06:31:53.012 GMT-0700,65.292,65.22800000000001,0.011,0.011
01.04.2021 06:31:53.144 GMT-0700,65.282,65.11800000000001,0.011,0.011
01.04.2021 06:31:53.195 GMT-0700,65.212,65.11800000000001,0.011,0.011
01.04.2021 06:31:53.295 GMT-0700,65.212,65.068,0.011,0.011
01.04.2021 06:31:54.118 GMT-0700,65.21300000000001,65.017,0.011,0.011
01.04.2021 06:31:54.269 GMT-0700,65.21300000000001,65.007,0.011,0.011
01.04.2021 06:31:54.755 GMT-0700,65.13300000000001,65.007,0.011,0.011
01.04.2021 06:31:56.297 GMT-0700,65.21300000000001,65.007,0.011,0.011
01.04.2021 06:31:58.291 GMT-0700,65.162,65.00800000000001,0.0008,0.011
01.04.2021 06:31:58.581 GMT-0700,65.162,64.988,0.011,0.011
01.04.2021 06:31:58.650 GMT-0700,65.162,65.038,0.011,0.0075
01.04.2021 06:31:59.241 GMT-0700,65.192,65.038,0.011,0.011
01.04.2021 06:31:59.342 GMT-0700,65.202,65.038,0.011,0.011
01.04.2021 06:31:59.547 GMT-0700,65.21300000000001,65.037,0.011,0.011
01.04.2021 06:31:59.990 GMT-0700,65.203,65.037,0.0008,0.011
01.04.2021 06:32:00.040 GMT-0700,65.212,65.038,0.011,0.011
01.04.2021 06:32:00.109 GMT-0700,65.202,65.038,0.0008,0.011
01.04.2021 06:32:00.482 GMT-0700,65.13300000000001,65.037,0.0008,0.011
01.04.2021 06:32:00.533 GMT-0700,65.212,65.078,0.011,0.011
01.04.2021 06:32:00.633 GMT-0700,65.21300000000001,65.007,0.011,0.011
01.04.2021 06:32:00.878 GMT-0700,65.212,65.108,0.011,0.0075
01.04.2021 06:32:00.929 GMT-0700,65.21300000000001,65.007,0.011,0.011
01.04.2021 06:32:00.979 GMT-0700,65.212,65.08800000000001,0.011,0.011
01.04.2021 06:32:01.096 GMT-0700,65.212,65.00800000000001,0.011,0.011
01.04.2021 06:32:01.258 GMT-0700,65.173,65.007,0.0075,0.011
01.04.2021 06:32:01.308 GMT-0700,65.282,65.00800000000001,0.011,0.011
01.04.2021 06:32:01.358 GMT-0700,65.24300000000001,65.007,0.011,0.011
01.04.2021 06:32:01.459 GMT-0700,65.212,64.968,0.011,0.011
01.04.2021 06:32:01.521 GMT-0700,65.212,64.968,0.011,0.011
01.04.2021 06:32:02.095 GMT-0700,65.212,65.028,0.011,0.011
01.04.2021 06:32:02.146 GMT-0700,65.263,65.087,0.011,0.011
01.04.2021 06:32:02.196 GMT-0700,65.192,65.08800000000001,0.011,0.011
01.04.2021 06:32:03.020 GMT-0700,65.193,65.117,0.011,0.0075
01.04.2021 06:32:03.071 GMT-0700,65.193,65.027,0.011,0.011
01.04.2021 06:32:03.121 GMT-0700,65.192,65.048,0.011,0.011
01.04.2021 06:32:03.454 GMT-0700,65.193,65.047,0.011,0.011
01.04.2021 06:32:04.650 GMT-0700,65.192,65.068,0.011,0.011
01.04.2021 06:32:04.751 GMT-0700,65.163,65.047,0.011,0.011
01.04.2021 06:32:04.901 GMT-0700,65.173,65.087,0.011,0.011
01.04.2021 06:32:04.951 GMT-0700,65.183,65.087,0.011,0.011
01.04.2021 06:32:05.002 GMT-0700,65.172,65.08800000000001,0.011,0.011
01.04.2021 06:32:05.175 GMT-0700,65.183,65.087,0.011,0.011
01.04.2021 06:32:05.491 GMT-0700,65.193,65.087,0.011,0.011
01.04.2021 06:32:06.921 GMT-0700,65.112,64.988,0.011,0.011
01.04.2021 06:32:06.972 GMT-0700,65.173,64.987,0.011,0.011
01.04.2021 06:32:07.022 GMT-0700,65.102,64.97800000000001,0.011,0.011
01.04.2021 06:32:07.149 GMT-0700,65.093,64.967,0.011,0.011
01.04.2021 06:32:07.199 GMT-0700,65.093,65.027,0.011,0.011
01.04.2021 06:32:07.749 GMT-0700,65.093,65.037,0.011,0.011
01.04.2021 06:32:07.851 GMT-0700,65.092,65.028,0.011,0.011
01.04.2021 06:32:08.462 GMT-0700,65.132,65.028,0.011,0.011
01.04.2021 06:32:08.982 GMT-0700,65.063,65.027,0.0008,0.0075
01.04.2021 06:32:09.032 GMT-0700,65.05199999999999,64.94800000000001,0.011,0.011
01.04.2021 06:32:09.083 GMT-0700,65.05199999999999,64.998,0.011,0.011
01.04.2021 06:32:09.186 GMT-0700,65.003,64.917,0.011,0.011
01.04.2021 06:32:09.237 GMT-0700,65.032,64.918,0.011,0.011
01.04.2021 06:32:09.995 GMT-0700,65.032,64.86800000000001,0.011,0.011
01.04.2021 06:32:10.046 GMT-0700,65.032,64.86800000000001,0.011,0.011
01.04.2021 06:32:10.192 GMT-0700,65.05199999999999,64.86800000000001,0.011,0.011
01.04.2021 06:32:11.145 GMT-0700,65.042,64.86800000000001,0.0008,0.011
01.04.2021 06:32:11.313 GMT-0700,65.043,64.867,0.011,0.011
01.04.2021 06:32:12.281 GMT-0700,65.042,64.878,0.011,0.011
01.04.2021 06:32:12.331 GMT-0700,65.042,64.878,0.011,0.011
01.04.2021 06:32:12.832 GMT-0700,65.042,64.878,0.011,0.011
01.04.2021 06:32:13.145 GMT-0700,65.042,64.878,0.011,0.011
01.04.2021 06:32:13.195 GMT-0700,64.973,64.827,0.011,0.011
01.04.2021 06:32:13.246 GMT-0700,65.032,64.828,0.011,0.011
01.04.2021 06:32:13.346 GMT-0700,65.023,64.817,0.011,0.011
01.04.2021 06:32:13.686 GMT-0700,64.983,64.817,0.011,0.011
01.04.2021 06:32:13.954 GMT-0700,64.983,64.817,0.011,0.011
01.04.2021 06:32:14.199 GMT-0700,64.983,64.817,0.011,0.011
01.04.2021 06:32:14.336 GMT-0700,64.983,64.877,0.011,0.0075
01.04.2021 06:32:14.760 GMT-0700,64.983,64.827,0.011,0.011
01.04.2021 06:32:14.870 GMT-0700,64.973,64.817,0.0008,0.011
01.04.2021 06:32:14.971 GMT-0700,64.983,64.817,0.011,0.011
01.04.2021 06:32:15.216 GMT-0700,64.912,64.818,0.0008,0.011
01.04.2021 06:32:15.267 GMT-0700,64.973,64.777,0.011,0.011
01.04.2021 06:32:15.331 GMT-0700,64.912,64.778,0.011,0.011
01.04.2021 06:32:15.516 GMT-0700,64.852,64.778,0.0008,0.011
01.04.2021 06:32:15.617 GMT-0700,64.893,64.767,0.011,0.011
01.04.2021 06:32:17.384 GMT-0700,64.843,64.767,0.011,0.011
01.04.2021 06:32:17.435 GMT-0700,64.882,64.69800000000001,0.011,0.011
01.04.2021 06:32:17.545 GMT-0700,64.88300000000001,64.657,0.011,0.011
01.04.2021 06:32:18.090 GMT-0700,64.863,64.667,0.011,0.011
01.04.2021 06:32:18.273 GMT-0700,64.863,64.667,0.011,0.011
01.04.2021 06:32:18.706 GMT-0700,64.862,64.718,0.0075,0.011
01.04.2021 06:32:18.756 GMT-0700,64.983,64.797,0.011,0.011
01.04.2021 06:32:18.809 GMT-0700,64.942,64.798,0.011,0.011
01.04.2021 06:32:19.444 GMT-0700,64.942,64.808,0.0008,0.011
01.04.2021 06:32:19.494 GMT-0700,64.942,64.808,0.011,0.011
01.04.2021 06:32:19.671 GMT-0700,64.863,64.807,0.0008,0.0075
01.04.2021 06:32:19.722 GMT-0700,65.013,64.837,0.011,0.011
01.04.2021 06:32:19.822 GMT-0700,65.003,64.827,0.011,0.011
01.04.2021 06:32:19.923 GMT-0700,64.943,64.837,0.011,0.011
01.04.2021 06:32:20.356 GMT-0700,64.942,64.848,0.011,0.0075
01.04.2021 06:32:20.407 GMT-0700,64.952,64.848,0.011,0.011
01.04.2021 06:32:20.523 GMT-0700,64.953,64.837,0.0075,0.011
01.04.2021 06:32:20.623 GMT-0700,65.063,64.887,0.011,0.011
01.04.2021 06:32:20.832 GMT-0700,65.032,64.888,0.0008,0.011
01.04.2021 06:32:21.235 GMT-0700,65.032,64.898,0.011,0.0075
01.04.2021 06:32:21.336 GMT-0700,65.033,64.887,0.011,0.011
01.04.2021 06:32:21.495 GMT-0700,65.062,64.888,0.011,0.011
01.04.2021 06:32:21.545 GMT-0700,65.062,64.928,0.011,0.011
01.04.2021 06:32:21.697 GMT-0700,65.062,64.888,0.011,0.011
01.04.2021 06:32:23.208 GMT-0700,65.032,64.888,0.0008,0.011
01.04.2021 06:32:24.616 GMT-0700,65.032,64.898,0.011,0.011
01.04.2021 06:32:24.737 GMT-0700,65.033,64.887,0.011,0.011
01.04.2021 06:32:24.788 GMT-0700,65.032,64.888,0.0075,0.011
01.04.2021 06:32:24.839 GMT-0700,65.162,64.968,0.011,0.011
01.04.2021 06:32:25.004 GMT-0700,65.21300000000001,64.967,0.011,0.011
01.04.2021 06:32:25.260 GMT-0700,65.21300000000001,64.947,0.011,0.011
01.04.2021 06:32:25.311 GMT-0700,65.102,64.958,0.011,0.011
01.04.2021 06:32:25.363 GMT-0700,65.102,64.94800000000001,0.011,0.011
01.04.2021 06:32:25.874 GMT-0700,65.102,64.988,0.011,0.011
01.04.2021 06:32:26.270 GMT-0700,65.102,64.988,0.0075,0.011
01.04.2021 06:32:26.320 GMT-0700,65.242,64.94800000000001,0.011,0.011
01.04.2021 06:32:26.510 GMT-0700,65.282,64.94800000000001,0.011,0.011
01.04.2021 06:32:26.590 GMT-0700,65.223,64.947,0.0075,0.011
01.04.2021 06:32:26.779 GMT-0700,65.223,64.947,0.011,0.011
01.04.2021 06:32:26.880 GMT-0700,65.222,64.94800000000001,0.011,0.011
01.04.2021 06:32:27.437 GMT-0700,65.223,64.957,0.011,0.0075
01.04.2021 06:32:27.538 GMT-0700,65.163,64.947,0.011,0.011
01.04.2021 06:32:27.638 GMT-0700,65.223,64.947,0.011,0.011
01.04.2021 06:32:27.689 GMT-0700,65.223,64.947,0.011,0.011
01.04.2021 06:32:27.987 GMT-0700,65.223,64.997,0.011,0.0075
01.04.2021 06:32:28.038 GMT-0700,65.222,64.988,0.011,0.011
01.04.2021 06:32:29.335 GMT-0700,65.152,64.988,0.0008,0.011
01.04.2021 06:32:29.385 GMT-0700,65.152,64.988,0.011,0.011
01.04.2021 06:32:29.554 GMT-0700,65.153,65.067,0.011,0.011
01.04.2021 06:32:31.305 GMT-0700,65.153,64.987,0.011,0.011
01.04.2021 06:32:31.356 GMT-0700,65.142,64.988,0.011,0.011
01.04.2021 06:32:31.689 GMT-0700,65.093,64.987,0.0075,0.011
01.04.2021 06:32:33.484 GMT-0700,65.093,65.027,0.011,0.0075
01.04.2021 06:32:33.534 GMT-0700,65.242,65.048,0.011,0.011
01.04.2021 06:32:33.635 GMT-0700,65.112,65.028,0.011,0.011
01.04.2021 06:32:35.691 GMT-0700,65.273,65.067,0.011,0.011
01.04.2021 06:32:35.847 GMT-0700,65.283,65.067,0.011,0.011
01.04.2021 06:32:37.524 GMT-0700,65.282,65.068,0.011,0.011
01.04.2021 06:32:38.578 GMT-0700,65.202,65.098,0.011,0.011
01.04.2021 06:32:38.679 GMT-0700,65.202,65.148,0.011,0.011
01.04.2021 06:32:38.729 GMT-0700,65.203,65.137,0.011,0.011
01.04.2021 06:32:39.540 GMT-0700,65.203,65.087,0.011,0.011
01.04.2021 06:32:39.697 GMT-0700,65.182,65.08800000000001,0.0008,0.011
01.04.2021 06:32:39.747 GMT-0700,65.142,65.028,0.011,0.011
01.04.2021 06:32:42.004 GMT-0700,65.143,65.027,0.011,0.011
01.04.2021 06:32:42.104 GMT-0700,65.142,65.038,0.011,0.011
01.04.2021 06:32:42.224 GMT-0700,65.13300000000001,65.037,0.011,0.011
01.04.2021 06:32:44.119 GMT-0700,65.13300000000001,65.122,0.0008,0.0075
01.04.2021 06:32:44.170 GMT-0700,65.192,65.038,0.011,0.011
01.04.2021 06:32:44.220 GMT-0700,65.193,65.117,0.011,0.011
01.04.2021 06:32:44.443 GMT-0700,65.172,65.11800000000001,0.0075,0.011
01.04.2021 06:32:45.011 GMT-0700,65.173,65.057,0.011,0.011
01.04.2021 06:32:45.061 GMT-0700,65.172,65.068,0.011,0.011
01.04.2021 06:32:45.112 GMT-0700,65.173,65.057,0.011,0.011
01.04.2021 06:32:45.571 GMT-0700,65.173,65.067,0.011,0.0075
01.04.2021 06:32:45.622 GMT-0700,65.172,65.038,0.011,0.011
01.04.2021 06:32:45.672 GMT-0700,65.173,65.047,0.011,0.011
01.04.2021 06:32:46.347 GMT-0700,65.173,65.047,0.011,0.011
01.04.2021 06:32:46.397 GMT-0700,65.172,65.048,0.011,0.011
01.04.2021 06:32:47.684 GMT-0700,65.172,65.048,0.011,0.011
01.04.2021 06:32:47.734 GMT-0700,65.172,65.048,0.011,0.011
01.04.2021 06:32:47.784 GMT-0700,65.283,65.157,0.011,0.011
01.04.2021 06:32:47.835 GMT-0700,65.272,65.11800000000001,0.011,0.011
01.04.2021 06:32:47.885 GMT-0700,65.263,65.117,0.011,0.011
01.04.2021 06:32:48.163 GMT-0700,65.203,65.117,0.0008,0.011
01.04.2021 06:32:48.885 GMT-0700,65.202,65.128,0.0008,0.0075
01.04.2021 06:32:48.967 GMT-0700,65.263,65.127,0.011,0.011
01.04.2021 06:32:49.376 GMT-0700,65.233,65.117,0.0008,0.011
01.04.2021 06:32:49.615 GMT-0700,65.232,65.11800000000001,0.011,0.011
01.04.2021 06:32:49.665 GMT-0700,65.232,65.158,0.011,0.011
01.04.2021 06:32:49.883 GMT-0700,65.232,65.158,0.011,0.011
01.04.2021 06:32:49.933 GMT-0700,65.253,65.167,0.011,0.011
01.04.2021 06:32:50.247 GMT-0700,65.252,65.158,0.0075,0.011
01.04.2021 06:32:50.347 GMT-0700,65.272,65.158,0.011,0.011
01.04.2021 06:32:50.398 GMT-0700,65.253,65.157,0.011,0.011
01.04.2021 06:32:50.448 GMT-0700,65.262,65.158,0.011,0.011
01.04.2021 06:32:51.081 GMT-0700,65.272,65.22800000000001,0.011,0.011
01.04.2021 06:32:51.131 GMT-0700,65.273,65.157,0.011,0.011
01.04.2021 06:32:51.552 GMT-0700,65.273,65.157,0.011,0.011
01.04.2021 06:32:53.242 GMT-0700,65.312,65.25800000000001,0.011,0.011
01.04.2021 06:32:53.292 GMT-0700,65.333,65.237,0.011,0.011
01.04.2021 06:32:53.392 GMT-0700,65.342,65.218,0.011,0.011
01.04.2021 06:32:53.530 GMT-0700,65.343,65.217,0.011,0.011
01.04.2021 06:32:54.248 GMT-0700,65.343,65.217,0.011,0.011
01.04.2021 06:32:54.298 GMT-0700,65.343,65.217,0.011,0.011
01.04.2021 06:32:54.461 GMT-0700,65.342,65.248,0.0008,0.0075
01.04.2021 06:32:54.511 GMT-0700,65.393,65.217,0.011,0.011
01.04.2021 06:32:54.612 GMT-0700,65.433,65.217,0.011,0.011
01.04.2021 06:32:54.662 GMT-0700,65.372,65.218,0.011,0.011
01.04.2021 06:32:55.111 GMT-0700,65.373,65.267,0.011,0.011
01.04.2021 06:32:55.350 GMT-0700,65.373,65.217,0.011,0.011
01.04.2021 06:32:55.617 GMT-0700,65.282,65.218,0.0008,0.011
01.04.2021 06:32:55.718 GMT-0700,65.332,65.218,0.011,0.011
01.04.2021 06:32:56.226 GMT-0700,65.333,65.217,0.011,0.011
01.04.2021 06:32:56.616 GMT-0700,65.433,65.267,0.011,0.011
01.04.2021 06:32:56.667 GMT-0700,65.393,65.267,0.011,0.011
01.04.2021 06:32:57.178 GMT-0700,65.342,65.268,0.0008,0.011
01.04.2021 06:32:57.228 GMT-0700,65.343,65.197,0.011,0.011
01.04.2021 06:32:57.329 GMT-0700,65.343,65.267,0.011,0.011
01.04.2021 06:32:57.590 GMT-0700,65.303,65.197,0.0075,0.011
01.04.2021 06:32:57.641 GMT-0700,65.272,65.22800000000001,0.011,0.011
01.04.2021 06:32:57.852 GMT-0700,65.343,65.227,0.011,0.011
01.04.2021 06:32:58.366 GMT-0700,65.265,65.227,0.0008,0.011
01.04.2021 06:32:58.417 GMT-0700,65.303,65.167,0.011,0.011
01.04.2021 06:32:58.487 GMT-0700,65.30199999999999,65.168,0.011,0.011
01.04.2021 06:32:58.537 GMT-0700,65.342,65.22800000000001,0.011,0.011
01.04.2021 06:32:58.587 GMT-0700,65.333,65.227,0.011,0.011
01.04.2021 06:32:58.688 GMT-0700,65.333,65.257,0.011,0.011
01.04.2021 06:32:58.845 GMT-0700,65.332,65.25800000000001,0.0075,0.011
01.04.2021 06:32:58.896 GMT-0700,65.402,65.25800000000001,0.011,0.011
01.04.2021 06:32:59.012 GMT-0700,65.342,65.25800000000001,0.011,0.011
01.04.2021 06:32:59.154 GMT-0700,65.402,65.25800000000001,0.011,0.011
01.04.2021 06:32:59.273 GMT-0700,65.393,65.257,0.0008,0.011
01.04.2021 06:32:59.374 GMT-0700,65.403,65.257,0.011,0.011
01.04.2021 06:32:59.601 GMT-0700,65.333,65.257,0.0075,0.011
01.04.2021 06:32:59.651 GMT-0700,65.342,65.25800000000001,0.011,0.011
01.04.2021 06:33:00.101 GMT-0700,65.343,65.247,0.011,0.011
01.04.2021 06:33:00.430 GMT-0700,65.333,65.247,0.011,0.011
01.04.2021 06:33:00.530 GMT-0700,65.343,65.247,0.011,0.011
01.04.2021 06:33:00.806 GMT-0700,65.343,65.247,0.011,0.011
01.04.2021 06:33:00.856 GMT-0700,65.413,65.297,0.011,0.011
01.04.2021 06:33:00.907 GMT-0700,65.373,65.197,0.011,0.011
01.04.2021 06:33:00.957 GMT-0700,65.372,65.218,0.011,0.011
01.04.2021 06:33:01.068 GMT-0700,65.332,65.218,0.0008,0.011
01.04.2021 06:33:01.229 GMT-0700,65.283,65.217,0.011,0.011
01.04.2021 06:33:01.279 GMT-0700,65.413,65.247,0.011,0.011
01.04.2021 06:33:01.885 GMT-0700,65.342,65.248,0.0008,0.011
01.04.2021 06:33:02.652 GMT-0700,65.373,65.257,0.011,0.011
01.04.2021 06:33:03.018 GMT-0700,65.382,65.248,0.0075,0.011
01.04.2021 06:33:03.069 GMT-0700,65.412,65.248,0.011,0.011
01.04.2021 06:33:03.481 GMT-0700,65.38300000000001,65.337,0.0075,0.0075
01.04.2021 06:33:03.531 GMT-0700,65.412,65.248,0.011,0.011
01.04.2021 06:33:03.653 GMT-0700,65.402,65.248,0.011,0.011
01.04.2021 06:33:04.098 GMT-0700,65.382,65.248,0.011,0.011
01.04.2021 06:33:04.199 GMT-0700,65.413,65.337,0.011,0.011
01.04.2021 06:33:04.599 GMT-0700,65.412,65.33800000000001,0.011,0.011
01.04.2021 06:33:04.700 GMT-0700,65.412,65.358,0.011,0.011
01.04.2021 06:33:04.800 GMT-0700,65.412,65.348,0.011,0.011
01.04.2021 06:33:05.083 GMT-0700,65.413,65.267,0.011,0.011
01.04.2021 06:33:05.133 GMT-0700,65.462,65.378,0.011,0.011
01.04.2021 06:33:05.183 GMT-0700,65.453,65.357,0.011,0.011
01.04.2021 06:33:05.234 GMT-0700,65.46300000000001,65.357,0.011,0.011
01.04.2021 06:33:05.284 GMT-0700,65.462,65.378,0.011,0.011
01.04.2021 06:33:05.335 GMT-0700,65.462,65.278,0.011,0.011
01.04.2021 06:33:05.385 GMT-0700,65.422,65.308,0.011,0.011
01.04.2021 06:33:05.594 GMT-0700,65.423,65.307,0.011,0.011
01.04.2021 06:33:05.694 GMT-0700,65.422,65.308,0.011,0.011
01.04.2021 06:33:05.745 GMT-0700,65.453,65.307,0.011,0.011
01.04.2021 06:33:05.924 GMT-0700,65.422,65.308,0.0008,0.011
01.04.2021 06:33:06.079 GMT-0700,65.423,65.307,0.011,0.011
01.04.2021 06:33:07.693 GMT-0700,65.423,65.307,0.011,0.011
01.04.2021 06:33:07.793 GMT-0700,65.423,65.307,0.011,0.011
01.04.2021 06:33:08.851 GMT-0700,65.422,65.308,0.011,0.011
01.04.2021 06:33:09.002 GMT-0700,65.453,65.377,0.011,0.011
01.04.2021 06:33:09.052 GMT-0700,65.462,65.378,0.011,0.011
01.04.2021 06:33:09.191 GMT-0700,65.382,65.308,0.011,0.011
01.04.2021 06:33:09.309 GMT-0700,65.392,65.268,0.011,0.011
01.04.2021 06:33:09.434 GMT-0700,65.392,65.268,0.0075,0.011
01.04.2021 06:33:09.485 GMT-0700,65.462,65.268,0.011,0.011
01.04.2021 06:33:09.535 GMT-0700,65.46300000000001,65.277,0.011,0.011
01.04.2021 06:33:09.921 GMT-0700,65.452,65.278,0.011,0.011
01.04.2021 06:33:09.972 GMT-0700,65.462,65.278,0.011,0.011
01.04.2021 06:33:10.022 GMT-0700,65.462,65.288,0.011,0.011
01.04.2021 06:33:10.073 GMT-0700,65.46300000000001,65.277,0.011,0.011
01.04.2021 06:33:10.643 GMT-0700,65.452,65.288,0.0075,0.0075
01.04.2021 06:33:10.869 GMT-0700,65.462,65.278,0.011,0.011
01.04.2021 06:33:11.209 GMT-0700,65.462,65.36800000000001,0.011,0.011
01.04.2021 06:33:11.259 GMT-0700,65.462,65.268,0.011,0.011
01.04.2021 06:33:11.335 GMT-0700,65.453,65.277,0.0075,0.0075
01.04.2021 06:33:11.435 GMT-0700,65.462,65.268,0.011,0.011
01.04.2021 06:33:12.098 GMT-0700,65.46300000000001,65.267,0.011,0.011
01.04.2021 06:33:12.385 GMT-0700,65.452,65.278,0.0075,0.0075
01.04.2021 06:33:12.435 GMT-0700,65.462,65.268,0.011,0.011
01.04.2021 06:33:13.115 GMT-0700,65.462,65.268,0.011,0.011
01.04.2021 06:33:13.390 GMT-0700,65.46300000000001,65.287,0.011,0.011
01.04.2021 06:33:14.035 GMT-0700,65.442,65.288,0.0008,0.011
01.04.2021 06:33:14.086 GMT-0700,65.532,65.358,0.011,0.011
01.04.2021 06:33:14.145 GMT-0700,65.532,65.408,0.011,0.0075
01.04.2021 06:33:14.246 GMT-0700,65.513,65.42699999999999,0.011,0.011
01.04.2021 06:33:14.296 GMT-0700,65.512,65.418,0.011,0.011
01.04.2021 06:33:14.584 GMT-0700,65.502,65.418,0.011,0.011
01.04.2021 06:33:14.733 GMT-0700,65.492,65.418,0.011,0.011
01.04.2021 06:33:15.492 GMT-0700,65.49300000000001,65.417,0.011,0.011
01.04.2021 06:33:15.613 GMT-0700,65.482,65.418,0.0075,0.011
01.04.2021 06:33:15.663 GMT-0700,65.49300000000001,65.417,0.011,0.011
01.04.2021 06:33:15.740 GMT-0700,65.482,65.418,0.0075,0.011
01.04.2021 06:33:15.926 GMT-0700,65.492,65.428,0.0075,0.011
01.04.2021 06:33:16.027 GMT-0700,65.483,65.42699999999999,0.011,0.011
01.04.2021 06:33:16.127 GMT-0700,65.482,65.418,0.011,0.011
01.04.2021 06:33:16.447 GMT-0700,65.482,65.428,0.011,0.011
01.04.2021 06:33:16.624 GMT-0700,65.482,65.418,0.011,0.011
01.04.2021 06:33:17.497 GMT-0700,65.422,65.408,0.011,0.011
01.04.2021 06:33:17.548 GMT-0700,65.433,65.407,0.011,0.011
01.04.2021 06:33:18.100 GMT-0700,65.483,65.407,0.011,0.011
01.04.2021 06:33:18.287 GMT-0700,65.46300000000001,65.407,0.011,0.011
01.04.2021 06:33:18.557 GMT-0700,65.442,65.408,0.0075,0.011
01.04.2021 06:33:18.658 GMT-0700,65.452,65.408,0.011,0.011
01.04.2021 06:33:18.997 GMT-0700,65.482,65.408,0.011,0.011
01.04.2021 06:33:19.339 GMT-0700,65.472,65.408,0.011,0.011
01.04.2021 06:33:19.389 GMT-0700,65.482,65.408,0.011,0.011
01.04.2021 06:33:19.448 GMT-0700,65.46300000000001,65.407,0.011,0.011
01.04.2021 06:33:20.166 GMT-0700,65.492,65.418,0.011,0.011
01.04.2021 06:33:20.267 GMT-0700,65.49300000000001,65.407,0.011,0.011
01.04.2021 06:33:20.359 GMT-0700,65.492,65.408,0.0075,0.011
01.04.2021 06:33:20.409 GMT-0700,65.492,65.408,0.011,0.011
01.04.2021 06:33:20.459 GMT-0700,65.492,65.458,0.011,0.011
01.04.2021 06:33:20.509 GMT-0700,65.49300000000001,65.407,0.011,0.011
01.04.2021 06:33:20.925 GMT-0700,65.49300000000001,65.465,0.011,0.0075
01.04.2021 06:33:20.975 GMT-0700,65.49300000000001,65.407,0.011,0.011
01.04.2021 06:33:21.026 GMT-0700,65.492,65.458,0.011,0.011
01.04.2021 06:33:21.227 GMT-0700,65.492,65.408,0.011,0.011
01.04.2021 06:33:21.869 GMT-0700,65.492,65.418,0.011,0.011
01.04.2021 06:33:21.952 GMT-0700,65.49300000000001,65.407,0.011,0.011
01.04.2021 06:33:22.463 GMT-0700,65.533,65.417,0.011,0.011
01.04.2021 06:33:22.514 GMT-0700,65.533,65.477,0.011,0.011
01.04.2021 06:33:22.564 GMT-0700,65.60300000000001,65.467,0.011,0.011
01.04.2021 06:33:22.665 GMT-0700,65.582,65.388,0.011,0.011
01.04.2021 06:33:22.777 GMT-0700,65.583,65.377,0.011,0.0075
01.04.2021 06:33:22.828 GMT-0700,65.582,65.358,0.011,0.011
01.04.2021 06:33:22.878 GMT-0700,65.582,65.398,0.011,0.011
01.04.2021 06:33:23.360 GMT-0700,65.532,65.408,0.0075,0.0075
01.04.2021 06:33:23.410 GMT-0700,65.583,65.42699999999999,0.011,0.011
01.04.2021 06:33:23.460 GMT-0700,65.583,65.487,0.011,0.011
01.04.2021 06:33:23.611 GMT-0700,65.563,65.42699999999999,0.0075,0.011
01.04.2021 06:33:23.661 GMT-0700,65.563,65.42699999999999,0.011,0.011
01.04.2021 06:33:23.868 GMT-0700,65.553,65.42699999999999,0.0008,0.0075
01.04.2021 06:33:23.918 GMT-0700,65.553,65.417,0.011,0.011
01.04.2021 06:33:24.147 GMT-0700,65.553,65.497,0.011,0.011
01.04.2021 06:33:24.198 GMT-0700,65.562,65.47800000000001,0.011,0.011
01.04.2021 06:33:24.248 GMT-0700,65.55199999999999,65.47800000000001,0.011,0.011
01.04.2021 06:33:24.348 GMT-0700,65.622,65.518,0.011,0.011
01.04.2021 06:33:24.447 GMT-0700,65.623,65.527,0.011,0.0075
01.04.2021 06:33:24.598 GMT-0700,65.622,65.538,0.011,0.011
01.04.2021 06:33:24.730 GMT-0700,65.592,65.538,0.011,0.011
01.04.2021 06:33:25.286 GMT-0700,65.593,65.537,0.011,0.011
01.04.2021 06:33:25.336 GMT-0700,65.592,65.538,0.011,0.011
01.04.2021 06:33:25.387 GMT-0700,65.593,65.547,0.011,0.011
01.04.2021 06:33:25.813 GMT-0700,65.592,65.538,0.011,0.011
01.04.2021 06:33:27.109 GMT-0700,65.593,65.537,0.011,0.011
01.04.2021 06:33:27.526 GMT-0700,65.592,65.558,0.011,0.011
01.04.2021 06:33:27.577 GMT-0700,65.593,65.547,0.011,0.011
01.04.2021 06:33:27.701 GMT-0700,65.592,65.548,0.0075,0.011
01.04.2021 06:33:27.751 GMT-0700,65.623,65.567,0.011,0.011
01.04.2021 06:33:27.802 GMT-0700,65.623,65.557,0.011,0.011
01.04.2021 06:33:27.877 GMT-0700,65.622,65.558,0.011,0.011
01.04.2021 06:33:27.928 GMT-0700,65.653,65.567,0.011,0.011
01.04.2021 06:33:28.386 GMT-0700,65.692,65.568,0.011,0.0075
01.04.2021 06:33:28.960 GMT-0700,65.692,65.568,0.011,0.011
01.04.2021 06:33:29.011 GMT-0700,65.693,65.547,0.011,0.011
01.04.2021 06:33:29.129 GMT-0700,65.623,65.547,0.0008,0.011
01.04.2021 06:33:29.280 GMT-0700,65.622,65.558,0.011,0.011
01.04.2021 06:33:29.381 GMT-0700,65.623,65.547,0.011,0.011
01.04.2021 06:33:29.656 GMT-0700,65.622,65.558,0.011,0.0075
01.04.2021 06:33:29.706 GMT-0700,65.622,65.548,0.011,0.011
01.04.2021 06:33:29.972 GMT-0700,65.622,65.548,0.011,0.011
01.04.2021 06:33:30.306 GMT-0700,65.683,65.587,0.011,0.011
01.04.2021 06:33:30.406 GMT-0700,65.673,65.567,0.011,0.011
01.04.2021 06:33:30.684 GMT-0700,65.673,65.627,0.011,0.0075
01.04.2021 06:33:30.735 GMT-0700,65.693,65.547,0.011,0.011
01.04.2021 06:33:30.804 GMT-0700,65.692,65.608,0.011,0.011
01.04.2021 06:33:30.955 GMT-0700,65.692,65.61800000000001,0.011,0.011
01.04.2021 06:33:31.150 GMT-0700,65.692,65.628,0.011,0.011
01.04.2021 06:33:31.200 GMT-0700,65.692,65.61800000000001,0.011,0.011
01.04.2021 06:33:31.441 GMT-0700,65.692,65.628,0.011,0.011
01.04.2021 06:33:31.491 GMT-0700,65.692,65.61800000000001,0.011,0.011
01.04.2021 06:33:31.592 GMT-0700,65.693,65.547,0.011,0.011
01.04.2021 06:33:31.732 GMT-0700,65.662,65.548,0.011,0.011
01.04.2021 06:33:31.783 GMT-0700,65.662,65.538,0.011,0.011
01.04.2021 06:33:32.132 GMT-0700,65.71300000000001,65.537,0.011,0.011
01.04.2021 06:33:32.438 GMT-0700,65.663,65.537,0.0075,0.011
01.04.2021 06:33:32.678 GMT-0700,65.663,65.507,0.0008,0.011
01.04.2021 06:33:32.728 GMT-0700,65.703,65.547,0.011,0.011
01.04.2021 06:33:32.779 GMT-0700,65.612,65.548,0.0075,0.011
01.04.2021 06:33:32.995 GMT-0700,65.613,65.557,0.011,0.011
01.04.2021 06:33:33.046 GMT-0700,65.612,65.548,0.011,0.011
01.04.2021 06:33:33.667 GMT-0700,65.612,65.488,0.011,0.011
01.04.2021 06:33:33.718 GMT-0700,65.663,65.527,0.011,0.011
01.04.2021 06:33:33.818 GMT-0700,65.662,65.518,0.011,0.011
01.04.2021 06:33:33.921 GMT-0700,65.632,65.518,0.0008,0.011
01.04.2021 06:33:34.039 GMT-0700,65.63300000000001,65.517,0.011,0.011
01.04.2021 06:33:34.545 GMT-0700,65.63300000000001,65.527,0.011,0.011
01.04.2021 06:33:34.595 GMT-0700,65.63300000000001,65.527,0.011,0.011
01.04.2021 06:33:34.762 GMT-0700,65.532,65.528,0.0008,0.0075
01.04.2021 06:33:34.812 GMT-0700,65.622,65.47800000000001,0.011,0.011
01.04.2021 06:33:34.863 GMT-0700,65.593,65.467,0.011,0.011
01.04.2021 06:33:34.994 GMT-0700,65.522,65.36800000000001,0.011,0.011
01.04.2021 06:33:35.094 GMT-0700,65.522,65.358,0.011,0.011
01.04.2021 06:33:35.441 GMT-0700,65.522,65.36800000000001,0.011,0.0075
01.04.2021 06:33:35.492 GMT-0700,65.522,65.358,0.011,0.011
01.04.2021 06:33:35.542 GMT-0700,65.503,65.357,0.011,0.011
01.04.2021 06:33:35.850 GMT-0700,65.503,65.407,0.011,0.0075
01.04.2021 06:33:36.017 GMT-0700,65.483,65.407,0.0008,0.011
01.04.2021 06:33:36.068 GMT-0700,65.492,65.408,0.011,0.011
01.04.2021 06:33:36.808 GMT-0700,65.483,65.407,0.0008,0.011
01.04.2021 06:33:36.908 GMT-0700,65.49300000000001,65.407,0.011,0.011
01.04.2021 06:33:37.112 GMT-0700,65.483,65.407,0.0008,0.011
01.04.2021 06:33:37.222 GMT-0700,65.423,65.327,0.011,0.011
01.04.2021 06:33:37.273 GMT-0700,65.452,65.328,0.011,0.011
01.04.2021 06:33:37.430 GMT-0700,65.452,65.288,0.011,0.011
01.04.2021 06:33:37.570 GMT-0700,65.443,65.287,0.011,0.011
01.04.2021 06:33:37.620 GMT-0700,65.452,65.288,0.011,0.011
01.04.2021 06:33:37.999 GMT-0700,65.443,65.287,0.0008,0.011
01.04.2021 06:33:38.361 GMT-0700,65.443,65.297,0.011,0.011
01.04.2021 06:33:38.501 GMT-0700,65.373,65.287,0.0008,0.011
01.04.2021 06:33:38.552 GMT-0700,65.373,65.197,0.011,0.011
01.04.2021 06:33:38.602 GMT-0700,65.373,65.207,0.011,0.011
01.04.2021 06:33:38.724 GMT-0700,65.38300000000001,65.197,0.011,0.011
01.04.2021 06:33:38.790 GMT-0700,65.38300000000001,65.197,0.011,0.011
01.04.2021 06:33:38.924 GMT-0700,65.38300000000001,65.227,0.011,0.011
01.04.2021 06:33:39.024 GMT-0700,65.382,65.25800000000001,0.011,0.011
01.04.2021 06:33:39.075 GMT-0700,65.382,65.308,0.011,0.011
01.04.2021 06:33:39.539 GMT-0700,65.382,65.308,0.011,0.011
01.04.2021 06:33:39.589 GMT-0700,65.423,65.357,0.011,0.011
01.04.2021 06:33:39.640 GMT-0700,65.433,65.357,0.011,0.011
01.04.2021 06:33:39.745 GMT-0700,65.433,65.367,0.011,0.0075
01.04.2021 06:33:39.795 GMT-0700,65.413,65.327,0.011,0.011
01.04.2021 06:33:40.216 GMT-0700,65.423,65.327,0.0008,0.011
01.04.2021 06:33:40.888 GMT-0700,65.412,65.328,0.0008,0.011
01.04.2021 06:33:41.113 GMT-0700,65.412,65.328,0.011,0.011
01.04.2021 06:33:41.163 GMT-0700,65.413,65.327,0.011,0.011
01.04.2021 06:33:41.392 GMT-0700,65.413,65.337,0.011,0.0075
01.04.2021 06:33:41.625 GMT-0700,65.403,65.327,0.0008,0.011
01.04.2021 06:33:41.675 GMT-0700,65.432,65.328,0.011,0.011
01.04.2021 06:33:42.077 GMT-0700,65.373,65.327,0.0008,0.0075
01.04.2021 06:33:42.127 GMT-0700,65.373,65.267,0.011,0.011
01.04.2021 06:33:42.177 GMT-0700,65.373,65.317,0.011,0.011
01.04.2021 06:33:43.385 GMT-0700,65.373,65.267,0.011,0.011
01.04.2021 06:33:43.523 GMT-0700,65.373,65.327,0.011,0.0075
01.04.2021 06:33:43.774 GMT-0700,65.373,65.347,0.011,0.0075
01.04.2021 06:33:43.824 GMT-0700,65.423,65.357,0.011,0.011
01.04.2021 06:33:43.875 GMT-0700,65.433,65.357,0.011,0.011
01.04.2021 06:33:44.307 GMT-0700,65.442,65.378,0.011,0.011
01.04.2021 06:33:45.002 GMT-0700,65.442,65.378,0.0075,0.011
01.04.2021 06:33:45.053 GMT-0700,65.523,65.417,0.011,0.011
01.04.2021 06:33:45.312 GMT-0700,65.502,65.358,0.011,0.011
01.04.2021 06:33:45.520 GMT-0700,65.502,65.358,0.011,0.011
01.04.2021 06:33:45.589 GMT-0700,65.408,65.358,0.0008,0.011
01.04.2021 06:33:45.639 GMT-0700,65.492,65.388,0.011,0.011
01.04.2021 06:33:45.690 GMT-0700,65.502,65.388,0.011,0.011
01.04.2021 06:33:47.131 GMT-0700,65.503,65.387,0.011,0.011
01.04.2021 06:33:47.242 GMT-0700,65.543,65.42699999999999,0.011,0.011
01.04.2021 06:33:47.292 GMT-0700,65.523,65.417,0.011,0.011
01.04.2021 06:33:47.464 GMT-0700,65.523,65.467,0.0008,0.0075
01.04.2021 06:33:47.514 GMT-0700,65.593,65.42699999999999,0.011,0.011
01.04.2021 06:33:47.668 GMT-0700,65.613,65.42699999999999,0.011,0.011
01.04.2021 06:33:48.301 GMT-0700,65.60300000000001,65.42699999999999,0.0008,0.011
01.04.2021 06:33:48.402 GMT-0700,65.622,65.498,0.011,0.011
01.04.2021 06:33:48.452 GMT-0700,65.622,65.488,0.011,0.011
01.04.2021 06:33:49.163 GMT-0700,65.622,65.488,0.011,0.011
01.04.2021 06:33:49.525 GMT-0700,65.663,65.507,0.011,0.011
01.04.2021 06:33:50.024 GMT-0700,65.653,65.507,0.0008,0.011
01.04.2021 06:33:50.074 GMT-0700,65.663,65.507,0.011,0.011
01.04.2021 06:33:50.182 GMT-0700,65.702,65.50800000000001,0.011,0.011
01.04.2021 06:33:50.233 GMT-0700,65.632,65.50800000000001,0.011,0.011
01.04.2021 06:33:50.554 GMT-0700,65.623,65.507,0.011,0.011
01.04.2021 06:33:50.604 GMT-0700,65.632,65.50800000000001,0.011,0.011
01.04.2021 06:33:51.417 GMT-0700,65.553,65.42699999999999,0.011,0.011
01.04.2021 06:33:51.467 GMT-0700,65.622,65.458,0.011,0.011
01.04.2021 06:33:51.518 GMT-0700,65.622,65.44800000000001,0.011,0.011
01.04.2021 06:33:51.568 GMT-0700,65.532,65.44800000000001,0.011,0.011
01.04.2021 06:33:52.724 GMT-0700,65.57300000000001,65.447,0.011,0.011
01.04.2021 06:33:52.775 GMT-0700,65.583,65.447,0.011,0.011
01.04.2021 06:33:52.974 GMT-0700,65.542,65.44800000000001,0.0008,0.011
01.04.2021 06:33:54.319 GMT-0700,65.543,65.517,0.0008,0.0075
01.04.2021 06:33:54.369 GMT-0700,65.602,65.528,0.011,0.011
01.04.2021 06:33:54.654 GMT-0700,65.703,65.527,0.011,0.011
01.04.2021 06:33:54.704 GMT-0700,65.682,65.528,0.011,0.011
01.04.2021 06:33:54.808 GMT-0700,65.663,65.477,0.0075,0.011
01.04.2021 06:33:54.859 GMT-0700,65.662,65.47800000000001,0.011,0.011
01.04.2021 06:33:55.130 GMT-0700,65.652,65.50800000000001,0.011,0.011
01.04.2021 06:33:55.180 GMT-0700,65.663,65.507,0.011,0.011
01.04.2021 06:33:55.987 GMT-0700,65.653,65.507,0.011,0.011
01.04.2021 06:33:56.038 GMT-0700,65.662,65.50800000000001,0.011,0.011
01.04.2021 06:33:56.248 GMT-0700,65.663,65.527,0.011,0.011
01.04.2021 06:33:56.302 GMT-0700,65.683,65.527,0.011,0.011
01.04.2021 06:33:56.424 GMT-0700,65.643,65.467,0.011,0.011
01.04.2021 06:33:56.918 GMT-0700,65.63300000000001,65.467,0.0075,0.011
01.04.2021 06:33:57.249 GMT-0700,65.642,65.468,0.011,0.011
01.04.2021 06:33:57.404 GMT-0700,65.642,65.468,0.011,0.011
01.04.2021 06:33:57.576 GMT-0700,65.643,65.467,0.011,0.011
01.04.2021 06:33:57.756 GMT-0700,65.632,65.468,0.0008,0.011
01.04.2021 06:33:58.074 GMT-0700,65.643,65.467,0.011,0.011
01.04.2021 06:33:58.175 GMT-0700,65.522,65.468,0.0008,0.0075
01.04.2021 06:33:58.225 GMT-0700,65.562,65.418,0.011,0.011
01.04.2021 06:33:58.276 GMT-0700,65.583,65.42699999999999,0.011,0.011
01.04.2021 06:33:58.446 GMT-0700,65.642,65.418,0.0008,0.011
01.04.2021 06:33:58.502 GMT-0700,65.652,65.418,0.011,0.011
01.04.2021 06:33:58.561 GMT-0700,65.642,65.418,0.0008,0.011
01.04.2021 06:33:58.694 GMT-0700,65.653,65.457,0.011,0.011
01.04.2021 06:33:58.819 GMT-0700,65.652,65.488,0.011,0.011
01.04.2021 06:33:59.634 GMT-0700,65.642,65.488,0.0075,0.011
01.04.2021 06:33:59.786 GMT-0700,65.653,65.487,0.011,0.011
01.04.2021 06:34:00.398 GMT-0700,65.643,65.487,0.011,0.011
01.04.2021 06:34:00.702 GMT-0700,65.593,65.487,0.0008,0.0075
01.04.2021 06:34:01.167 GMT-0700,65.562,65.50800000000001,0.011,0.011
01.04.2021 06:34:01.302 GMT-0700,65.562,65.44800000000001,0.011,0.011
01.04.2021 06:34:01.455 GMT-0700,65.60300000000001,65.447,0.011,0.011
01.04.2021 06:34:01.505 GMT-0700,65.602,65.50800000000001,0.011,0.011
01.04.2021 06:34:01.687 GMT-0700,65.60300000000001,65.437,0.011,0.011
01.04.2021 06:34:01.952 GMT-0700,65.602,65.518,0.011,0.011
01.04.2021 06:34:02.098 GMT-0700,65.602,65.438,0.011,0.011
01.04.2021 06:34:02.254 GMT-0700,65.602,65.418,0.011,0.011
01.04.2021 06:34:02.357 GMT-0700,65.653,65.447,0.011,0.011
01.04.2021 06:34:02.458 GMT-0700,65.652,65.468,0.011,0.011
01.04.2021 06:34:02.605 GMT-0700,65.583,65.467,0.0075,0.011
01.04.2021 06:34:02.707 GMT-0700,65.582,65.468,0.011,0.011
01.04.2021 06:34:02.975 GMT-0700,65.522,65.468,0.011,0.011
01.04.2021 06:34:03.025 GMT-0700,65.522,65.388,0.011,0.011
01.04.2021 06:34:03.184 GMT-0700,65.522,65.47800000000001,0.011,0.011
01.04.2021 06:34:03.294 GMT-0700,65.523,65.487,0.011,0.011
01.04.2021 06:34:03.426 GMT-0700,65.525,65.488,0.0075,0.011
01.04.2021 06:34:03.476 GMT-0700,65.582,65.518,0.011,0.011
01.04.2021 06:34:03.668 GMT-0700,65.632,65.518,0.011,0.011
01.04.2021 06:34:03.718 GMT-0700,65.652,65.538,0.011,0.011
01.04.2021 06:34:04.062 GMT-0700,65.642,65.538,0.011,0.011
01.04.2021 06:34:04.113 GMT-0700,65.652,65.538,0.011,0.011
01.04.2021 06:34:04.925 GMT-0700,65.652,65.528,0.011,0.011
01.04.2021 06:34:04.976 GMT-0700,65.652,65.518,0.011,0.011
01.04.2021 06:34:05.714 GMT-0700,65.643,65.42699999999999,0.011,0.011
01.04.2021 06:34:05.855 GMT-0700,65.653,65.417,0.011,0.011
01.04.2021 06:34:07.272 GMT-0700,65.643,65.42699999999999,0.011,0.011
01.04.2021 06:34:07.364 GMT-0700,65.653,65.417,0.011,0.011
01.04.2021 06:34:07.446 GMT-0700,65.662,65.418,0.011,0.011
01.04.2021 06:34:07.631 GMT-0700,65.663,65.457,0.011,0.0075
01.04.2021 06:34:08.033 GMT-0700,65.60300000000001,65.457,0.011,0.011
01.04.2021 06:34:08.315 GMT-0700,65.592,65.458,0.0008,0.011
01.04.2021 06:34:09.543 GMT-0700,65.593,65.537,0.011,0.011
01.04.2021 06:34:09.593 GMT-0700,65.592,65.528,0.011,0.011
01.04.2021 06:34:09.776 GMT-0700,65.57300000000001,65.527,0.0008,0.011
01.04.2021 06:34:09.826 GMT-0700,65.593,65.447,0.011,0.011
01.04.2021 06:34:09.877 GMT-0700,65.602,65.438,0.011,0.011
01.04.2021 06:34:09.927 GMT-0700,65.57300000000001,65.437,0.011,0.011
01.04.2021 06:34:09.978 GMT-0700,65.57300000000001,65.417,0.011,0.011
01.04.2021 06:34:10.035 GMT-0700,65.55199999999999,65.418,0.0008,0.011
01.04.2021 06:34:10.136 GMT-0700,65.553,65.497,0.011,0.011
01.04.2021 06:34:10.554 GMT-0700,65.60300000000001,65.497,0.011,0.011
01.04.2021 06:34:10.605 GMT-0700,65.602,65.488,0.011,0.011
01.04.2021 06:34:10.655 GMT-0700,65.60300000000001,65.547,0.011,0.011
01.04.2021 06:34:10.705 GMT-0700,65.60300000000001,65.537,0.011,0.011
01.04.2021 06:34:10.845 GMT-0700,65.60300000000001,65.417,0.011,0.011
01.04.2021 06:34:11.180 GMT-0700,65.60300000000001,65.517,0.011,0.0075
01.04.2021 06:34:11.281 GMT-0700,65.602,65.528,0.011,0.011
01.04.2021 06:34:11.382 GMT-0700,65.60300000000001,65.517,0.011,0.011
01.04.2021 06:34:11.938 GMT-0700,65.60300000000001,65.537,0.011,0.011
01.04.2021 06:34:12.118 GMT-0700,65.602,65.44800000000001,0.011,0.011
01.04.2021 06:34:12.168 GMT-0700,65.602,65.488,0.011,0.011
01.04.2021 06:34:12.997 GMT-0700,65.55199999999999,65.488,0.0008,0.011
01.04.2021 06:34:13.048 GMT-0700,65.60300000000001,65.487,0.011,0.011
01.04.2021 06:34:13.228 GMT-0700,65.60300000000001,65.557,0.011,0.0075
01.04.2021 06:34:13.279 GMT-0700,65.60300000000001,65.477,0.011,0.011
01.04.2021 06:34:13.329 GMT-0700,65.60300000000001,65.527,0.011,0.011
01.04.2021 06:34:13.380 GMT-0700,65.60300000000001,65.477,0.011,0.011
01.04.2021 06:34:13.753 GMT-0700,65.602,65.47800000000001,0.011,0.011
01.04.2021 06:34:14.008 GMT-0700,65.63300000000001,65.527,0.011,0.011
01.04.2021 06:34:14.059 GMT-0700,65.662,65.528,0.011,0.011
01.04.2021 06:34:14.312 GMT-0700,65.663,65.527,0.011,0.011
01.04.2021 06:34:14.363 GMT-0700,65.663,65.527,0.011,0.011
01.04.2021 06:34:14.466 GMT-0700,65.672,65.528,0.011,0.011
01.04.2021 06:34:14.534 GMT-0700,65.652,65.528,0.0008,0.011
01.04.2021 06:34:14.811 GMT-0700,65.762,65.528,0.011,0.011
01.04.2021 06:34:14.862 GMT-0700,65.662,65.528,0.011,0.011
01.04.2021 06:34:15.066 GMT-0700,65.652,65.528,0.011,0.011
01.04.2021 06:34:16.078 GMT-0700,65.662,65.528,0.011,0.011
01.04.2021 06:34:16.141 GMT-0700,65.663,65.527,0.0075,0.011
01.04.2021 06:34:16.191 GMT-0700,65.733,65.527,0.011,0.011
01.04.2021 06:34:16.241 GMT-0700,65.672,65.528,0.011,0.011
01.04.2021 06:34:16.404 GMT-0700,65.673,65.607,0.0008,0.011
01.04.2021 06:34:16.505 GMT-0700,65.732,65.608,0.011,0.011
01.04.2021 06:34:16.613 GMT-0700,65.822,65.678,0.011,0.011
01.04.2021 06:34:16.664 GMT-0700,65.82300000000001,65.607,0.011,0.011
01.04.2021 06:34:16.760 GMT-0700,65.812,65.608,0.011,0.011
01.04.2021 06:34:16.810 GMT-0700,65.82300000000001,65.607,0.011,0.011
01.04.2021 06:34:17.129 GMT-0700,65.832,65.608,0.011,0.011
01.04.2021 06:34:17.492 GMT-0700,65.822,65.608,0.0008,0.011
01.04.2021 06:34:17.615 GMT-0700,65.693,65.607,0.0075,0.011
01.04.2021 06:34:17.665 GMT-0700,65.723,65.607,0.011,0.011
01.04.2021 06:34:18.169 GMT-0700,65.723,65.607,0.0075,0.011
01.04.2021 06:34:18.219 GMT-0700,65.80199999999999,65.608,0.011,0.011
01.04.2021 06:34:18.269 GMT-0700,65.783,65.647,0.011,0.011
01.04.2021 06:34:18.740 GMT-0700,65.723,65.647,0.0008,0.011
01.04.2021 06:34:18.791 GMT-0700,65.71300000000001,65.607,0.011,0.011
01.04.2021 06:34:18.902 GMT-0700,65.723,65.607,0.011,0.011
01.04.2021 06:34:21.089 GMT-0700,65.723,65.67699999999999,0.011,0.011
01.04.2021 06:34:21.140 GMT-0700,65.723,65.607,0.011,0.011
01.04.2021 06:34:21.812 GMT-0700,65.723,65.527,0.011,0.011
01.04.2021 06:34:22.260 GMT-0700,65.722,65.528,0.011,0.011
01.04.2021 06:34:22.310 GMT-0700,65.722,65.578,0.011,0.011
01.04.2021 06:34:22.388 GMT-0700,65.722,65.578,0.011,0.011
01.04.2021 06:34:22.810 GMT-0700,65.723,65.577,0.011,0.011
01.04.2021 06:34:22.860 GMT-0700,65.722,65.628,0.011,0.011
01.04.2021 06:34:23.588 GMT-0700,65.703,65.627,0.011,0.011
01.04.2021 06:34:23.638 GMT-0700,65.723,65.627,0.011,0.011
01.04.2021 06:34:23.723 GMT-0700,65.723,65.627,0.011,0.011
01.04.2021 06:34:23.773 GMT-0700,65.722,65.628,0.011,0.011
01.04.2021 06:34:23.841 GMT-0700,65.722,65.628,0.011,0.011
01.04.2021 06:34:24.095 GMT-0700,65.723,65.627,0.011,0.011
01.04.2021 06:34:24.146 GMT-0700,65.692,65.628,0.011,0.011
01.04.2021 06:34:24.346 GMT-0700,65.692,65.578,0.011,0.011
01.04.2021 06:34:24.446 GMT-0700,65.692,65.558,0.011,0.011
01.04.2021 06:34:24.497 GMT-0700,65.643,65.477,0.011,0.011
01.04.2021 06:34:24.547 GMT-0700,65.642,65.58800000000001,0.011,0.011
01.04.2021 06:34:26.104 GMT-0700,65.622,65.47800000000001,0.011,0.011
01.04.2021 06:34:26.155 GMT-0700,65.592,65.538,0.011,0.011
01.04.2021 06:34:26.205 GMT-0700,65.593,65.467,0.011,0.011
01.04.2021 06:34:26.608 GMT-0700,65.582,65.44800000000001,0.0008,0.011
01.04.2021 06:34:26.762 GMT-0700,65.583,65.42699999999999,0.011,0.011
01.04.2021 06:34:26.907 GMT-0700,65.583,65.417,0.011,0.011
01.04.2021 06:34:26.972 GMT-0700,65.582,65.44800000000001,0.011,0.011
01.04.2021 06:34:27.281 GMT-0700,65.57300000000001,65.447,0.011,0.011
01.04.2021 06:34:27.447 GMT-0700,65.572,65.50800000000001,0.011,0.0075
01.04.2021 06:34:27.590 GMT-0700,65.592,65.50800000000001,0.011,0.011
01.04.2021 06:34:27.641 GMT-0700,65.592,65.518,0.011,0.0075
01.04.2021 06:34:27.692 GMT-0700,65.592,65.50800000000001,0.011,0.011
01.04.2021 06:34:27.953 GMT-0700,65.593,65.517,0.011,0.0075
01.04.2021 06:34:28.054 GMT-0700,65.593,65.507,0.011,0.011
01.04.2021 06:34:28.322 GMT-0700,65.593,65.537,0.011,0.011
01.04.2021 06:34:28.818 GMT-0700,65.593,65.537,0.011,0.011
01.04.2021 06:34:29.128 GMT-0700,65.593,65.537,0.011,0.011
01.04.2021 06:34:29.843 GMT-0700,65.593,65.567,0.011,0.0075
01.04.2021 06:34:29.893 GMT-0700,65.593,65.537,0.011,0.011
01.04.2021 06:34:30.600 GMT-0700,65.572,65.538,0.0008,0.011
01.04.2021 06:34:30.776 GMT-0700,65.592,65.548,0.011,0.011
01.04.2021 06:34:31.268 GMT-0700,65.593,65.537,0.011,0.011
01.04.2021 06:34:31.748 GMT-0700,65.593,65.507,0.011,0.011
01.04.2021 06:34:32.200 GMT-0700,65.592,65.50800000000001,0.0075,0.011
01.04.2021 06:34:32.251 GMT-0700,65.643,65.507,0.011,0.011
01.04.2021 06:34:32.301 GMT-0700,65.553,65.50800000000001,0.0008,0.011
01.04.2021 06:34:32.352 GMT-0700,65.55199999999999,65.498,0.011,0.011
01.04.2021 06:34:32.458 GMT-0700,65.513,65.495,0.0008,0.0075
01.04.2021 06:34:32.509 GMT-0700,65.542,65.408,0.011,0.011
01.04.2021 06:34:32.609 GMT-0700,65.512,65.408,0.011,0.011
01.04.2021 06:34:32.659 GMT-0700,65.622,65.47800000000001,0.011,0.011
01.04.2021 06:34:32.760 GMT-0700,65.55199999999999,65.458,0.011,0.011
01.04.2021 06:34:33.410 GMT-0700,65.60300000000001,65.507,0.011,0.011
01.04.2021 06:34:33.460 GMT-0700,65.60300000000001,65.457,0.011,0.011
01.04.2021 06:34:33.511 GMT-0700,65.563,65.497,0.011,0.011
01.04.2021 06:34:33.561 GMT-0700,65.583,65.497,0.011,0.011
01.04.2021 06:34:33.625 GMT-0700,65.583,65.497,0.011,0.011
01.04.2021 06:34:33.675 GMT-0700,65.582,65.498,0.011,0.011
01.04.2021 06:34:33.962 GMT-0700,65.572,65.50800000000001,0.011,0.011
01.04.2021 06:34:34.012 GMT-0700,65.57300000000001,65.417,0.011,0.011
01.04.2021 06:34:34.063 GMT-0700,65.632,65.44800000000001,0.011,0.011
01.04.2021 06:34:34.117 GMT-0700,65.632,65.44800000000001,0.011,0.011
01.04.2021 06:34:34.168 GMT-0700,65.632,65.498,0.011,0.011
01.04.2021 06:34:34.367 GMT-0700,65.553,65.497,0.0008,0.0075
01.04.2021 06:34:34.417 GMT-0700,65.583,65.477,0.011,0.011
01.04.2021 06:34:34.468 GMT-0700,65.582,65.50800000000001,0.011,0.011
01.04.2021 06:34:35.410 GMT-0700,65.542,65.50800000000001,0.0008,0.011
01.04.2021 06:34:36.761 GMT-0700,65.542,65.50800000000001,0.0075,0.011
01.04.2021 06:34:36.812 GMT-0700,65.57300000000001,65.507,0.011,0.011
01.04.2021 06:34:36.862 GMT-0700,65.583,65.537,0.011,0.011
01.04.2021 06:34:36.912 GMT-0700,65.583,65.507,0.011,0.011
01.04.2021 06:34:37.519 GMT-0700,65.563,65.507,0.0075,0.011
01.04.2021 06:34:37.817 GMT-0700,65.563,65.507,0.0075,0.011
01.04.2021 06:34:37.868 GMT-0700,65.572,65.50800000000001,0.011,0.011
01.04.2021 06:34:39.130 GMT-0700,65.57300000000001,65.537,0.011,0.011
01.04.2021 06:34:39.248 GMT-0700,65.553,65.467,0.011,0.011
01.04.2021 06:34:39.299 GMT-0700,65.60300000000001,65.467,0.011,0.011
01.04.2021 06:34:39.349 GMT-0700,65.523,65.467,0.011,0.011
01.04.2021 06:34:40.283 GMT-0700,65.513,65.417,0.011,0.011
01.04.2021 06:34:40.849 GMT-0700,65.522,65.408,0.011,0.011
01.04.2021 06:34:40.950 GMT-0700,65.523,65.407,0.011,0.011
01.04.2021 06:34:41.588 GMT-0700,65.522,65.408,0.011,0.011
01.04.2021 06:34:41.742 GMT-0700,65.523,65.357,0.011,0.011
01.04.2021 06:34:41.792 GMT-0700,65.513,65.357,0.011,0.011
01.04.2021 06:34:41.893 GMT-0700,65.522,65.358,0.011,0.011
01.04.2021 06:34:41.978 GMT-0700,65.522,65.418,0.011,0.011
01.04.2021 06:34:42.263 GMT-0700,65.523,65.417,0.011,0.011
01.04.2021 06:34:42.313 GMT-0700,65.57300000000001,65.497,0.011,0.011
01.04.2021 06:34:42.414 GMT-0700,65.572,65.468,0.011,0.011
01.04.2021 06:34:42.947 GMT-0700,65.522,65.468,0.0008,0.011
01.04.2021 06:34:43.454 GMT-0700,65.523,65.487,0.011,0.011
01.04.2021 06:34:44.007 GMT-0700,65.523,65.487,0.011,0.011
01.04.2021 06:34:44.313 GMT-0700,65.523,65.507,0.011,0.011
01.04.2021 06:34:44.363 GMT-0700,65.522,65.498,0.011,0.011
01.04.2021 06:34:44.467 GMT-0700,65.513,65.497,0.0008,0.011
01.04.2021 06:34:44.517 GMT-0700,65.512,65.488,0.011,0.011
01.04.2021 06:34:45.347 GMT-0700,65.515,65.488,0.0075,0.011
01.04.2021 06:34:45.398 GMT-0700,65.55199999999999,65.488,0.011,0.011
01.04.2021 06:34:45.909 GMT-0700,65.533,65.487,0.0008,0.011
01.04.2021 06:34:45.959 GMT-0700,65.55199999999999,65.488,0.011,0.011
01.04.2021 06:34:46.993 GMT-0700,65.533,65.487,0.011,0.011
01.04.2021 06:34:47.044 GMT-0700,65.49300000000001,65.417,0.011,0.011
01.04.2021 06:34:47.596 GMT-0700,65.49300000000001,65.447,0.011,0.011
01.04.2021 06:34:48.029 GMT-0700,65.473,65.447,0.0008,0.011
01.04.2021 06:34:48.079 GMT-0700,65.472,65.418,0.011,0.011
01.04.2021 06:34:48.180 GMT-0700,65.472,65.408,0.011,0.011
01.04.2021 06:34:48.350 GMT-0700,65.452,65.408,0.0008,0.0075
01.04.2021 06:34:48.400 GMT-0700,65.472,65.388,0.011,0.011
01.04.2021 06:34:48.451 GMT-0700,65.453,65.357,0.011,0.011
01.04.2021 06:34:48.552 GMT-0700,65.453,65.347,0.011,0.011
01.04.2021 06:34:48.925 GMT-0700,65.453,65.387,0.011,0.011
01.04.2021 06:34:48.975 GMT-0700,65.453,65.337,0.011,0.011
01.04.2021 06:34:49.147 GMT-0700,65.453,65.347,0.011,0.011
01.04.2021 06:34:49.361 GMT-0700,65.453,65.337,0.011,0.011
01.04.2021 06:34:50.228 GMT-0700,65.453,65.415,0.011,0.0075
01.04.2021 06:34:50.278 GMT-0700,65.453,65.347,0.011,0.011
01.04.2021 06:34:50.407 GMT-0700,65.453,65.337,0.011,0.011
01.04.2021 06:34:50.870 GMT-0700,65.452,65.348,0.011,0.011
01.04.2021 06:34:50.920 GMT-0700,65.452,65.33800000000001,0.011,0.011
01.04.2021 06:34:51.429 GMT-0700,65.423,65.337,0.0075,0.011
01.04.2021 06:34:51.479 GMT-0700,65.393,65.287,0.011,0.011
01.04.2021 06:34:51.530 GMT-0700,65.453,65.287,0.011,0.011
01.04.2021 06:34:51.760 GMT-0700,65.402,65.288,0.0075,0.011
01.04.2021 06:34:52.112 GMT-0700,65.473,65.287,0.011,0.011
01.04.2021 06:34:52.163 GMT-0700,65.453,65.287,0.011,0.011
01.04.2021 06:34:52.923 GMT-0700,65.402,65.288,0.0008,0.011
01.04.2021 06:34:53.024 GMT-0700,65.402,65.288,0.011,0.011
01.04.2021 06:34:53.124 GMT-0700,65.402,65.308,0.011,0.011
01.04.2021 06:34:53.515 GMT-0700,65.403,65.317,0.011,0.011
01.04.2021 06:34:53.710 GMT-0700,65.402,65.318,0.011,0.011
01.04.2021 06:34:53.810 GMT-0700,65.403,65.307,0.011,0.011
01.04.2021 06:34:54.779 GMT-0700,65.403,65.317,0.011,0.011
01.04.2021 06:34:54.919 GMT-0700,65.402,65.358,0.011,0.011
01.04.2021 06:34:55.074 GMT-0700,65.403,65.307,0.011,0.011
01.04.2021 06:34:55.636 GMT-0700,65.402,65.308,0.011,0.011
01.04.2021 06:34:55.736 GMT-0700,65.402,65.308,0.011,0.011
01.04.2021 06:34:56.212 GMT-0700,65.38300000000001,65.307,0.0008,0.011
01.04.2021 06:34:56.262 GMT-0700,65.393,65.307,0.011,0.011
01.04.2021 06:34:56.313 GMT-0700,65.393,65.237,0.011,0.011
01.04.2021 06:34:56.363 GMT-0700,65.402,65.248,0.011,0.011
01.04.2021 06:34:56.707 GMT-0700,65.363,65.247,0.011,0.011
01.04.2021 06:34:56.808 GMT-0700,65.362,65.248,0.011,0.011
01.04.2021 06:34:56.888 GMT-0700,65.363,65.247,0.011,0.011
01.04.2021 06:34:56.938 GMT-0700,65.362,65.25800000000001,0.011,0.011
01.04.2021 06:34:56.989 GMT-0700,65.362,65.25800000000001,0.011,0.011
01.04.2021 06:34:57.090 GMT-0700,65.362,65.25800000000001,0.011,0.011
01.04.2021 06:34:57.190 GMT-0700,65.452,65.318,0.011,0.011
01.04.2021 06:34:57.494 GMT-0700,65.403,65.317,0.011,0.011
01.04.2021 06:34:58.791 GMT-0700,65.402,65.348,0.011,0.0075
01.04.2021 06:34:59.098 GMT-0700,65.442,65.348,0.011,0.011
01.04.2021 06:34:59.151 GMT-0700,65.442,65.36800000000001,0.011,0.0075
01.04.2021 06:34:59.302 GMT-0700,65.453,65.367,0.011,0.011
01.04.2021 06:34:59.567 GMT-0700,65.403,65.367,0.0008,0.011
01.04.2021 06:34:59.668 GMT-0700,65.453,65.367,0.011,0.011
01.04.2021 06:35:00.821 GMT-0700,65.432,65.36800000000001,0.0008,0.011
01.04.2021 06:35:00.872 GMT-0700,65.453,65.367,0.011,0.011
01.04.2021 06:35:00.959 GMT-0700,65.433,65.367,0.0008,0.011
01.04.2021 06:35:01.059 GMT-0700,65.462,65.388,0.011,0.0075
01.04.2021 06:35:01.110 GMT-0700,65.472,65.36800000000001,0.011,0.011
01.04.2021 06:35:01.160 GMT-0700,65.432,65.36800000000001,0.011,0.011
01.04.2021 06:35:01.715 GMT-0700,65.392,65.36800000000001,0.0008,0.011
01.04.2021 06:35:01.766 GMT-0700,65.472,65.36800000000001,0.011,0.011
01.04.2021 06:35:01.816 GMT-0700,65.462,65.36800000000001,0.011,0.011
01.04.2021 06:35:01.977 GMT-0700,65.472,65.36800000000001,0.011,0.011
01.04.2021 06:35:02.041 GMT-0700,65.422,65.36800000000001,0.011,0.011
01.04.2021 06:35:04.030 GMT-0700,65.422,65.378,0.011,0.011
01.04.2021 06:35:04.779 GMT-0700,65.46300000000001,65.377,0.011,0.011
01.04.2021 06:35:04.830 GMT-0700,65.452,65.378,0.011,0.011
01.04.2021 06:35:05.030 GMT-0700,65.453,65.397,0.011,0.011
01.04.2021 06:35:05.131 GMT-0700,65.46300000000001,65.377,0.011,0.011
01.04.2021 06:35:05.288 GMT-0700,65.453,65.377,0.0008,0.011
01.04.2021 06:35:05.476 GMT-0700,65.453,65.407,0.0075,0.011
01.04.2021 06:35:05.526 GMT-0700,65.46300000000001,65.417,0.011,0.011
01.04.2021 06:35:06.306 GMT-0700,65.46300000000001,65.377,0.011,0.011
01.04.2021 06:35:06.697 GMT-0700,65.472,65.428,0.011,0.011
01.04.2021 06:35:06.748 GMT-0700,65.472,65.378,0.011,0.011
01.04.2021 06:35:06.813 GMT-0700,65.473,65.377,0.011,0.011
01.04.2021 06:35:06.863 GMT-0700,65.472,65.378,0.011,0.011
01.04.2021 06:35:07.378 GMT-0700,65.522,65.438,0.011,0.011
01.04.2021 06:35:07.428 GMT-0700,65.533,65.437,0.011,0.011
01.04.2021 06:35:07.497 GMT-0700,65.532,65.458,0.011,0.011
01.04.2021 06:35:07.547 GMT-0700,65.532,65.438,0.011,0.011
01.04.2021 06:35:07.687 GMT-0700,65.512,65.438,0.0008,0.0075
01.04.2021 06:35:07.896 GMT-0700,65.572,65.498,0.011,0.011
01.04.2021 06:35:07.997 GMT-0700,65.63300000000001,65.527,0.011,0.011
01.04.2021 06:35:08.047 GMT-0700,65.632,65.558,0.011,0.011
01.04.2021 06:35:08.484 GMT-0700,65.60300000000001,65.557,0.0008,0.0075
01.04.2021 06:35:08.535 GMT-0700,65.602,65.488,0.011,0.011
01.04.2021 06:35:08.767 GMT-0700,65.563,65.487,0.0008,0.011
01.04.2021 06:35:08.817 GMT-0700,65.602,65.488,0.011,0.011
01.04.2021 06:35:09.096 GMT-0700,65.60300000000001,65.487,0.011,0.011
01.04.2021 06:35:09.146 GMT-0700,65.602,65.498,0.011,0.011
01.04.2021 06:35:10.736 GMT-0700,65.593,65.497,0.0075,0.011
01.04.2021 06:35:10.915 GMT-0700,65.593,65.537,0.0008,0.011
01.04.2021 06:35:11.168 GMT-0700,65.593,65.497,0.011,0.011
01.04.2021 06:35:11.219 GMT-0700,65.592,65.498,0.011,0.011
01.04.2021 06:35:12.685 GMT-0700,65.572,65.498,0.011,0.011
01.04.2021 06:35:12.736 GMT-0700,65.593,65.437,0.011,0.011
01.04.2021 06:35:12.786 GMT-0700,65.55199999999999,65.47800000000001,0.011,0.011
01.04.2021 06:35:12.837 GMT-0700,65.55199999999999,65.438,0.011,0.011
01.04.2021 06:35:12.887 GMT-0700,65.55199999999999,65.488,0.011,0.011
01.04.2021 06:35:13.000 GMT-0700,65.623,65.487,0.011,0.011
01.04.2021 06:35:13.387 GMT-0700,65.562,65.488,0.0008,0.011
01.04.2021 06:35:13.840 GMT-0700,65.562,65.488,0.011,0.011
01.04.2021 06:35:13.940 GMT-0700,65.562,65.488,0.011,0.011
01.04.2021 06:35:14.203 GMT-0700,65.562,65.398,0.011,0.011
01.04.2021 06:35:14.253 GMT-0700,65.562,65.428,0.011,0.011
01.04.2021 06:35:14.410 GMT-0700,65.563,65.437,0.011,0.0075
01.04.2021 06:35:14.460 GMT-0700,65.563,65.42699999999999,0.011,0.011
01.04.2021 06:35:14.941 GMT-0700,65.563,65.447,0.011,0.011
01.04.2021 06:35:14.991 GMT-0700,65.563,65.42699999999999,0.011,0.011
01.04.2021 06:35:15.055 GMT-0700,65.563,65.42699999999999,0.011,0.011
01.04.2021 06:35:15.256 GMT-0700,65.562,65.428,0.011,0.011
01.04.2021 06:35:15.621 GMT-0700,65.562,65.428,0.011,0.011
01.04.2021 06:35:15.787 GMT-0700,65.563,65.497,0.011,0.011
01.04.2021 06:35:16.790 GMT-0700,65.562,65.528,0.011,0.011
01.04.2021 06:35:16.840 GMT-0700,65.562,65.498,0.011,0.011
01.04.2021 06:35:16.923 GMT-0700,65.562,65.50800000000001,0.011,0.0075
01.04.2021 06:35:17.509 GMT-0700,65.562,65.50800000000001,0.011,0.011
01.04.2021 06:35:17.610 GMT-0700,65.562,65.50800000000001,0.011,0.011
01.04.2021 06:35:18.758 GMT-0700,65.563,65.517,0.011,0.0075
01.04.2021 06:35:19.000 GMT-0700,65.592,65.538,0.011,0.011
01.04.2021 06:35:19.522 GMT-0700,65.593,65.507,0.011,0.011
01.04.2021 06:35:19.785 GMT-0700,65.593,65.537,0.011,0.0075
01.04.2021 06:35:19.886 GMT-0700,65.592,65.50800000000001,0.011,0.011
01.04.2021 06:35:20.064 GMT-0700,65.593,65.537,0.011,0.011
01.04.2021 06:35:20.115 GMT-0700,65.592,65.50800000000001,0.011,0.011
01.04.2021 06:35:21.004 GMT-0700,65.563,65.507,0.0075,0.011
01.04.2021 06:35:21.104 GMT-0700,65.593,65.517,0.011,0.011
01.04.2021 06:35:21.155 GMT-0700,65.622,65.518,0.011,0.011
01.04.2021 06:35:21.214 GMT-0700,65.553,65.517,0.0008,0.011
01.04.2021 06:35:21.563 GMT-0700,65.55199999999999,65.528,0.0075,0.011
01.04.2021 06:35:21.613 GMT-0700,65.582,65.528,0.011,0.011
01.04.2021 06:35:21.664 GMT-0700,65.582,65.538,0.011,0.011
01.04.2021 06:35:21.714 GMT-0700,65.582,65.528,0.011,0.011
01.04.2021 06:35:21.765 GMT-0700,65.583,65.527,0.0075,0.011
01.04.2021 06:35:21.815 GMT-0700,65.60300000000001,65.537,0.011,0.011
01.04.2021 06:35:23.604 GMT-0700,65.582,65.538,0.0008,0.011
01.04.2021 06:35:23.654 GMT-0700,65.602,65.538,0.011,0.011
01.04.2021 06:35:24.023 GMT-0700,65.582,65.538,0.0008,0.011
01.04.2021 06:35:24.393 GMT-0700,65.553,65.527,0.011,0.011
01.04.2021 06:35:24.443 GMT-0700,65.602,65.528,0.011,0.011
01.04.2021 06:35:24.543 GMT-0700,65.583,65.527,0.011,0.011
01.04.2021 06:35:24.652 GMT-0700,65.582,65.538,0.011,0.0075
01.04.2021 06:35:25.263 GMT-0700,65.613,65.557,0.011,0.011
01.04.2021 06:35:26.217 GMT-0700,65.612,65.558,0.0075,0.011
01.04.2021 06:35:26.267 GMT-0700,65.682,65.568,0.011,0.011
01.04.2021 06:35:26.318 GMT-0700,65.682,65.558,0.011,0.011
01.04.2021 06:35:26.742 GMT-0700,65.642,65.558,0.0008,0.011
01.04.2021 06:35:26.958 GMT-0700,65.643,65.577,0.011,0.011
01.04.2021 06:35:27.058 GMT-0700,65.662,65.568,0.011,0.011
01.04.2021 06:35:27.109 GMT-0700,65.682,65.598,0.011,0.011
01.04.2021 06:35:27.159 GMT-0700,65.722,65.58800000000001,0.011,0.011
01.04.2021 06:35:27.210 GMT-0700,65.723,65.637,0.011,0.011
01.04.2021 06:35:27.310 GMT-0700,65.722,65.58800000000001,0.011,0.011
01.04.2021 06:35:27.896 GMT-0700,65.702,65.58800000000001,0.0008,0.011
01.04.2021 06:35:28.061 GMT-0700,65.653,65.597,0.011,0.011
01.04.2021 06:35:28.161 GMT-0700,65.652,65.58800000000001,0.011,0.011
01.04.2021 06:35:29.316 GMT-0700,65.673,65.637,0.011,0.011
01.04.2021 06:35:29.502 GMT-0700,65.702,65.638,0.011,0.011
01.04.2021 06:35:30.179 GMT-0700,65.673,65.637,0.011,0.011
01.04.2021 06:35:30.284 GMT-0700,65.682,65.608,0.011,0.011
01.04.2021 06:35:30.686 GMT-0700,65.722,65.638,0.011,0.011
01.04.2021 06:35:30.736 GMT-0700,65.723,65.647,0.011,0.011
01.04.2021 06:35:31.426 GMT-0700,65.702,65.648,0.0008,0.011
01.04.2021 06:35:31.819 GMT-0700,65.703,65.657,0.011,0.011
01.04.2021 06:35:31.869 GMT-0700,65.703,65.647,0.011,0.011
01.04.2021 06:35:31.920 GMT-0700,65.703,65.657,0.011,0.011
01.04.2021 06:35:32.034 GMT-0700,65.722,65.658,0.011,0.011
01.04.2021 06:35:32.085 GMT-0700,65.722,65.678,0.011,0.011
01.04.2021 06:35:32.185 GMT-0700,65.722,65.658,0.011,0.011
01.04.2021 06:35:32.855 GMT-0700,65.703,65.657,0.0075,0.011
01.04.2021 06:35:33.505 GMT-0700,65.672,65.648,0.011,0.011
01.04.2021 06:35:33.555 GMT-0700,65.702,65.648,0.011,0.011
01.04.2021 06:35:33.878 GMT-0700,65.753,65.647,0.011,0.011
01.04.2021 06:35:34.593 GMT-0700,65.742,65.648,0.0008,0.011
01.04.2021 06:35:34.731 GMT-0700,65.753,65.647,0.011,0.011
01.04.2021 06:35:34.786 GMT-0700,65.692,65.648,0.0008,0.011
01.04.2021 06:35:34.900 GMT-0700,65.702,65.648,0.011,0.011
01.04.2021 06:35:35.000 GMT-0700,65.783,65.657,0.011,0.011
01.04.2021 06:35:35.050 GMT-0700,65.763,65.647,0.011,0.011
01.04.2021 06:35:35.151 GMT-0700,65.702,65.628,0.011,0.011
01.04.2021 06:35:35.888 GMT-0700,65.702,65.648,0.011,0.0075
01.04.2021 06:35:35.939 GMT-0700,65.703,65.627,0.011,0.011
01.04.2021 06:35:36.676 GMT-0700,65.703,65.627,0.011,0.011
01.04.2021 06:35:37.118 GMT-0700,65.752,65.678,0.011,0.011
01.04.2021 06:35:37.169 GMT-0700,65.763,65.657,0.011,0.011
01.04.2021 06:35:37.222 GMT-0700,65.762,65.668,0.011,0.011
01.04.2021 06:35:37.272 GMT-0700,65.762,65.648,0.011,0.011
01.04.2021 06:35:37.322 GMT-0700,65.762,65.658,0.011,0.011
01.04.2021 06:35:37.594 GMT-0700,65.763,65.647,0.011,0.011
01.04.2021 06:35:37.672 GMT-0700,65.703,65.647,0.0075,0.011
01.04.2021 06:35:37.845 GMT-0700,65.762,65.678,0.011,0.011
01.04.2021 06:35:37.896 GMT-0700,65.762,65.648,0.011,0.011
01.04.2021 06:35:38.809 GMT-0700,65.752,65.648,0.0008,0.011
01.04.2021 06:35:38.909 GMT-0700,65.762,65.648,0.011,0.011
01.04.2021 06:35:38.965 GMT-0700,65.712,65.648,0.0075,0.011
01.04.2021 06:35:39.256 GMT-0700,65.71300000000001,65.647,0.0075,0.011
01.04.2021 06:35:39.306 GMT-0700,65.763,65.667,0.011,0.011
01.04.2021 06:35:39.596 GMT-0700,65.722,65.668,0.0075,0.011
01.04.2021 06:35:41.952 GMT-0700,65.762,65.678,0.011,0.011
01.04.2021 06:35:42.226 GMT-0700,65.722,65.678,0.0008,0.011
01.04.2021 06:35:43.119 GMT-0700,65.723,65.712,0.0008,0.0075
01.04.2021 06:35:43.170 GMT-0700,65.733,65.717,0.011,0.011
01.04.2021 06:35:43.393 GMT-0700,65.733,65.67699999999999,0.011,0.011
01.04.2021 06:35:43.656 GMT-0700,65.732,65.69800000000001,0.011,0.011
01.04.2021 06:35:44.104 GMT-0700,65.733,65.727,0.0008,0.0075
01.04.2021 06:35:44.155 GMT-0700,65.762,65.69800000000001,0.011,0.011
01.04.2021 06:35:44.263 GMT-0700,65.742,65.69800000000001,0.0075,0.011
01.04.2021 06:35:45.057 GMT-0700,65.732,65.69800000000001,0.0008,0.011
01.04.2021 06:35:45.157 GMT-0700,65.74300000000001,65.697,0.011,0.011
01.04.2021 06:35:46.456 GMT-0700,65.742,65.718,0.011,0.011
01.04.2021 06:35:46.600 GMT-0700,65.742,65.69800000000001,0.011,0.011
01.04.2021 06:35:46.828 GMT-0700,65.753,65.727,0.011,0.011
01.04.2021 06:35:47.335 GMT-0700,65.783,65.727,0.011,0.011
01.04.2021 06:35:49.056 GMT-0700,65.803,65.767,0.011,0.011
01.04.2021 06:35:49.106 GMT-0700,65.792,65.738,0.011,0.011
01.04.2021 06:35:49.222 GMT-0700,65.803,65.737,0.011,0.011
01.04.2021 06:35:50.079 GMT-0700,65.792,65.738,0.011,0.011
01.04.2021 06:35:50.129 GMT-0700,65.80199999999999,65.738,0.011,0.011
01.04.2021 06:35:50.334 GMT-0700,65.793,65.737,0.0008,0.011
01.04.2021 06:35:50.385 GMT-0700,65.872,65.738,0.011,0.011
01.04.2021 06:35:50.492 GMT-0700,65.85300000000001,65.737,0.011,0.011
01.04.2021 06:35:51.096 GMT-0700,65.80199999999999,65.738,0.0008,0.011
01.04.2021 06:35:51.230 GMT-0700,65.85300000000001,65.777,0.011,0.011
01.04.2021 06:35:51.281 GMT-0700,65.822,65.778,0.011,0.011
01.04.2021 06:35:51.331 GMT-0700,65.852,65.788,0.011,0.011
01.04.2021 06:35:51.666 GMT-0700,65.832,65.788,0.0008,0.011
01.04.2021 06:35:52.115 GMT-0700,65.832,65.798,0.011,0.011
01.04.2021 06:35:52.354 GMT-0700,65.852,65.808,0.011,0.011
01.04.2021 06:35:52.501 GMT-0700,65.852,65.808,0.011,0.011
01.04.2021 06:35:53.159 GMT-0700,65.852,65.788,0.011,0.011
01.04.2021 06:35:53.416 GMT-0700,65.852,65.818,0.011,0.0075
01.04.2021 06:35:53.782 GMT-0700,65.852,65.828,0.011,0.0075
01.04.2021 06:35:54.251 GMT-0700,65.852,65.828,0.0075,0.011
01.04.2021 06:35:54.301 GMT-0700,65.88300000000001,65.837,0.011,0.011
01.04.2021 06:35:54.352 GMT-0700,65.882,65.818,0.011,0.011
01.04.2021 06:35:54.528 GMT-0700,65.873,65.817,0.011,0.011
01.04.2021 06:35:54.652 GMT-0700,65.872,65.818,0.011,0.011
01.04.2021 06:35:54.702 GMT-0700,65.882,65.818,0.011,0.011
01.04.2021 06:35:54.965 GMT-0700,65.872,65.818,0.0008,0.011
01.04.2021 06:35:55.015 GMT-0700,65.88300000000001,65.817,0.011,0.011
01.04.2021 06:35:55.644 GMT-0700,65.882,65.828,0.011,0.011
01.04.2021 06:35:55.834 GMT-0700,65.882,65.828,0.011,0.011
01.04.2021 06:35:55.934 GMT-0700,65.882,65.818,0.011,0.011
01.04.2021 06:35:56.358 GMT-0700,65.85300000000001,65.817,0.011,0.011
01.04.2021 06:35:56.408 GMT-0700,65.882,65.818,0.011,0.011
01.04.2021 06:35:56.717 GMT-0700,65.88300000000001,65.817,0.011,0.011
01.04.2021 06:35:56.767 GMT-0700,65.882,65.818,0.011,0.011
01.04.2021 06:35:57.229 GMT-0700,65.88300000000001,65.817,0.011,0.011
01.04.2021 06:35:57.329 GMT-0700,65.882,65.818,0.011,0.011
01.04.2021 06:35:57.397 GMT-0700,65.88300000000001,65.817,0.011,0.011
01.04.2021 06:35:57.447 GMT-0700,65.882,65.818,0.011,0.011
01.04.2021 06:35:57.800 GMT-0700,65.873,65.817,0.0008,0.011
01.04.2021 06:35:57.850 GMT-0700,65.882,65.818,0.011,0.011
01.04.2021 06:35:58.135 GMT-0700,65.872,65.828,0.0075,0.0075
01.04.2021 06:35:58.185 GMT-0700,65.872,65.818,0.011,0.011
01.04.2021 06:35:59.428 GMT-0700,65.872,65.828,0.011,0.011
01.04.2021 06:35:59.657 GMT-0700,65.873,65.817,0.011,0.011
01.04.2021 06:35:59.897 GMT-0700,65.872,65.818,0.0075,0.011
01.04.2021 06:35:59.947 GMT-0700,65.952,65.878,0.011,0.011
01.04.2021 06:35:59.998 GMT-0700,65.962,65.828,0.011,0.011
01.04.2021 06:36:00.098 GMT-0700,65.903,65.817,0.011,0.011
01.04.2021 06:36:00.299 GMT-0700,65.892,65.818,0.011,0.011
01.04.2021 06:36:00.349 GMT-0700,65.903,65.817,0.011,0.011
01.04.2021 06:36:00.450 GMT-0700,65.96300000000001,65.817,0.011,0.011
01.04.2021 06:36:00.500 GMT-0700,65.953,65.847,0.011,0.011
01.04.2021 06:36:00.550 GMT-0700,65.96300000000001,65.847,0.011,0.011
01.04.2021 06:36:00.761 GMT-0700,65.962,65.818,0.011,0.011
01.04.2021 06:36:00.866 GMT-0700,65.953,65.907,0.0008,0.011
01.04.2021 06:36:00.988 GMT-0700,65.952,65.908,0.0075,0.011
01.04.2021 06:36:01.039 GMT-0700,65.983,65.907,0.011,0.011
01.04.2021 06:36:02.025 GMT-0700,65.973,65.907,0.011,0.011
01.04.2021 06:36:02.076 GMT-0700,65.982,65.908,0.011,0.011
01.04.2021 06:36:02.176 GMT-0700,65.983,65.92699999999999,0.011,0.011
01.04.2021 06:36:02.853 GMT-0700,66.032,65.908,0.011,0.011
01.04.2021 06:36:02.956 GMT-0700,65.983,65.907,0.011,0.011
01.04.2021 06:36:03.057 GMT-0700,65.972,65.908,0.011,0.011
01.04.2021 06:36:03.270 GMT-0700,65.992,65.918,0.011,0.011
01.04.2021 06:36:03.321 GMT-0700,65.99300000000001,65.957,0.011,0.011
01.04.2021 06:36:03.371 GMT-0700,66.05199999999999,65.958,0.011,0.011
01.04.2021 06:36:03.433 GMT-0700,66.05199999999999,65.988,0.011,0.011
01.04.2021 06:36:03.483 GMT-0700,66.053,65.967,0.011,0.011
01.04.2021 06:36:03.638 GMT-0700,66.002,65.968,0.0008,0.0075
01.04.2021 06:36:03.688 GMT-0700,66.002,65.958,0.011,0.011
01.04.2021 06:36:03.941 GMT-0700,66.003,65.957,0.0075,0.011
01.04.2021 06:36:03.992 GMT-0700,66.043,65.967,0.011,0.011
01.04.2021 06:36:04.092 GMT-0700,66.002,65.968,0.011,0.011
01.04.2021 06:36:04.143 GMT-0700,66.003,65.957,0.011,0.011
01.04.2021 06:36:05.368 GMT-0700,66.002,65.968,0.011,0.0075
01.04.2021 06:36:05.841 GMT-0700,66.002,65.97800000000001,0.0008,0.0075
01.04.2021 06:36:05.891 GMT-0700,66.043,65.977,0.011,0.011
01.04.2021 06:36:05.942 GMT-0700,66.05199999999999,65.97800000000001,0.011,0.011
01.04.2021 06:36:05.992 GMT-0700,66.05199999999999,66.00800000000001,0.011,0.011
01.04.2021 06:36:06.042 GMT-0700,66.102,66.00800000000001,0.011,0.011
01.04.2021 06:36:06.869 GMT-0700,66.033,66.007,0.0008,0.0075
01.04.2021 06:36:06.920 GMT-0700,66.102,65.998,0.011,0.011
01.04.2021 06:36:07.306 GMT-0700,66.05199999999999,65.97800000000001,0.011,0.011
01.04.2021 06:36:07.407 GMT-0700,66.013,65.967,0.011,0.011
01.04.2021 06:36:07.457 GMT-0700,66.05199999999999,65.968,0.011,0.011
01.04.2021 06:36:07.759 GMT-0700,66.002,65.968,0.011,0.011
01.04.2021 06:36:07.809 GMT-0700,66.012,65.968,0.011,0.011
01.04.2021 06:36:07.860 GMT-0700,66.05199999999999,65.97800000000001,0.011,0.011
01.04.2021 06:36:08.169 GMT-0700,66.023,65.977,0.011,0.011
01.04.2021 06:36:09.947 GMT-0700,65.99300000000001,65.977,0.0008,0.0075
01.04.2021 06:36:09.998 GMT-0700,65.983,65.917,0.011,0.011
01.04.2021 06:36:10.048 GMT-0700,65.983,65.957,0.011,0.011
01.04.2021 06:36:10.099 GMT-0700,65.99300000000001,65.957,0.011,0.011
01.04.2021 06:36:10.492 GMT-0700,65.99300000000001,65.967,0.0008,0.0075
01.04.2021 06:36:10.542 GMT-0700,66.043,65.957,0.011,0.011
01.04.2021 06:36:10.701 GMT-0700,66.042,65.958,0.011,0.011
01.04.2021 06:36:11.375 GMT-0700,66.013,65.967,0.011,0.011
01.04.2021 06:36:12.398 GMT-0700,66.022,65.97800000000001,0.011,0.011
01.04.2021 06:36:12.498 GMT-0700,66.042,65.97800000000001,0.011,0.011
01.04.2021 06:36:12.781 GMT-0700,66.042,65.97800000000001,0.011,0.011
01.04.2021 06:36:12.831 GMT-0700,66.043,65.967,0.011,0.011
01.04.2021 06:36:13.068 GMT-0700,66.022,65.968,0.0008,0.011
01.04.2021 06:36:13.235 GMT-0700,66.033,65.997,0.0008,0.011
01.04.2021 06:36:13.285 GMT-0700,66.042,65.998,0.011,0.011
01.04.2021 06:36:13.839 GMT-0700,66.012,65.998,0.0008,0.0075
01.04.2021 06:36:13.889 GMT-0700,66.013,65.977,0.011,0.011
01.04.2021 06:36:14.211 GMT-0700,65.982,65.975,0.0008,0.0075
01.04.2021 06:36:14.262 GMT-0700,65.992,65.928,0.011,0.011
01.04.2021 06:36:14.404 GMT-0700,65.99300000000001,65.917,0.011,0.011
01.04.2021 06:36:14.567 GMT-0700,66.013,65.917,0.011,0.011
01.04.2021 06:36:15.211 GMT-0700,66.013,65.917,0.011,0.011
01.04.2021 06:36:15.443 GMT-0700,65.973,65.917,0.011,0.011
01.04.2021 06:36:15.506 GMT-0700,66.022,65.928,0.011,0.011
01.04.2021 06:36:15.580 GMT-0700,65.992,65.928,0.0008,0.011
01.04.2021 06:36:15.927 GMT-0700,65.972,65.928,0.011,0.011
01.04.2021 06:36:16.150 GMT-0700,65.96300000000001,65.92699999999999,0.0008,0.011
01.04.2021 06:36:16.201 GMT-0700,65.973,65.92699999999999,0.011,0.011
01.04.2021 06:36:16.271 GMT-0700,66.05199999999999,65.928,0.011,0.011
01.04.2021 06:36:16.321 GMT-0700,65.973,65.92699999999999,0.011,0.011
01.04.2021 06:36:16.371 GMT-0700,65.953,65.867,0.011,0.011
01.04.2021 06:36:16.422 GMT-0700,65.933,65.877,0.011,0.011
01.04.2021 06:36:16.719 GMT-0700,65.932,65.878,0.011,0.011
01.04.2021 06:36:16.769 GMT-0700,65.933,65.877,0.011,0.011
01.04.2021 06:36:18.154 GMT-0700,65.938,65.917,0.0008,0.0075
01.04.2021 06:36:18.205 GMT-0700,65.972,65.878,0.011,0.011
01.04.2021 06:36:18.300 GMT-0700,65.952,65.898,0.011,0.011
01.04.2021 06:36:18.495 GMT-0700,65.952,65.878,0.011,0.011
01.04.2021 06:36:19.102 GMT-0700,65.952,65.878,0.011,0.011
01.04.2021 06:36:19.203 GMT-0700,65.952,65.878,0.011,0.011
01.04.2021 06:36:19.380 GMT-0700,65.953,65.877,0.011,0.011
01.04.2021 06:36:19.774 GMT-0700,65.952,65.878,0.011,0.011
01.04.2021 06:36:19.824 GMT-0700,65.952,65.898,0.011,0.011
01.04.2021 06:36:19.874 GMT-0700,65.952,65.878,0.011,0.011
01.04.2021 06:36:19.925 GMT-0700,65.953,65.897,0.011,0.011
01.04.2021 06:36:20.064 GMT-0700,65.952,65.878,0.011,0.011
01.04.2021 06:36:20.323 GMT-0700,65.952,65.86800000000001,0.011,0.011
01.04.2021 06:36:20.530 GMT-0700,65.942,65.86800000000001,0.0008,0.0075
01.04.2021 06:36:20.580 GMT-0700,65.972,65.83800000000001,0.011,0.011
01.04.2021 06:36:20.630 GMT-0700,65.973,65.887,0.011,0.011
01.04.2021 06:36:21.085 GMT-0700,65.96300000000001,65.887,0.011,0.011
01.04.2021 06:36:21.204 GMT-0700,65.973,65.887,0.011,0.011
01.04.2021 06:36:21.849 GMT-0700,65.96300000000001,65.887,0.0075,0.011
01.04.2021 06:36:21.899 GMT-0700,65.972,65.888,0.011,0.011
01.04.2021 06:36:22.119 GMT-0700,65.942,65.888,0.0008,0.011
01.04.2021 06:36:22.859 GMT-0700,65.96300000000001,65.887,0.011,0.011
01.04.2021 06:36:22.909 GMT-0700,65.943,65.887,0.011,0.011
01.04.2021 06:36:23.071 GMT-0700,65.942,65.888,0.0075,0.011
01.04.2021 06:36:23.122 GMT-0700,65.973,65.897,0.011,0.011
01.04.2021 06:36:23.451 GMT-0700,65.972,65.888,0.011,0.011
01.04.2021 06:36:23.511 GMT-0700,65.973,65.887,0.0075,0.011
01.04.2021 06:36:23.562 GMT-0700,66.053,65.907,0.011,0.011
01.04.2021 06:36:23.617 GMT-0700,65.983,65.907,0.011,0.011
01.04.2021 06:36:23.755 GMT-0700,66.05199999999999,65.908,0.011,0.011
01.04.2021 06:36:23.960 GMT-0700,65.983,65.907,0.0008,0.011
01.04.2021 06:36:24.461 GMT-0700,65.962,65.908,0.0008,0.011
01.04.2021 06:36:24.609 GMT-0700,65.952,65.918,0.0008,0.011
01.04.2021 06:36:24.659 GMT-0700,65.962,65.918,0.011,0.011
01.04.2021 06:36:24.769 GMT-0700,65.933,65.917,0.0008,0.0075
01.04.2021 06:36:24.820 GMT-0700,65.943,65.867,0.011,0.011
01.04.2021 06:36:25.365 GMT-0700,65.932,65.86800000000001,0.0008,0.011
01.04.2021 06:36:26.070 GMT-0700,65.933,65.867,0.0075,0.011
01.04.2021 06:36:26.120 GMT-0700,65.962,65.86800000000001,0.011,0.011
01.04.2021 06:36:26.556 GMT-0700,65.962,65.86800000000001,0.011,0.011
01.04.2021 06:36:26.937 GMT-0700,65.942,65.888,0.0075,0.011
01.04.2021 06:36:27.103 GMT-0700,65.942,65.888,0.011,0.011
01.04.2021 06:36:29.109 GMT-0700,65.942,65.908,0.011,0.0075
01.04.2021 06:36:29.264 GMT-0700,65.933,65.907,0.0075,0.011
01.04.2021 06:36:29.314 GMT-0700,65.942,65.908,0.011,0.011
01.04.2021 06:36:29.762 GMT-0700,65.943,65.907,0.0075,0.011
01.04.2021 06:36:29.826 GMT-0700,65.962,65.928,0.0075,0.011
01.04.2021 06:36:29.876 GMT-0700,66.013,65.957,0.011,0.011
01.04.2021 06:36:30.569 GMT-0700,66.002,65.958,0.011,0.011
01.04.2021 06:36:31.962 GMT-0700,66.012,65.958,0.011,0.011
01.04.2021 06:36:32.165 GMT-0700,66.013,65.947,0.011,0.011
01.04.2021 06:36:32.712 GMT-0700,66.032,65.94800000000001,0.011,0.011
01.04.2021 06:36:33.863 GMT-0700,66.10300000000001,65.947,0.011,0.011
01.04.2021 06:36:33.999 GMT-0700,66.093,65.947,0.0008,0.011
01.04.2021 06:36:34.049 GMT-0700,66.093,65.957,0.011,0.011
01.04.2021 06:36:34.100 GMT-0700,66.093,65.937,0.011,0.011
01.04.2021 06:36:34.928 GMT-0700,66.102,65.938,0.011,0.011
01.04.2021 06:36:35.472 GMT-0700,66.05199999999999,65.938,0.0008,0.011
01.04.2021 06:36:35.522 GMT-0700,66.05199999999999,65.938,0.011,0.011
01.04.2021 06:36:35.734 GMT-0700,66.053,65.947,0.011,0.0075
01.04.2021 06:36:36.026 GMT-0700,66.05199999999999,65.938,0.011,0.011
01.04.2021 06:36:36.405 GMT-0700,66.05199999999999,65.938,0.011,0.011
01.04.2021 06:36:36.610 GMT-0700,66.053,65.957,0.011,0.011
01.04.2021 06:36:36.710 GMT-0700,66.05199999999999,65.958,0.011,0.011
01.04.2021 06:36:37.951 GMT-0700,66.05199999999999,65.958,0.011,0.011
01.04.2021 06:36:38.102 GMT-0700,66.093,66.037,0.011,0.011
01.04.2021 06:36:38.261 GMT-0700,66.063,66.037,0.0008,0.0075
01.04.2021 06:36:38.311 GMT-0700,66.062,66.028,0.011,0.011
01.04.2021 06:36:38.411 GMT-0700,66.07300000000001,66.027,0.011,0.011
01.04.2021 06:36:38.462 GMT-0700,66.102,66.038,0.011,0.011
01.04.2021 06:36:38.666 GMT-0700,66.092,66.028,0.0008,0.011
01.04.2021 06:36:38.716 GMT-0700,66.102,66.028,0.011,0.011
01.04.2021 06:36:39.305 GMT-0700,66.062,66.028,0.0008,0.0075
01.04.2021 06:36:39.355 GMT-0700,66.063,65.987,0.011,0.011
01.04.2021 06:36:40.314 GMT-0700,66.062,65.97800000000001,0.011,0.011
01.04.2021 06:36:40.542 GMT-0700,66.102,65.998,0.011,0.011
01.04.2021 06:36:41.196 GMT-0700,66.093,65.997,0.0008,0.011
01.04.2021 06:36:41.450 GMT-0700,66.10300000000001,65.997,0.011,0.011
01.04.2021 06:36:41.781 GMT-0700,66.102,66.028,0.011,0.0075
01.04.2021 06:36:41.905 GMT-0700,66.092,66.028,0.0008,0.011
01.04.2021 06:36:42.154 GMT-0700,66.102,66.028,0.011,0.011
01.04.2021 06:36:42.799 GMT-0700,66.092,65.998,0.011,0.011
01.04.2021 06:36:42.899 GMT-0700,66.072,65.998,0.011,0.011
01.04.2021 06:36:43.340 GMT-0700,66.07300000000001,65.987,0.011,0.011
01.04.2021 06:36:43.530 GMT-0700,66.042,65.988,0.0008,0.011
01.04.2021 06:36:43.630 GMT-0700,66.062,65.918,0.011,0.011
01.04.2021 06:36:43.681 GMT-0700,66.003,65.937,0.011,0.011
01.04.2021 06:36:43.832 GMT-0700,66.003,65.947,0.011,0.011
01.04.2021 06:36:44.082 GMT-0700,65.953,65.867,0.011,0.011
01.04.2021 06:36:44.132 GMT-0700,65.953,65.907,0.011,0.011
01.04.2021 06:36:44.233 GMT-0700,65.952,65.86800000000001,0.011,0.011
01.04.2021 06:36:44.412 GMT-0700,65.953,65.857,0.011,0.011
01.04.2021 06:36:44.642 GMT-0700,65.923,65.857,0.0008,0.011
01.04.2021 06:36:44.692 GMT-0700,65.932,65.858,0.011,0.011
01.04.2021 06:36:44.853 GMT-0700,65.913,65.857,0.011,0.011
01.04.2021 06:36:44.903 GMT-0700,65.912,65.83800000000001,0.011,0.011
01.04.2021 06:36:44.961 GMT-0700,65.912,65.808,0.011,0.011
01.04.2021 06:36:45.012 GMT-0700,65.912,65.798,0.011,0.011
01.04.2021 06:36:45.120 GMT-0700,65.903,65.797,0.0008,0.011
01.04.2021 06:36:45.291 GMT-0700,65.913,65.797,0.011,0.011
01.04.2021 06:36:45.512 GMT-0700,65.913,65.797,0.011,0.011
01.04.2021 06:36:45.632 GMT-0700,65.912,65.798,0.011,0.011
01.04.2021 06:36:46.058 GMT-0700,65.912,65.808,0.0008,0.0075
01.04.2021 06:36:46.108 GMT-0700,65.922,65.808,0.011,0.011
01.04.2021 06:36:46.159 GMT-0700,65.943,65.797,0.011,0.011
01.04.2021 06:36:46.659 GMT-0700,65.933,65.797,0.0008,0.011
01.04.2021 06:36:46.852 GMT-0700,65.942,65.858,0.011,0.011
01.04.2021 06:36:46.902 GMT-0700,65.942,65.848,0.011,0.011
01.04.2021 06:36:47.683 GMT-0700,65.932,65.848,0.0008,0.011
01.04.2021 06:36:47.783 GMT-0700,65.943,65.847,0.011,0.011
01.04.2021 06:36:47.844 GMT-0700,65.893,65.847,0.0008,0.011
01.04.2021 06:36:48.286 GMT-0700,65.88300000000001,65.847,0.011,0.011
01.04.2021 06:36:49.016 GMT-0700,65.888,65.847,0.0075,0.011
01.04.2021 06:36:49.066 GMT-0700,65.932,65.848,0.011,0.011
01.04.2021 06:36:49.117 GMT-0700,65.942,65.848,0.011,0.011
01.04.2021 06:36:49.355 GMT-0700,65.99300000000001,65.847,0.011,0.011
01.04.2021 06:36:49.406 GMT-0700,65.96300000000001,65.857,0.011,0.011
01.04.2021 06:36:49.506 GMT-0700,65.962,65.848,0.011,0.011
01.04.2021 06:36:49.864 GMT-0700,65.962,65.898,0.011,0.011
01.04.2021 06:36:50.028 GMT-0700,65.953,65.847,0.011,0.011
01.04.2021 06:36:50.356 GMT-0700,65.96300000000001,65.847,0.011,0.011
01.04.2021 06:36:50.447 GMT-0700,65.96300000000001,65.847,0.011,0.011
01.04.2021 06:36:50.741 GMT-0700,65.952,65.858,0.011,0.011
01.04.2021 06:36:50.791 GMT-0700,65.962,65.858,0.011,0.011
01.04.2021 06:36:50.885 GMT-0700,65.953,65.857,0.0008,0.011
01.04.2021 06:36:50.986 GMT-0700,65.942,65.858,0.011,0.011
01.04.2021 06:36:51.764 GMT-0700,65.932,65.858,0.0075,0.011
01.04.2021 06:36:51.814 GMT-0700,65.942,65.858,0.011,0.011
01.04.2021 06:36:52.211 GMT-0700,65.992,65.858,0.011,0.011
01.04.2021 06:36:52.312 GMT-0700,65.982,65.858,0.011,0.011
01.04.2021 06:36:52.362 GMT-0700,65.992,65.858,0.011,0.011
01.04.2021 06:36:53.680 GMT-0700,65.982,65.858,0.0008,0.011
01.04.2021 06:36:54.673 GMT-0700,65.933,65.857,0.0008,0.011
01.04.2021 06:36:54.824 GMT-0700,65.882,65.808,0.011,0.011
01.04.2021 06:36:55.899 GMT-0700,65.88300000000001,65.827,0.011,0.0075
01.04.2021 06:36:55.949 GMT-0700,65.88300000000001,65.807,0.011,0.011
01.04.2021 06:36:56.439 GMT-0700,65.85300000000001,65.767,0.011,0.011
01.04.2021 06:36:56.552 GMT-0700,65.882,65.788,0.011,0.0075
01.04.2021 06:36:57.154 GMT-0700,65.803,65.737,0.011,0.011
01.04.2021 06:36:57.204 GMT-0700,65.82300000000001,65.717,0.011,0.011
01.04.2021 06:36:57.254 GMT-0700,65.782,65.718,0.011,0.011
01.04.2021 06:36:57.379 GMT-0700,65.792,65.718,0.011,0.011
01.04.2021 06:36:57.597 GMT-0700,65.742,65.678,0.0075,0.011
01.04.2021 06:36:57.647 GMT-0700,65.753,65.67699999999999,0.011,0.011
01.04.2021 06:36:57.748 GMT-0700,65.80199999999999,65.678,0.011,0.011
01.04.2021 06:36:57.849 GMT-0700,65.822,65.718,0.011,0.011
01.04.2021 06:36:57.927 GMT-0700,65.82300000000001,65.667,0.011,0.011
01.04.2021 06:36:58.009 GMT-0700,65.82300000000001,65.67699999999999,0.011,0.011
01.04.2021 06:36:58.059 GMT-0700,65.82300000000001,65.667,0.011,0.011
01.04.2021 06:36:58.677 GMT-0700,65.792,65.678,0.011,0.011
01.04.2021 06:36:58.727 GMT-0700,65.793,65.667,0.011,0.011
01.04.2021 06:36:58.924 GMT-0700,65.753,65.667,0.0008,0.011
01.04.2021 06:36:59.025 GMT-0700,65.792,65.668,0.011,0.011
01.04.2021 06:36:59.238 GMT-0700,65.792,65.668,0.011,0.011
01.04.2021 06:36:59.289 GMT-0700,65.772,65.678,0.011,0.011
01.04.2021 06:36:59.524 GMT-0700,65.773,65.707,0.011,0.011
01.04.2021 06:36:59.574 GMT-0700,65.782,65.708,0.011,0.011
01.04.2021 06:36:59.923 GMT-0700,65.773,65.707,0.011,0.011
01.04.2021 06:37:00.033 GMT-0700,65.752,65.708,0.011,0.011
01.04.2021 06:37:00.425 GMT-0700,65.793,65.707,0.011,0.011
01.04.2021 06:37:00.495 GMT-0700,65.793,65.717,0.011,0.011
01.04.2021 06:37:01.131 GMT-0700,65.752,65.718,0.011,0.011
01.04.2021 06:37:01.309 GMT-0700,65.752,65.708,0.011,0.011
01.04.2021 06:37:01.594 GMT-0700,65.752,65.708,0.011,0.011
01.04.2021 06:37:01.694 GMT-0700,65.752,65.708,0.011,0.011
01.04.2021 06:37:01.796 GMT-0700,65.752,65.737,0.011,0.0075
01.04.2021 06:37:02.181 GMT-0700,65.793,65.737,0.011,0.011
01.04.2021 06:37:02.232 GMT-0700,65.842,65.738,0.011,0.011
01.04.2021 06:37:02.282 GMT-0700,65.843,65.747,0.011,0.011
01.04.2021 06:37:02.871 GMT-0700,65.832,65.748,0.0008,0.011
01.04.2021 06:37:02.921 GMT-0700,65.842,65.748,0.011,0.011
01.04.2021 06:37:03.268 GMT-0700,65.793,65.747,0.0008,0.0075
01.04.2021 06:37:03.319 GMT-0700,65.843,65.737,0.011,0.011
01.04.2021 06:37:03.440 GMT-0700,65.833,65.737,0.0008,0.011
01.04.2021 06:37:03.541 GMT-0700,65.842,65.738,0.011,0.011
01.04.2021 06:37:03.628 GMT-0700,65.842,65.708,0.011,0.011
01.04.2021 06:37:03.679 GMT-0700,65.842,65.72800000000001,0.011,0.011
01.04.2021 06:37:03.773 GMT-0700,65.85300000000001,65.727,0.011,0.011
01.04.2021 06:37:03.823 GMT-0700,65.85300000000001,65.737,0.011,0.011
01.04.2021 06:37:03.949 GMT-0700,65.843,65.737,0.0008,0.011
01.04.2021 06:37:04.261 GMT-0700,65.843,65.737,0.0075,0.011
01.04.2021 06:37:04.312 GMT-0700,65.852,65.808,0.011,0.011
01.04.2021 06:37:05.396 GMT-0700,65.892,65.738,0.011,0.011
01.04.2021 06:37:05.496 GMT-0700,65.892,65.768,0.011,0.011
01.04.2021 06:37:06.049 GMT-0700,65.892,65.778,0.011,0.0075
01.04.2021 06:37:06.293 GMT-0700,65.892,65.768,0.011,0.011
01.04.2021 06:37:06.870 GMT-0700,65.892,65.768,0.011,0.011
01.04.2021 06:37:07.175 GMT-0700,65.893,65.767,0.011,0.011
01.04.2021 06:37:08.571 GMT-0700,65.892,65.768,0.011,0.011
01.04.2021 06:37:08.672 GMT-0700,65.893,65.767,0.011,0.011
01.04.2021 06:37:09.525 GMT-0700,65.892,65.778,0.011,0.0075
01.04.2021 06:37:09.575 GMT-0700,65.893,65.767,0.011,0.011
01.04.2021 06:37:09.852 GMT-0700,65.872,65.768,0.0008,0.011
01.04.2021 06:37:10.436 GMT-0700,65.822,65.778,0.011,0.011
01.04.2021 06:37:10.487 GMT-0700,65.783,65.697,0.011,0.011
01.04.2021 06:37:10.587 GMT-0700,65.702,65.648,0.011,0.011
01.04.2021 06:37:10.637 GMT-0700,65.762,65.648,0.011,0.011
01.04.2021 06:37:10.687 GMT-0700,65.683,65.647,0.011,0.011
01.04.2021 06:37:10.738 GMT-0700,65.762,65.648,0.011,0.011
01.04.2021 06:37:10.798 GMT-0700,65.74300000000001,65.647,0.011,0.011
