Local time,Ask,Bid,AskVolume,BidVolume
31.03.2021 06:30:05.233 GMT-0700,64.05199999999999,63.298,0.011,0.011
31.03.2021 06:30:19.874 GMT-0700,64.05199999999999,63.458000000000006,0.011,0.011
31.03.2021 06:30:21.689 GMT-0700,64.053,63.457,0.011,0.011
31.03.2021 06:30:21.739 GMT-0700,64.05199999999999,63.458000000000006,0.011,0.011
31.03.2021 06:30:22.144 GMT-0700,64.053,63.297,0.011,0.011
31.03.2021 06:30:25.607 GMT-0700,64.043,63.297,0.0008,0.011
31.03.2021 06:30:26.464 GMT-0700,64.043,63.297,0.011,0.011
31.03.2021 06:30:26.565 GMT-0700,64.043,63.297,0.011,0.011
31.03.2021 06:30:29.440 GMT-0700,64.043,63.297,0.011,0.011
31.03.2021 06:30:29.541 GMT-0700,64.033,63.607,0.011,0.011
31.03.2021 06:30:29.642 GMT-0700,64.033,63.597,0.011,0.011
31.03.2021 06:30:29.843 GMT-0700,64.033,63.647,0.011,0.011
31.03.2021 06:30:29.893 GMT-0700,64.032,63.598000000000006,0.011,0.011
31.03.2021 06:30:32.343 GMT-0700,63.952,62.998000000000005,0.0008,0.011
31.03.2021 06:30:32.393 GMT-0700,63.953,63.787,0.011,0.011
31.03.2021 06:30:32.616 GMT-0700,64.203,63.937,0.011,0.011
31.03.2021 06:30:32.995 GMT-0700,63.973000000000006,63.807,0.011,0.011
31.03.2021 06:30:33.087 GMT-0700,63.973000000000006,63.807,0.0075,0.011
31.03.2021 06:30:33.608 GMT-0700,64.283,63.887,0.011,0.011
31.03.2021 06:30:37.053 GMT-0700,64.032,63.888000000000005,0.011,0.011
31.03.2021 06:30:39.055 GMT-0700,64.033,63.897,0.011,0.011
31.03.2021 06:30:39.105 GMT-0700,64.043,63.887,0.011,0.011
31.03.2021 06:30:39.155 GMT-0700,64.032,63.888000000000005,0.011,0.011
31.03.2021 06:30:39.297 GMT-0700,64.042,63.888000000000005,0.011,0.011
31.03.2021 06:30:39.347 GMT-0700,64.032,63.888000000000005,0.011,0.011
31.03.2021 06:30:39.490 GMT-0700,64.043,63.887,0.011,0.011
31.03.2021 06:30:40.088 GMT-0700,64.012,63.888000000000005,0.0008,0.011
31.03.2021 06:30:40.239 GMT-0700,64.042,63.898,0.011,0.011
31.03.2021 06:30:40.637 GMT-0700,64.043,64.007,0.0008,0.0075
31.03.2021 06:30:41.088 GMT-0700,64.293,63.997,0.011,0.011
31.03.2021 06:30:42.138 GMT-0700,64.21300000000001,63.847,0.011,0.011
31.03.2021 06:30:43.107 GMT-0700,64.13300000000001,63.857,0.011,0.011
31.03.2021 06:30:43.220 GMT-0700,64.123,63.947,0.0008,0.011
31.03.2021 06:30:43.270 GMT-0700,64.132,63.948,0.011,0.011
31.03.2021 06:30:44.089 GMT-0700,64.112,63.948,0.011,0.011
31.03.2021 06:30:45.784 GMT-0700,64.193,63.947,0.011,0.011
31.03.2021 06:30:46.755 GMT-0700,64.183,63.957,0.0075,0.0075
31.03.2021 06:30:47.016 GMT-0700,64.193,63.947,0.011,0.011
31.03.2021 06:30:47.274 GMT-0700,64.172,63.948,0.011,0.011
31.03.2021 06:30:48.689 GMT-0700,64.092,63.948,0.0008,0.011
31.03.2021 06:30:48.982 GMT-0700,64.092,63.948,0.011,0.011
31.03.2021 06:30:50.522 GMT-0700,64.153,63.887,0.011,0.011
31.03.2021 06:30:51.166 GMT-0700,64.152,63.918000000000006,0.011,0.011
31.03.2021 06:30:51.373 GMT-0700,64.143,63.917,0.0008,0.011
31.03.2021 06:30:51.474 GMT-0700,64.152,63.918000000000006,0.011,0.011
31.03.2021 06:30:56.932 GMT-0700,64.043,63.917,0.0008,0.011
31.03.2021 06:30:57.393 GMT-0700,64.023,63.937,0.0075,0.0075
31.03.2021 06:30:57.493 GMT-0700,64.153,63.937,0.011,0.011
31.03.2021 06:30:57.594 GMT-0700,64.082,63.938,0.011,0.011
31.03.2021 06:30:57.703 GMT-0700,64.082,63.948,0.011,0.011
31.03.2021 06:30:57.753 GMT-0700,64.082,63.938,0.011,0.011
31.03.2021 06:30:57.844 GMT-0700,64.083,63.947,0.011,0.0075
31.03.2021 06:30:58.210 GMT-0700,64.033,63.947,0.011,0.011
31.03.2021 06:30:58.333 GMT-0700,64.013,63.947,0.0075,0.011
31.03.2021 06:30:58.383 GMT-0700,64.032,63.948,0.011,0.011
31.03.2021 06:30:59.013 GMT-0700,64.032,63.898,0.011,0.011
31.03.2021 06:31:00.506 GMT-0700,64.032,63.898,0.011,0.011
31.03.2021 06:31:00.607 GMT-0700,64.033,63.897,0.011,0.011
31.03.2021 06:31:01.109 GMT-0700,64.033,63.897,0.011,0.011
31.03.2021 06:31:01.299 GMT-0700,64.032,63.898,0.011,0.011
31.03.2021 06:31:02.294 GMT-0700,64.033,63.897,0.011,0.011
31.03.2021 06:31:02.598 GMT-0700,64.163,63.967,0.011,0.011
31.03.2021 06:31:02.648 GMT-0700,64.143,63.967,0.011,0.011
31.03.2021 06:31:02.799 GMT-0700,64.232,63.968,0.011,0.011
31.03.2021 06:31:02.862 GMT-0700,64.143,63.967,0.011,0.011
31.03.2021 06:31:03.018 GMT-0700,64.142,63.968,0.011,0.011
31.03.2021 06:31:03.168 GMT-0700,64.13300000000001,63.987,0.011,0.011
31.03.2021 06:31:03.219 GMT-0700,64.142,63.98800000000001,0.011,0.011
31.03.2021 06:31:03.672 GMT-0700,64.143,63.997,0.011,0.011
31.03.2021 06:31:03.722 GMT-0700,64.143,63.987,0.011,0.011
31.03.2021 06:31:04.002 GMT-0700,64.142,63.98800000000001,0.011,0.011
31.03.2021 06:31:04.618 GMT-0700,64.13300000000001,64.007,0.0008,0.011
31.03.2021 06:31:04.669 GMT-0700,64.143,64.007,0.011,0.011
31.03.2021 06:31:04.934 GMT-0700,64.093,64.007,0.0008,0.011
31.03.2021 06:31:05.998 GMT-0700,64.142,64.058,0.011,0.011
31.03.2021 06:31:06.049 GMT-0700,64.13300000000001,64.027,0.011,0.011
31.03.2021 06:31:06.360 GMT-0700,64.143,64.027,0.011,0.011
31.03.2021 06:31:06.410 GMT-0700,64.142,64.038,0.011,0.011
31.03.2021 06:31:06.561 GMT-0700,64.143,64.027,0.011,0.011
31.03.2021 06:31:07.123 GMT-0700,64.132,64.028,0.011,0.011
31.03.2021 06:31:07.354 GMT-0700,64.092,64.028,0.011,0.011
31.03.2021 06:31:07.524 GMT-0700,64.093,64.067,0.0008,0.0075
31.03.2021 06:31:07.575 GMT-0700,64.143,64.027,0.011,0.011
31.03.2021 06:31:07.833 GMT-0700,64.142,64.058,0.011,0.011
31.03.2021 06:31:08.103 GMT-0700,64.143,64.037,0.011,0.011
31.03.2021 06:31:08.274 GMT-0700,64.143,64.037,0.011,0.011
31.03.2021 06:31:08.375 GMT-0700,64.093,64.047,0.011,0.011
31.03.2021 06:31:08.425 GMT-0700,64.092,64.028,0.011,0.011
31.03.2021 06:31:08.500 GMT-0700,64.093,64.027,0.011,0.011
31.03.2021 06:31:08.551 GMT-0700,64.233,64.037,0.011,0.011
31.03.2021 06:31:08.601 GMT-0700,64.183,64.027,0.011,0.011
31.03.2021 06:31:08.651 GMT-0700,64.233,64.037,0.011,0.011
31.03.2021 06:31:08.729 GMT-0700,64.153,64.037,0.011,0.011
31.03.2021 06:31:08.829 GMT-0700,64.153,64.027,0.011,0.011
31.03.2021 06:31:09.027 GMT-0700,64.13300000000001,64.027,0.0008,0.011
31.03.2021 06:31:09.078 GMT-0700,64.152,64.028,0.011,0.011
31.03.2021 06:31:09.164 GMT-0700,64.143,64.027,0.011,0.011
31.03.2021 06:31:09.286 GMT-0700,64.152,64.028,0.011,0.011
31.03.2021 06:31:09.573 GMT-0700,64.153,64.027,0.0075,0.011
31.03.2021 06:31:09.624 GMT-0700,64.21300000000001,64.027,0.011,0.011
31.03.2021 06:31:09.987 GMT-0700,64.152,64.028,0.0008,0.011
31.03.2021 06:31:10.087 GMT-0700,64.153,64.027,0.011,0.011
31.03.2021 06:31:11.366 GMT-0700,64.153,64.027,0.011,0.011
31.03.2021 06:31:11.416 GMT-0700,64.152,64.028,0.011,0.011
31.03.2021 06:31:11.578 GMT-0700,64.153,64.027,0.0075,0.011
31.03.2021 06:31:11.628 GMT-0700,64.212,64.028,0.011,0.011
31.03.2021 06:31:11.678 GMT-0700,64.212,64.08800000000001,0.011,0.011
31.03.2021 06:31:11.729 GMT-0700,64.182,64.028,0.011,0.011
31.03.2021 06:31:11.779 GMT-0700,64.193,64.087,0.011,0.0075
31.03.2021 06:31:11.829 GMT-0700,64.313,64.027,0.011,0.011
31.03.2021 06:31:11.880 GMT-0700,64.203,64.027,0.011,0.011
31.03.2021 06:31:11.980 GMT-0700,64.403,64.097,0.011,0.011
31.03.2021 06:31:12.030 GMT-0700,64.312,64.098,0.011,0.011
31.03.2021 06:31:12.131 GMT-0700,64.242,64.098,0.011,0.011
31.03.2021 06:31:12.181 GMT-0700,64.232,64.028,0.011,0.011
31.03.2021 06:31:12.232 GMT-0700,64.292,64.028,0.011,0.011
31.03.2021 06:31:12.282 GMT-0700,64.273,64.027,0.011,0.011
31.03.2021 06:31:12.670 GMT-0700,64.252,64.028,0.0075,0.011
31.03.2021 06:31:12.720 GMT-0700,64.322,64.038,0.011,0.011
31.03.2021 06:31:12.879 GMT-0700,64.333,64.027,0.011,0.011
31.03.2021 06:31:12.929 GMT-0700,64.313,64.027,0.011,0.011
31.03.2021 06:31:13.065 GMT-0700,64.303,64.027,0.011,0.011
31.03.2021 06:31:13.166 GMT-0700,64.333,64.197,0.011,0.011
31.03.2021 06:31:13.216 GMT-0700,64.342,64.19800000000001,0.011,0.011
31.03.2021 06:31:13.267 GMT-0700,64.252,64.148,0.011,0.011
31.03.2021 06:31:13.317 GMT-0700,64.293,64.127,0.011,0.011
31.03.2021 06:31:13.367 GMT-0700,64.292,64.138,0.011,0.011
31.03.2021 06:31:13.584 GMT-0700,64.293,64.137,0.011,0.011
31.03.2021 06:31:14.085 GMT-0700,64.293,64.217,0.011,0.0075
31.03.2021 06:31:14.136 GMT-0700,64.342,64.108,0.011,0.011
31.03.2021 06:31:14.299 GMT-0700,64.322,64.108,0.011,0.011
31.03.2021 06:31:14.986 GMT-0700,64.30199999999999,64.108,0.0008,0.011
31.03.2021 06:31:15.361 GMT-0700,64.30199999999999,64.108,0.011,0.011
31.03.2021 06:31:15.961 GMT-0700,64.30199999999999,64.11800000000001,0.011,0.0075
31.03.2021 06:31:16.193 GMT-0700,64.303,64.107,0.011,0.011
31.03.2021 06:31:16.621 GMT-0700,64.303,64.097,0.011,0.011
31.03.2021 06:31:16.716 GMT-0700,64.303,64.097,0.011,0.011
31.03.2021 06:31:16.817 GMT-0700,64.30199999999999,64.098,0.011,0.011
31.03.2021 06:31:16.877 GMT-0700,64.30199999999999,64.098,0.011,0.011
31.03.2021 06:31:17.008 GMT-0700,64.233,64.107,0.0008,0.0075
31.03.2021 06:31:17.058 GMT-0700,64.292,64.098,0.011,0.011
31.03.2021 06:31:17.109 GMT-0700,64.352,64.098,0.011,0.011
31.03.2021 06:31:17.159 GMT-0700,64.242,64.098,0.011,0.011
31.03.2021 06:31:17.265 GMT-0700,64.312,64.098,0.011,0.011
31.03.2021 06:31:17.407 GMT-0700,64.312,64.098,0.011,0.011
31.03.2021 06:31:17.540 GMT-0700,64.312,64.098,0.011,0.011
31.03.2021 06:31:18.270 GMT-0700,64.242,64.108,0.011,0.011
31.03.2021 06:31:18.370 GMT-0700,64.312,64.00800000000001,0.011,0.011
31.03.2021 06:31:18.421 GMT-0700,64.38300000000001,64.077,0.011,0.011
31.03.2021 06:31:18.571 GMT-0700,64.382,64.098,0.011,0.011
31.03.2021 06:31:18.622 GMT-0700,64.412,64.098,0.011,0.011
31.03.2021 06:31:18.786 GMT-0700,64.413,64.147,0.011,0.011
31.03.2021 06:31:18.887 GMT-0700,64.363,64.147,0.011,0.011
31.03.2021 06:31:18.937 GMT-0700,64.512,64.148,0.011,0.011
31.03.2021 06:31:18.987 GMT-0700,64.403,64.147,0.011,0.011
31.03.2021 06:31:19.037 GMT-0700,64.482,64.148,0.011,0.011
31.03.2021 06:31:19.188 GMT-0700,64.452,64.148,0.011,0.011
31.03.2021 06:31:19.289 GMT-0700,64.443,64.147,0.011,0.011
31.03.2021 06:31:19.516 GMT-0700,64.402,64.148,0.0008,0.011
31.03.2021 06:31:19.617 GMT-0700,64.413,64.217,0.011,0.011
31.03.2021 06:31:19.816 GMT-0700,64.412,64.148,0.011,0.011
31.03.2021 06:31:19.866 GMT-0700,64.413,64.237,0.011,0.011
31.03.2021 06:31:20.111 GMT-0700,64.413,64.237,0.011,0.011
31.03.2021 06:31:21.192 GMT-0700,64.412,64.328,0.011,0.011
31.03.2021 06:31:21.243 GMT-0700,64.452,64.328,0.011,0.011
31.03.2021 06:31:21.522 GMT-0700,64.453,64.327,0.011,0.011
31.03.2021 06:31:21.573 GMT-0700,64.452,64.33800000000001,0.011,0.011
31.03.2021 06:31:21.773 GMT-0700,64.453,64.217,0.011,0.011
31.03.2021 06:31:21.874 GMT-0700,64.392,64.25800000000001,0.011,0.011
31.03.2021 06:31:21.994 GMT-0700,64.453,64.257,0.011,0.011
31.03.2021 06:31:23.010 GMT-0700,64.452,64.268,0.011,0.0075
31.03.2021 06:31:23.401 GMT-0700,64.452,64.25800000000001,0.011,0.011
31.03.2021 06:31:23.830 GMT-0700,64.382,64.25800000000001,0.0008,0.011
31.03.2021 06:31:23.880 GMT-0700,64.453,64.267,0.011,0.011
31.03.2021 06:31:24.027 GMT-0700,64.35300000000001,64.257,0.0008,0.011
31.03.2021 06:31:24.077 GMT-0700,64.452,64.25800000000001,0.011,0.011
31.03.2021 06:31:24.188 GMT-0700,64.393,64.257,0.011,0.011
31.03.2021 06:31:24.530 GMT-0700,64.393,64.257,0.011,0.011
31.03.2021 06:31:24.614 GMT-0700,64.393,64.257,0.011,0.011
31.03.2021 06:31:24.872 GMT-0700,64.392,64.25800000000001,0.011,0.011
31.03.2021 06:31:24.973 GMT-0700,64.392,64.25800000000001,0.011,0.011
31.03.2021 06:31:25.877 GMT-0700,64.393,64.257,0.011,0.011
31.03.2021 06:31:27.516 GMT-0700,64.392,64.288,0.011,0.011
31.03.2021 06:31:29.133 GMT-0700,64.453,64.327,0.011,0.011
31.03.2021 06:31:29.183 GMT-0700,64.513,64.387,0.011,0.011
31.03.2021 06:31:29.304 GMT-0700,64.433,64.307,0.0075,0.011
31.03.2021 06:31:29.354 GMT-0700,64.443,64.307,0.011,0.011
31.03.2021 06:31:30.497 GMT-0700,64.452,64.148,0.011,0.011
31.03.2021 06:31:30.548 GMT-0700,64.453,64.257,0.011,0.011
31.03.2021 06:31:30.670 GMT-0700,64.393,64.257,0.011,0.011
31.03.2021 06:31:30.770 GMT-0700,64.402,64.25800000000001,0.011,0.011
31.03.2021 06:31:31.368 GMT-0700,64.402,64.25800000000001,0.011,0.011
31.03.2021 06:31:31.419 GMT-0700,64.403,64.257,0.011,0.011
31.03.2021 06:31:31.524 GMT-0700,64.352,64.25800000000001,0.0075,0.011
31.03.2021 06:31:31.575 GMT-0700,64.363,64.087,0.011,0.011
31.03.2021 06:31:32.647 GMT-0700,64.35300000000001,64.087,0.011,0.011
31.03.2021 06:31:32.805 GMT-0700,64.362,64.078,0.011,0.011
31.03.2021 06:31:33.271 GMT-0700,64.352,64.08800000000001,0.011,0.011
31.03.2021 06:31:33.321 GMT-0700,64.363,64.077,0.011,0.011
31.03.2021 06:31:34.285 GMT-0700,64.223,64.077,0.0008,0.0075
31.03.2021 06:31:34.336 GMT-0700,64.223,63.997,0.011,0.011
31.03.2021 06:31:34.439 GMT-0700,64.212,63.98800000000001,0.011,0.011
31.03.2021 06:31:34.677 GMT-0700,64.222,64.00800000000001,0.011,0.011
31.03.2021 06:31:35.315 GMT-0700,64.223,64.007,0.011,0.011
31.03.2021 06:31:35.417 GMT-0700,64.222,64.00800000000001,0.011,0.011
31.03.2021 06:31:36.299 GMT-0700,64.223,64.017,0.011,0.011
31.03.2021 06:31:36.349 GMT-0700,64.222,64.00800000000001,0.011,0.011
31.03.2021 06:31:37.405 GMT-0700,64.223,64.087,0.011,0.0075
31.03.2021 06:31:37.879 GMT-0700,64.172,63.938,0.011,0.011
31.03.2021 06:31:37.930 GMT-0700,64.173,63.927,0.011,0.011
31.03.2021 06:31:38.175 GMT-0700,64.123,63.927,0.011,0.011
31.03.2021 06:31:38.671 GMT-0700,64.122,63.928000000000004,0.011,0.011
31.03.2021 06:31:38.808 GMT-0700,64.123,63.977,0.011,0.011
31.03.2021 06:31:38.859 GMT-0700,64.123,63.967,0.011,0.011
31.03.2021 06:31:40.536 GMT-0700,64.122,63.968,0.011,0.011
31.03.2021 06:31:40.939 GMT-0700,64.122,63.968,0.011,0.011
31.03.2021 06:31:42.070 GMT-0700,64.128,64.108,0.0008,0.0075
31.03.2021 06:31:42.120 GMT-0700,64.312,63.968,0.011,0.011
31.03.2021 06:31:42.171 GMT-0700,64.223,63.927,0.011,0.011
31.03.2021 06:31:42.824 GMT-0700,64.173,63.987,0.0008,0.011
31.03.2021 06:31:42.924 GMT-0700,64.173,63.987,0.011,0.011
31.03.2021 06:31:43.642 GMT-0700,64.173,64.047,0.0008,0.0075
31.03.2021 06:31:43.692 GMT-0700,64.292,64.038,0.011,0.011
31.03.2021 06:31:43.743 GMT-0700,64.342,64.038,0.011,0.011
31.03.2021 06:31:43.959 GMT-0700,64.312,64.038,0.0075,0.011
31.03.2021 06:31:44.060 GMT-0700,64.342,64.038,0.011,0.011
31.03.2021 06:31:44.331 GMT-0700,64.273,64.037,0.011,0.011
31.03.2021 06:31:44.482 GMT-0700,64.263,64.037,0.0008,0.011
31.03.2021 06:31:44.533 GMT-0700,64.273,64.037,0.011,0.011
31.03.2021 06:31:44.647 GMT-0700,64.273,64.047,0.011,0.011
31.03.2021 06:31:44.698 GMT-0700,64.272,64.038,0.011,0.011
31.03.2021 06:31:45.210 GMT-0700,64.233,64.047,0.0075,0.0075
31.03.2021 06:31:45.310 GMT-0700,64.232,64.038,0.011,0.011
31.03.2021 06:31:45.598 GMT-0700,64.233,64.037,0.011,0.011
31.03.2021 06:31:50.114 GMT-0700,64.233,64.137,0.0075,0.011
31.03.2021 06:31:50.164 GMT-0700,64.35300000000001,64.137,0.011,0.011
31.03.2021 06:31:50.929 GMT-0700,64.342,64.148,0.011,0.011
31.03.2021 06:31:51.067 GMT-0700,64.352,64.138,0.011,0.011
31.03.2021 06:31:51.973 GMT-0700,64.342,64.148,0.0075,0.0075
31.03.2021 06:31:52.188 GMT-0700,64.35300000000001,64.137,0.011,0.011
31.03.2021 06:31:52.411 GMT-0700,64.293,64.137,0.0008,0.011
31.03.2021 06:31:53.232 GMT-0700,64.293,64.147,0.011,0.011
31.03.2021 06:31:53.283 GMT-0700,64.293,64.137,0.011,0.011
31.03.2021 06:31:53.625 GMT-0700,64.293,64.127,0.011,0.011
31.03.2021 06:31:53.715 GMT-0700,64.46300000000001,64.237,0.011,0.011
31.03.2021 06:31:53.766 GMT-0700,64.462,64.128,0.011,0.011
31.03.2021 06:31:53.816 GMT-0700,64.462,64.138,0.011,0.011
31.03.2021 06:31:53.866 GMT-0700,64.503,64.117,0.011,0.011
31.03.2021 06:31:54.070 GMT-0700,64.513,64.117,0.011,0.011
31.03.2021 06:31:54.682 GMT-0700,64.503,64.117,0.0008,0.011
31.03.2021 06:31:54.832 GMT-0700,64.342,64.11800000000001,0.011,0.011
31.03.2021 06:31:55.551 GMT-0700,64.503,64.157,0.011,0.011
31.03.2021 06:31:55.601 GMT-0700,64.403,64.157,0.011,0.011
31.03.2021 06:31:56.320 GMT-0700,64.403,64.227,0.011,0.0075
31.03.2021 06:31:56.371 GMT-0700,64.402,64.19800000000001,0.011,0.011
31.03.2021 06:31:56.979 GMT-0700,64.402,64.188,0.011,0.011
31.03.2021 06:31:57.079 GMT-0700,64.402,64.19800000000001,0.011,0.011
31.03.2021 06:31:57.556 GMT-0700,64.402,64.19800000000001,0.011,0.011
31.03.2021 06:31:57.735 GMT-0700,64.403,64.197,0.011,0.011
31.03.2021 06:31:58.432 GMT-0700,64.402,64.218,0.011,0.011
31.03.2021 06:31:59.092 GMT-0700,64.412,64.288,0.011,0.011
31.03.2021 06:31:59.143 GMT-0700,64.403,64.197,0.011,0.011
31.03.2021 06:31:59.193 GMT-0700,64.412,64.218,0.011,0.011
31.03.2021 06:31:59.644 GMT-0700,64.412,64.218,0.011,0.011
31.03.2021 06:32:00.043 GMT-0700,64.402,64.288,0.0008,0.011
31.03.2021 06:32:00.887 GMT-0700,64.382,64.288,0.0008,0.011
31.03.2021 06:32:01.480 GMT-0700,64.382,64.288,0.0075,0.011
31.03.2021 06:32:01.641 GMT-0700,64.38300000000001,64.337,0.0075,0.011
31.03.2021 06:32:01.742 GMT-0700,64.382,64.288,0.011,0.011
31.03.2021 06:32:01.865 GMT-0700,64.372,64.288,0.011,0.011
31.03.2021 06:32:01.977 GMT-0700,64.363,64.287,0.011,0.011
31.03.2021 06:32:02.116 GMT-0700,64.332,64.288,0.0008,0.0075
31.03.2021 06:32:02.167 GMT-0700,64.35300000000001,64.17699999999999,0.011,0.011
31.03.2021 06:32:02.217 GMT-0700,64.332,64.178,0.011,0.011
31.03.2021 06:32:02.268 GMT-0700,64.342,64.178,0.011,0.011
31.03.2021 06:32:03.152 GMT-0700,64.342,64.178,0.011,0.011
31.03.2021 06:32:04.504 GMT-0700,64.253,64.238,0.0008,0.0075
31.03.2021 06:32:04.554 GMT-0700,64.272,64.11800000000001,0.011,0.011
31.03.2021 06:32:04.605 GMT-0700,64.282,64.108,0.011,0.011
31.03.2021 06:32:04.655 GMT-0700,64.24300000000001,64.107,0.011,0.011
31.03.2021 06:32:04.847 GMT-0700,64.24300000000001,64.167,0.011,0.0075
31.03.2021 06:32:04.897 GMT-0700,64.253,64.107,0.011,0.011
31.03.2021 06:32:05.454 GMT-0700,64.283,64.107,0.011,0.011
31.03.2021 06:32:05.554 GMT-0700,64.242,64.11800000000001,0.011,0.011
31.03.2021 06:32:05.656 GMT-0700,64.233,64.117,0.011,0.011
31.03.2021 06:32:05.839 GMT-0700,64.242,64.11800000000001,0.011,0.011
31.03.2021 06:32:05.965 GMT-0700,64.233,64.117,0.0008,0.011
31.03.2021 06:32:06.015 GMT-0700,64.24300000000001,64.117,0.011,0.011
31.03.2021 06:32:06.408 GMT-0700,64.232,64.11800000000001,0.0008,0.011
31.03.2021 06:32:06.458 GMT-0700,64.153,64.007,0.011,0.011
31.03.2021 06:32:06.508 GMT-0700,64.172,64.048,0.011,0.011
31.03.2021 06:32:06.559 GMT-0700,64.173,64.007,0.011,0.011
31.03.2021 06:32:06.709 GMT-0700,64.173,63.997,0.011,0.011
31.03.2021 06:32:06.954 GMT-0700,64.142,63.998000000000005,0.0075,0.011
31.03.2021 06:32:07.004 GMT-0700,64.172,63.998000000000005,0.011,0.011
31.03.2021 06:32:07.054 GMT-0700,64.142,63.998000000000005,0.011,0.011
31.03.2021 06:32:07.335 GMT-0700,64.13300000000001,63.997,0.0008,0.011
31.03.2021 06:32:07.386 GMT-0700,64.173,63.997,0.011,0.011
31.03.2021 06:32:07.539 GMT-0700,64.183,63.997,0.011,0.011
31.03.2021 06:32:08.064 GMT-0700,64.24300000000001,63.997,0.011,0.011
31.03.2021 06:32:08.115 GMT-0700,64.163,63.997,0.011,0.011
31.03.2021 06:32:08.894 GMT-0700,64.153,63.997,0.011,0.011
31.03.2021 06:32:08.944 GMT-0700,64.162,63.998000000000005,0.011,0.011
31.03.2021 06:32:09.200 GMT-0700,64.152,63.998000000000005,0.011,0.011
31.03.2021 06:32:09.824 GMT-0700,64.142,64.078,0.0008,0.011
31.03.2021 06:32:09.980 GMT-0700,64.13300000000001,64.077,0.0008,0.0075
31.03.2021 06:32:10.031 GMT-0700,64.092,64.018,0.011,0.011
31.03.2021 06:32:10.131 GMT-0700,64.13300000000001,64.037,0.011,0.011
31.03.2021 06:32:10.949 GMT-0700,64.13300000000001,63.927,0.011,0.011
31.03.2021 06:32:11.049 GMT-0700,64.162,63.978,0.011,0.011
31.03.2021 06:32:11.541 GMT-0700,64.153,63.987,0.011,0.011
31.03.2021 06:32:11.716 GMT-0700,64.163,63.977,0.011,0.011
31.03.2021 06:32:12.463 GMT-0700,64.113,63.977,0.0008,0.011
31.03.2021 06:32:12.563 GMT-0700,64.113,63.977,0.011,0.011
31.03.2021 06:32:13.075 GMT-0700,64.112,63.98800000000001,0.011,0.011
31.03.2021 06:32:13.243 GMT-0700,64.112,63.978,0.011,0.011
31.03.2021 06:32:13.644 GMT-0700,64.113,63.977,0.011,0.011
31.03.2021 06:32:13.694 GMT-0700,64.113,63.977,0.011,0.011
31.03.2021 06:32:13.863 GMT-0700,64.112,63.978,0.011,0.011
31.03.2021 06:32:13.964 GMT-0700,64.112,63.978,0.011,0.011
31.03.2021 06:32:14.014 GMT-0700,64.112,64.028,0.011,0.011
31.03.2021 06:32:14.628 GMT-0700,64.162,64.028,0.011,0.011
31.03.2021 06:32:14.782 GMT-0700,64.113,63.917,0.011,0.011
31.03.2021 06:32:14.833 GMT-0700,64.112,63.958000000000006,0.011,0.011
31.03.2021 06:32:15.349 GMT-0700,64.113,63.967,0.011,0.0075
31.03.2021 06:32:15.564 GMT-0700,64.113,63.957,0.011,0.011
31.03.2021 06:32:17.145 GMT-0700,64.113,63.967,0.011,0.0075
31.03.2021 06:32:17.345 GMT-0700,64.112,63.958000000000006,0.011,0.011
31.03.2021 06:32:18.428 GMT-0700,64.10300000000001,63.957,0.011,0.011
31.03.2021 06:32:18.672 GMT-0700,64.112,63.958000000000006,0.011,0.011
31.03.2021 06:32:19.062 GMT-0700,64.113,63.957,0.011,0.011
31.03.2021 06:32:19.112 GMT-0700,64.152,63.98800000000001,0.011,0.011
31.03.2021 06:32:19.803 GMT-0700,64.143,63.987,0.0008,0.011
31.03.2021 06:32:19.853 GMT-0700,64.152,63.98800000000001,0.011,0.011
31.03.2021 06:32:20.284 GMT-0700,64.093,63.987,0.0008,0.011
31.03.2021 06:32:20.385 GMT-0700,64.082,63.98800000000001,0.011,0.011
31.03.2021 06:32:21.449 GMT-0700,64.202,63.98800000000001,0.011,0.011
31.03.2021 06:32:21.499 GMT-0700,64.152,63.98800000000001,0.011,0.011
31.03.2021 06:32:22.138 GMT-0700,64.152,63.978,0.011,0.011
31.03.2021 06:32:22.736 GMT-0700,64.093,63.987,0.011,0.011
31.03.2021 06:32:22.786 GMT-0700,64.142,63.978,0.011,0.011
31.03.2021 06:32:22.837 GMT-0700,64.153,63.977,0.011,0.011
31.03.2021 06:32:23.324 GMT-0700,64.143,63.987,0.011,0.011
31.03.2021 06:32:23.374 GMT-0700,64.153,63.977,0.011,0.011
31.03.2021 06:32:24.005 GMT-0700,64.143,63.987,0.011,0.011
31.03.2021 06:32:24.139 GMT-0700,64.153,63.977,0.011,0.011
31.03.2021 06:32:25.106 GMT-0700,64.10300000000001,63.977,0.0008,0.011
31.03.2021 06:32:25.531 GMT-0700,64.10300000000001,63.987,0.011,0.0075
31.03.2021 06:32:25.826 GMT-0700,64.102,63.978,0.011,0.011
31.03.2021 06:32:27.337 GMT-0700,64.102,64.068,0.0008,0.0075
31.03.2021 06:32:27.387 GMT-0700,64.242,64.068,0.011,0.011
31.03.2021 06:32:27.460 GMT-0700,64.223,64.067,0.0008,0.011
31.03.2021 06:32:28.338 GMT-0700,64.173,63.987,0.0075,0.011
31.03.2021 06:32:28.388 GMT-0700,64.172,63.998000000000005,0.011,0.011
31.03.2021 06:32:28.742 GMT-0700,64.173,63.997,0.011,0.011
31.03.2021 06:32:29.014 GMT-0700,64.173,63.997,0.011,0.011
31.03.2021 06:32:29.722 GMT-0700,64.163,64.007,0.011,0.011
31.03.2021 06:32:29.828 GMT-0700,64.163,63.997,0.011,0.011
31.03.2021 06:32:30.748 GMT-0700,64.163,63.997,0.011,0.011
31.03.2021 06:32:30.799 GMT-0700,64.162,63.968,0.011,0.011
31.03.2021 06:32:31.492 GMT-0700,64.163,63.977,0.011,0.0075
31.03.2021 06:32:32.323 GMT-0700,64.163,64.027,0.011,0.011
31.03.2021 06:32:33.055 GMT-0700,64.162,64.028,0.0075,0.011
31.03.2021 06:32:33.105 GMT-0700,64.21300000000001,64.127,0.011,0.011
31.03.2021 06:32:33.637 GMT-0700,64.203,64.127,0.0008,0.0075
31.03.2021 06:32:33.687 GMT-0700,64.203,64.057,0.011,0.011
31.03.2021 06:32:34.290 GMT-0700,64.203,64.057,0.011,0.011
31.03.2021 06:32:34.633 GMT-0700,64.203,64.057,0.011,0.011
31.03.2021 06:32:34.683 GMT-0700,64.152,64.058,0.011,0.011
31.03.2021 06:32:34.734 GMT-0700,64.163,64.057,0.011,0.011
31.03.2021 06:32:35.066 GMT-0700,64.153,64.057,0.0075,0.011
31.03.2021 06:32:35.116 GMT-0700,64.162,64.058,0.011,0.011
31.03.2021 06:32:36.760 GMT-0700,64.162,63.938,0.011,0.011
31.03.2021 06:32:36.834 GMT-0700,64.163,63.997,0.011,0.011
31.03.2021 06:32:38.116 GMT-0700,64.153,63.997,0.0008,0.011
31.03.2021 06:32:38.167 GMT-0700,64.152,63.998000000000005,0.011,0.011
31.03.2021 06:32:38.929 GMT-0700,64.153,63.937,0.011,0.011
31.03.2021 06:32:39.009 GMT-0700,64.153,63.937,0.011,0.011
31.03.2021 06:32:39.706 GMT-0700,64.153,64.017,0.011,0.011
31.03.2021 06:32:39.756 GMT-0700,64.153,64.007,0.011,0.011
31.03.2021 06:32:39.807 GMT-0700,64.152,64.00800000000001,0.011,0.011
31.03.2021 06:32:40.048 GMT-0700,64.152,64.00800000000001,0.011,0.011
31.03.2021 06:32:40.410 GMT-0700,64.153,64.007,0.011,0.011
31.03.2021 06:32:40.511 GMT-0700,64.153,64.007,0.011,0.011
31.03.2021 06:32:41.760 GMT-0700,64.152,64.08800000000001,0.0008,0.0075
31.03.2021 06:32:41.811 GMT-0700,64.202,64.018,0.011,0.011
31.03.2021 06:32:42.463 GMT-0700,64.203,64.007,0.011,0.011
31.03.2021 06:32:43.272 GMT-0700,64.152,64.098,0.011,0.011
31.03.2021 06:32:43.692 GMT-0700,64.143,64.097,0.0075,0.011
31.03.2021 06:32:43.951 GMT-0700,64.153,64.097,0.011,0.011
31.03.2021 06:32:44.059 GMT-0700,64.203,64.097,0.011,0.011
31.03.2021 06:32:46.347 GMT-0700,64.202,64.128,0.011,0.0075
31.03.2021 06:32:46.398 GMT-0700,64.203,64.097,0.011,0.011
31.03.2021 06:32:47.587 GMT-0700,64.193,64.097,0.011,0.011
31.03.2021 06:32:47.791 GMT-0700,64.203,64.097,0.011,0.011
31.03.2021 06:32:47.982 GMT-0700,64.203,64.097,0.0075,0.011
31.03.2021 06:32:48.033 GMT-0700,64.292,64.098,0.011,0.011
31.03.2021 06:32:48.083 GMT-0700,64.212,64.098,0.011,0.011
31.03.2021 06:32:48.133 GMT-0700,64.30199999999999,64.098,0.011,0.011
31.03.2021 06:32:48.184 GMT-0700,64.282,64.098,0.011,0.011
31.03.2021 06:32:48.479 GMT-0700,64.233,64.097,0.0075,0.011
31.03.2021 06:32:48.580 GMT-0700,64.222,64.108,0.011,0.011
31.03.2021 06:32:48.630 GMT-0700,64.233,64.097,0.011,0.011
31.03.2021 06:32:48.863 GMT-0700,64.222,64.098,0.0075,0.011
31.03.2021 06:32:49.283 GMT-0700,64.222,64.108,0.011,0.011
31.03.2021 06:32:49.334 GMT-0700,64.223,64.097,0.011,0.011
31.03.2021 06:32:49.485 GMT-0700,64.233,64.097,0.011,0.011
31.03.2021 06:32:49.535 GMT-0700,64.232,64.148,0.011,0.011
31.03.2021 06:32:50.084 GMT-0700,64.232,64.00800000000001,0.011,0.011
31.03.2021 06:32:50.135 GMT-0700,64.232,64.018,0.011,0.011
31.03.2021 06:32:51.422 GMT-0700,64.252,64.138,0.011,0.011
31.03.2021 06:32:51.472 GMT-0700,64.253,64.017,0.011,0.011
31.03.2021 06:32:51.602 GMT-0700,64.252,64.018,0.011,0.011
31.03.2021 06:32:52.188 GMT-0700,64.233,64.117,0.011,0.011
31.03.2021 06:32:52.347 GMT-0700,64.233,64.057,0.011,0.011
31.03.2021 06:32:52.397 GMT-0700,64.233,64.137,0.011,0.011
31.03.2021 06:32:52.572 GMT-0700,64.24300000000001,64.137,0.011,0.011
31.03.2021 06:32:52.722 GMT-0700,64.24300000000001,64.197,0.0008,0.0075
31.03.2021 06:32:52.772 GMT-0700,64.253,64.137,0.011,0.011
31.03.2021 06:32:52.969 GMT-0700,64.242,64.138,0.0075,0.011
31.03.2021 06:32:53.537 GMT-0700,64.242,64.21000000000001,0.011,0.0075
31.03.2021 06:32:53.587 GMT-0700,64.242,64.068,0.011,0.011
31.03.2021 06:32:53.638 GMT-0700,64.242,64.148,0.011,0.011
31.03.2021 06:32:53.838 GMT-0700,64.24300000000001,64.157,0.0008,0.0075
31.03.2021 06:32:53.888 GMT-0700,64.352,64.158,0.011,0.011
31.03.2021 06:32:53.939 GMT-0700,64.363,64.157,0.011,0.011
31.03.2021 06:32:54.474 GMT-0700,64.32300000000001,64.157,0.0075,0.011
31.03.2021 06:32:54.678 GMT-0700,64.322,64.158,0.011,0.011
31.03.2021 06:32:54.871 GMT-0700,64.303,64.207,0.0008,0.0075
31.03.2021 06:32:54.922 GMT-0700,64.363,64.127,0.011,0.011
31.03.2021 06:32:55.112 GMT-0700,64.343,64.127,0.0075,0.011
31.03.2021 06:32:55.311 GMT-0700,64.253,64.127,0.011,0.011
31.03.2021 06:32:56.155 GMT-0700,64.232,64.138,0.011,0.011
31.03.2021 06:32:56.256 GMT-0700,64.253,64.127,0.011,0.011
31.03.2021 06:32:56.508 GMT-0700,64.242,64.128,0.0008,0.011
31.03.2021 06:32:56.609 GMT-0700,64.222,64.128,0.011,0.011
31.03.2021 06:32:56.704 GMT-0700,64.252,64.128,0.011,0.011
31.03.2021 06:32:56.754 GMT-0700,64.242,64.128,0.011,0.011
31.03.2021 06:32:56.907 GMT-0700,64.233,64.127,0.011,0.011
31.03.2021 06:32:56.957 GMT-0700,64.24300000000001,64.127,0.011,0.011
31.03.2021 06:32:57.017 GMT-0700,64.233,64.127,0.0008,0.011
31.03.2021 06:32:57.068 GMT-0700,64.242,64.128,0.011,0.011
31.03.2021 06:32:57.163 GMT-0700,64.232,64.128,0.011,0.011
31.03.2021 06:32:57.484 GMT-0700,64.24300000000001,64.127,0.011,0.011
31.03.2021 06:32:57.588 GMT-0700,64.232,64.128,0.011,0.011
31.03.2021 06:32:57.732 GMT-0700,64.232,64.138,0.011,0.011
31.03.2021 06:32:58.617 GMT-0700,64.242,64.19800000000001,0.011,0.011
31.03.2021 06:32:58.667 GMT-0700,64.242,64.128,0.011,0.011
31.03.2021 06:32:59.233 GMT-0700,64.24300000000001,64.137,0.011,0.011
31.03.2021 06:32:59.283 GMT-0700,64.283,64.137,0.011,0.011
31.03.2021 06:32:59.825 GMT-0700,64.273,64.137,0.011,0.011
31.03.2021 06:33:01.475 GMT-0700,64.272,64.138,0.0075,0.011
31.03.2021 06:33:01.525 GMT-0700,64.282,64.068,0.011,0.011
31.03.2021 06:33:01.677 GMT-0700,64.282,64.068,0.011,0.011
31.03.2021 06:33:01.803 GMT-0700,64.283,64.077,0.011,0.011
31.03.2021 06:33:02.736 GMT-0700,64.282,64.252,0.0008,0.0075
31.03.2021 06:33:02.787 GMT-0700,64.333,64.257,0.011,0.011
31.03.2021 06:33:02.840 GMT-0700,64.292,64.25800000000001,0.0008,0.011
31.03.2021 06:33:02.941 GMT-0700,64.293,64.117,0.011,0.011
31.03.2021 06:33:03.570 GMT-0700,64.293,64.247,0.011,0.011
31.03.2021 06:33:03.620 GMT-0700,64.293,64.197,0.011,0.011
31.03.2021 06:33:03.670 GMT-0700,64.292,64.22800000000001,0.011,0.011
31.03.2021 06:33:04.442 GMT-0700,64.293,64.257,0.0008,0.0075
31.03.2021 06:33:04.493 GMT-0700,64.343,64.187,0.011,0.011
31.03.2021 06:33:04.543 GMT-0700,64.32300000000001,64.187,0.011,0.011
31.03.2021 06:33:04.694 GMT-0700,64.292,64.188,0.011,0.011
31.03.2021 06:33:04.744 GMT-0700,64.312,64.188,0.011,0.011
31.03.2021 06:33:04.953 GMT-0700,64.313,64.187,0.011,0.011
31.03.2021 06:33:05.004 GMT-0700,64.312,64.188,0.011,0.011
31.03.2021 06:33:05.097 GMT-0700,64.30199999999999,64.188,0.0075,0.011
31.03.2021 06:33:05.198 GMT-0700,64.312,64.22800000000001,0.011,0.011
31.03.2021 06:33:05.356 GMT-0700,64.312,64.178,0.011,0.011
31.03.2021 06:33:05.609 GMT-0700,64.313,64.17699999999999,0.0075,0.011
31.03.2021 06:33:05.660 GMT-0700,64.373,64.137,0.011,0.011
31.03.2021 06:33:05.802 GMT-0700,64.322,64.11800000000001,0.011,0.011
31.03.2021 06:33:05.952 GMT-0700,64.363,64.197,0.011,0.011
31.03.2021 06:33:06.089 GMT-0700,64.403,64.197,0.011,0.011
31.03.2021 06:33:06.190 GMT-0700,64.343,64.117,0.011,0.011
31.03.2021 06:33:06.240 GMT-0700,64.352,64.19800000000001,0.011,0.011
31.03.2021 06:33:06.600 GMT-0700,64.342,64.19800000000001,0.0075,0.011
31.03.2021 06:33:06.650 GMT-0700,64.352,64.19800000000001,0.011,0.011
31.03.2021 06:33:06.703 GMT-0700,64.402,64.278,0.011,0.011
31.03.2021 06:33:06.853 GMT-0700,64.402,64.11800000000001,0.011,0.011
31.03.2021 06:33:06.904 GMT-0700,64.352,64.11800000000001,0.011,0.011
31.03.2021 06:33:07.179 GMT-0700,64.403,64.117,0.011,0.011
31.03.2021 06:33:07.229 GMT-0700,64.343,64.117,0.011,0.011
31.03.2021 06:33:07.314 GMT-0700,64.333,64.117,0.0075,0.011
31.03.2021 06:33:07.364 GMT-0700,64.342,64.11800000000001,0.011,0.011
31.03.2021 06:33:07.582 GMT-0700,64.343,64.127,0.011,0.011
31.03.2021 06:33:07.766 GMT-0700,64.343,64.117,0.011,0.011
31.03.2021 06:33:08.231 GMT-0700,64.333,64.117,0.0008,0.011
31.03.2021 06:33:08.331 GMT-0700,64.343,64.117,0.011,0.011
31.03.2021 06:33:08.412 GMT-0700,64.282,64.128,0.0075,0.0075
31.03.2021 06:33:08.581 GMT-0700,64.283,64.117,0.011,0.011
31.03.2021 06:33:08.729 GMT-0700,64.283,64.107,0.011,0.011
31.03.2021 06:33:09.130 GMT-0700,64.253,64.107,0.0075,0.011
31.03.2021 06:33:09.181 GMT-0700,64.282,64.108,0.011,0.011
31.03.2021 06:33:09.499 GMT-0700,64.283,64.107,0.011,0.011
31.03.2021 06:33:09.549 GMT-0700,64.283,64.107,0.011,0.011
31.03.2021 06:33:09.996 GMT-0700,64.262,64.108,0.011,0.011
31.03.2021 06:33:10.046 GMT-0700,64.272,64.108,0.011,0.011
31.03.2021 06:33:10.096 GMT-0700,64.262,64.11800000000001,0.011,0.011
31.03.2021 06:33:10.371 GMT-0700,64.272,64.11800000000001,0.011,0.011
31.03.2021 06:33:10.421 GMT-0700,64.272,64.128,0.011,0.011
31.03.2021 06:33:10.471 GMT-0700,64.282,64.128,0.011,0.011
31.03.2021 06:33:11.086 GMT-0700,64.283,64.137,0.011,0.011
31.03.2021 06:33:11.499 GMT-0700,64.273,64.137,0.0075,0.011
31.03.2021 06:33:11.600 GMT-0700,64.21300000000001,64.137,0.011,0.011
31.03.2021 06:33:11.650 GMT-0700,64.263,64.147,0.011,0.011
31.03.2021 06:33:11.901 GMT-0700,64.342,64.158,0.011,0.011
31.03.2021 06:33:11.952 GMT-0700,64.35300000000001,64.157,0.011,0.011
31.03.2021 06:33:12.002 GMT-0700,64.322,64.158,0.011,0.011
31.03.2021 06:33:12.052 GMT-0700,64.32300000000001,64.147,0.011,0.011
31.03.2021 06:33:12.130 GMT-0700,64.312,64.148,0.0008,0.011
31.03.2021 06:33:12.301 GMT-0700,64.242,64.148,0.0008,0.011
31.03.2021 06:33:12.351 GMT-0700,64.312,64.148,0.011,0.011
31.03.2021 06:33:12.416 GMT-0700,64.233,64.147,0.011,0.011
31.03.2021 06:33:12.467 GMT-0700,64.242,64.148,0.011,0.011
31.03.2021 06:33:12.567 GMT-0700,64.312,64.148,0.011,0.011
31.03.2021 06:33:12.627 GMT-0700,64.232,64.148,0.0008,0.011
31.03.2021 06:33:12.916 GMT-0700,64.222,64.148,0.011,0.011
31.03.2021 06:33:13.076 GMT-0700,64.232,64.148,0.011,0.011
31.03.2021 06:33:13.769 GMT-0700,64.223,64.147,0.011,0.011
31.03.2021 06:33:14.819 GMT-0700,64.292,64.178,0.011,0.011
31.03.2021 06:33:14.870 GMT-0700,64.283,64.17699999999999,0.011,0.011
31.03.2021 06:33:14.920 GMT-0700,64.282,64.168,0.011,0.011
31.03.2021 06:33:16.005 GMT-0700,64.233,64.167,0.0008,0.011
31.03.2021 06:33:16.367 GMT-0700,64.232,64.098,0.011,0.011
31.03.2021 06:33:17.083 GMT-0700,64.21300000000001,64.097,0.0008,0.011
31.03.2021 06:33:17.987 GMT-0700,64.182,64.098,0.011,0.0075
31.03.2021 06:33:18.038 GMT-0700,64.183,64.027,0.011,0.011
31.03.2021 06:33:18.088 GMT-0700,64.182,64.038,0.011,0.011
31.03.2021 06:33:18.396 GMT-0700,64.183,63.977,0.011,0.011
31.03.2021 06:33:18.446 GMT-0700,64.183,64.057,0.011,0.011
31.03.2021 06:33:18.587 GMT-0700,64.183,63.977,0.011,0.011
31.03.2021 06:33:18.637 GMT-0700,64.183,64.057,0.011,0.011
31.03.2021 06:33:19.081 GMT-0700,64.182,64.158,0.0008,0.0075
31.03.2021 06:33:19.132 GMT-0700,64.24300000000001,64.137,0.011,0.011
31.03.2021 06:33:19.232 GMT-0700,64.242,64.038,0.011,0.011
31.03.2021 06:33:19.282 GMT-0700,64.253,64.057,0.011,0.011
31.03.2021 06:33:19.383 GMT-0700,64.242,64.11800000000001,0.011,0.011
31.03.2021 06:33:19.433 GMT-0700,64.252,64.11800000000001,0.011,0.011
31.03.2021 06:33:19.815 GMT-0700,64.232,64.11800000000001,0.011,0.011
31.03.2021 06:33:20.304 GMT-0700,64.223,64.117,0.0008,0.011
31.03.2021 06:33:20.973 GMT-0700,64.223,64.157,0.011,0.011
31.03.2021 06:33:21.023 GMT-0700,64.35300000000001,64.217,0.011,0.011
31.03.2021 06:33:21.487 GMT-0700,64.30199999999999,64.148,0.011,0.011
31.03.2021 06:33:21.910 GMT-0700,64.282,64.208,0.0008,0.0075
31.03.2021 06:33:21.960 GMT-0700,64.262,64.138,0.011,0.011
31.03.2021 06:33:22.166 GMT-0700,64.263,64.167,0.011,0.011
31.03.2021 06:33:22.267 GMT-0700,64.263,64.137,0.011,0.011
31.03.2021 06:33:22.839 GMT-0700,64.223,64.137,0.0008,0.011
31.03.2021 06:33:23.112 GMT-0700,64.222,64.138,0.011,0.011
31.03.2021 06:33:23.162 GMT-0700,64.223,64.137,0.011,0.011
31.03.2021 06:33:24.085 GMT-0700,64.233,64.208,0.0008,0.0075
31.03.2021 06:33:24.136 GMT-0700,64.35300000000001,64.207,0.011,0.011
31.03.2021 06:33:24.236 GMT-0700,64.392,64.168,0.011,0.011
31.03.2021 06:33:24.329 GMT-0700,64.392,64.238,0.011,0.0075
31.03.2021 06:33:24.713 GMT-0700,64.30199999999999,64.208,0.0008,0.011
31.03.2021 06:33:24.763 GMT-0700,64.32300000000001,64.207,0.011,0.011
31.03.2021 06:33:24.814 GMT-0700,64.293,64.207,0.011,0.011
31.03.2021 06:33:24.864 GMT-0700,64.422,64.208,0.011,0.011
31.03.2021 06:33:24.914 GMT-0700,64.342,64.208,0.011,0.011
31.03.2021 06:33:25.792 GMT-0700,64.332,64.208,0.0075,0.011
31.03.2021 06:33:25.842 GMT-0700,64.342,64.208,0.011,0.011
31.03.2021 06:33:26.893 GMT-0700,64.343,64.207,0.0075,0.011
31.03.2021 06:33:26.943 GMT-0700,64.413,64.297,0.011,0.011
31.03.2021 06:33:26.994 GMT-0700,64.423,64.297,0.011,0.011
31.03.2021 06:33:27.094 GMT-0700,64.422,64.238,0.011,0.011
31.03.2021 06:33:27.211 GMT-0700,64.422,64.288,0.011,0.0075
31.03.2021 06:33:27.329 GMT-0700,64.382,64.318,0.0075,0.0075
31.03.2021 06:33:27.379 GMT-0700,64.38300000000001,64.287,0.011,0.011
31.03.2021 06:33:27.445 GMT-0700,64.38300000000001,64.287,0.011,0.011
31.03.2021 06:33:28.544 GMT-0700,64.373,64.207,0.011,0.011
31.03.2021 06:33:28.594 GMT-0700,64.362,64.25800000000001,0.011,0.011
31.03.2021 06:33:29.486 GMT-0700,64.35300000000001,64.257,0.011,0.011
31.03.2021 06:33:31.912 GMT-0700,64.38300000000001,64.257,0.011,0.011
31.03.2021 06:33:31.992 GMT-0700,64.363,64.257,0.0008,0.011
31.03.2021 06:33:35.029 GMT-0700,64.363,64.257,0.011,0.011
31.03.2021 06:33:35.079 GMT-0700,64.452,64.25800000000001,0.011,0.011
31.03.2021 06:33:35.129 GMT-0700,64.432,64.25800000000001,0.011,0.011
31.03.2021 06:33:35.533 GMT-0700,64.372,64.25800000000001,0.011,0.011
31.03.2021 06:33:36.923 GMT-0700,64.362,64.25800000000001,0.011,0.011
31.03.2021 06:33:37.127 GMT-0700,64.423,64.257,0.011,0.011
31.03.2021 06:33:37.181 GMT-0700,64.363,64.257,0.0075,0.011
31.03.2021 06:33:39.239 GMT-0700,64.342,64.25800000000001,0.0008,0.011
31.03.2021 06:33:39.289 GMT-0700,64.332,64.208,0.011,0.011
31.03.2021 06:33:39.340 GMT-0700,64.363,64.207,0.011,0.011
31.03.2021 06:33:40.106 GMT-0700,64.32300000000001,64.207,0.011,0.011
31.03.2021 06:33:41.277 GMT-0700,64.293,64.207,0.0008,0.011
31.03.2021 06:33:41.327 GMT-0700,64.32300000000001,64.207,0.011,0.011
31.03.2021 06:33:41.395 GMT-0700,64.313,64.207,0.0075,0.011
31.03.2021 06:33:42.348 GMT-0700,64.312,64.248,0.011,0.011
31.03.2021 06:33:42.398 GMT-0700,64.312,64.208,0.011,0.011
31.03.2021 06:33:42.736 GMT-0700,64.312,64.25800000000001,0.011,0.0075
31.03.2021 06:33:42.786 GMT-0700,64.312,64.208,0.011,0.011
31.03.2021 06:33:42.918 GMT-0700,64.313,64.217,0.011,0.0075
31.03.2021 06:33:43.634 GMT-0700,64.313,64.217,0.0075,0.011
31.03.2021 06:33:43.684 GMT-0700,64.372,64.218,0.011,0.011
31.03.2021 06:33:43.734 GMT-0700,64.343,64.217,0.011,0.011
31.03.2021 06:33:43.862 GMT-0700,64.332,64.248,0.0075,0.0075
31.03.2021 06:33:43.912 GMT-0700,64.342,64.248,0.011,0.011
31.03.2021 06:33:44.085 GMT-0700,64.333,64.127,0.011,0.011
31.03.2021 06:33:44.136 GMT-0700,64.342,64.19800000000001,0.011,0.011
31.03.2021 06:33:45.489 GMT-0700,64.293,64.197,0.0008,0.011
31.03.2021 06:33:45.737 GMT-0700,64.283,64.197,0.011,0.011
31.03.2021 06:33:45.787 GMT-0700,64.293,64.197,0.011,0.011
31.03.2021 06:33:45.852 GMT-0700,64.282,64.19800000000001,0.0008,0.011
31.03.2021 06:33:46.184 GMT-0700,64.272,64.208,0.0075,0.0075
31.03.2021 06:33:46.234 GMT-0700,64.282,64.208,0.011,0.011
31.03.2021 06:33:48.188 GMT-0700,64.282,64.248,0.011,0.011
31.03.2021 06:33:48.239 GMT-0700,64.283,64.217,0.011,0.011
31.03.2021 06:33:48.311 GMT-0700,64.293,64.227,0.011,0.011
31.03.2021 06:33:48.412 GMT-0700,64.292,64.248,0.011,0.011
31.03.2021 06:33:48.462 GMT-0700,64.293,64.227,0.011,0.011
31.03.2021 06:33:49.134 GMT-0700,64.292,64.238,0.011,0.011
31.03.2021 06:33:49.327 GMT-0700,64.292,64.238,0.011,0.011
31.03.2021 06:33:49.377 GMT-0700,64.292,64.238,0.011,0.011
31.03.2021 06:33:49.815 GMT-0700,64.363,64.237,0.011,0.011
31.03.2021 06:33:49.946 GMT-0700,64.343,64.267,0.0075,0.0075
31.03.2021 06:33:49.996 GMT-0700,64.342,64.238,0.011,0.011
31.03.2021 06:33:50.645 GMT-0700,64.332,64.238,0.0075,0.011
31.03.2021 06:33:51.285 GMT-0700,64.332,64.238,0.011,0.011
31.03.2021 06:33:51.510 GMT-0700,64.333,64.277,0.0075,0.011
31.03.2021 06:33:51.560 GMT-0700,64.342,64.308,0.011,0.011
31.03.2021 06:33:51.661 GMT-0700,64.343,64.297,0.011,0.011
31.03.2021 06:33:51.912 GMT-0700,64.342,64.288,0.011,0.011
31.03.2021 06:33:52.007 GMT-0700,64.342,64.288,0.011,0.011
31.03.2021 06:33:52.058 GMT-0700,64.372,64.308,0.011,0.011
31.03.2021 06:33:59.157 GMT-0700,64.35300000000001,64.277,0.0075,0.011
31.03.2021 06:33:59.387 GMT-0700,64.362,64.278,0.011,0.011
31.03.2021 06:33:59.459 GMT-0700,64.343,64.277,0.0075,0.011
31.03.2021 06:33:59.509 GMT-0700,64.35300000000001,64.277,0.011,0.011
31.03.2021 06:33:59.610 GMT-0700,64.30199999999999,64.168,0.011,0.011
31.03.2021 06:33:59.660 GMT-0700,64.30199999999999,64.218,0.011,0.011
31.03.2021 06:33:59.965 GMT-0700,64.273,64.127,0.0075,0.011
31.03.2021 06:34:00.016 GMT-0700,64.272,64.11800000000001,0.011,0.011
31.03.2021 06:34:01.246 GMT-0700,64.282,64.11800000000001,0.0008,0.011
31.03.2021 06:34:01.347 GMT-0700,64.292,64.11800000000001,0.011,0.011
31.03.2021 06:34:01.447 GMT-0700,64.303,64.167,0.011,0.011
31.03.2021 06:34:01.548 GMT-0700,64.293,64.227,0.011,0.011
31.03.2021 06:34:01.648 GMT-0700,64.293,64.107,0.011,0.011
31.03.2021 06:34:01.699 GMT-0700,64.292,64.168,0.011,0.011
31.03.2021 06:34:02.783 GMT-0700,64.293,64.167,0.0075,0.011
31.03.2021 06:34:02.834 GMT-0700,64.352,64.168,0.011,0.011
31.03.2021 06:34:03.058 GMT-0700,64.292,64.168,0.0008,0.011
31.03.2021 06:34:03.772 GMT-0700,64.35300000000001,64.167,0.011,0.011
31.03.2021 06:34:03.857 GMT-0700,64.352,64.278,0.011,0.011
31.03.2021 06:34:04.022 GMT-0700,64.342,64.278,0.0008,0.011
31.03.2021 06:34:04.188 GMT-0700,64.35300000000001,64.277,0.011,0.011
31.03.2021 06:34:04.249 GMT-0700,64.322,64.278,0.011,0.011
31.03.2021 06:34:04.528 GMT-0700,64.352,64.298,0.011,0.011
31.03.2021 06:34:04.579 GMT-0700,64.402,64.188,0.011,0.011
31.03.2021 06:34:04.629 GMT-0700,64.362,64.188,0.011,0.011
31.03.2021 06:34:05.024 GMT-0700,64.352,64.238,0.011,0.011
31.03.2021 06:34:05.074 GMT-0700,64.473,64.337,0.011,0.011
31.03.2021 06:34:05.125 GMT-0700,64.442,64.318,0.011,0.011
31.03.2021 06:34:05.351 GMT-0700,64.443,64.257,0.011,0.011
31.03.2021 06:34:05.923 GMT-0700,64.432,64.25800000000001,0.0008,0.011
31.03.2021 06:34:06.147 GMT-0700,64.38300000000001,64.337,0.011,0.011
31.03.2021 06:34:06.621 GMT-0700,64.38300000000001,64.337,0.0075,0.011
31.03.2021 06:34:06.672 GMT-0700,64.443,64.357,0.011,0.011
31.03.2021 06:34:07.236 GMT-0700,64.403,64.357,0.0008,0.011
31.03.2021 06:34:07.772 GMT-0700,64.402,64.348,0.011,0.011
31.03.2021 06:34:09.178 GMT-0700,64.402,64.358,0.011,0.011
31.03.2021 06:34:09.283 GMT-0700,64.403,64.357,0.0075,0.011
31.03.2021 06:34:09.333 GMT-0700,64.442,64.36800000000001,0.011,0.011
31.03.2021 06:34:10.771 GMT-0700,64.403,64.367,0.0008,0.011
31.03.2021 06:34:11.364 GMT-0700,64.492,64.218,0.011,0.011
31.03.2021 06:34:11.415 GMT-0700,64.46300000000001,64.277,0.011,0.011
31.03.2021 06:34:12.081 GMT-0700,64.403,64.277,0.0075,0.011
31.03.2021 06:34:12.342 GMT-0700,64.462,64.278,0.011,0.011
31.03.2021 06:34:13.138 GMT-0700,64.38300000000001,64.277,0.0008,0.011
31.03.2021 06:34:13.289 GMT-0700,64.382,64.308,0.011,0.011
31.03.2021 06:34:13.426 GMT-0700,64.362,64.308,0.011,0.011
31.03.2021 06:34:13.477 GMT-0700,64.363,64.217,0.011,0.011
31.03.2021 06:34:13.654 GMT-0700,64.312,64.248,0.011,0.011
31.03.2021 06:34:13.755 GMT-0700,64.312,64.168,0.011,0.011
31.03.2021 06:34:13.817 GMT-0700,64.313,64.17699999999999,0.011,0.0075
31.03.2021 06:34:13.963 GMT-0700,64.313,64.267,0.011,0.0075
31.03.2021 06:34:14.014 GMT-0700,64.372,64.288,0.011,0.011
31.03.2021 06:34:14.114 GMT-0700,64.362,64.278,0.011,0.011
31.03.2021 06:34:14.165 GMT-0700,64.38300000000001,64.277,0.011,0.011
31.03.2021 06:34:14.398 GMT-0700,64.382,64.318,0.011,0.011
31.03.2021 06:34:14.448 GMT-0700,64.382,64.298,0.011,0.011
31.03.2021 06:34:14.817 GMT-0700,64.38300000000001,64.277,0.011,0.011
31.03.2021 06:34:14.867 GMT-0700,64.382,64.278,0.011,0.011
31.03.2021 06:34:14.918 GMT-0700,64.362,64.278,0.011,0.011
31.03.2021 06:34:15.030 GMT-0700,64.38300000000001,64.277,0.011,0.011
31.03.2021 06:34:15.227 GMT-0700,64.433,64.277,0.011,0.011
31.03.2021 06:34:15.287 GMT-0700,64.393,64.277,0.0008,0.011
31.03.2021 06:34:15.338 GMT-0700,64.392,64.278,0.011,0.011
31.03.2021 06:34:16.048 GMT-0700,64.392,64.288,0.011,0.0075
31.03.2021 06:34:16.249 GMT-0700,64.403,64.287,0.011,0.011
31.03.2021 06:34:16.300 GMT-0700,64.393,64.287,0.011,0.011
31.03.2021 06:34:18.256 GMT-0700,64.393,64.365,0.0008,0.0075
31.03.2021 06:34:18.306 GMT-0700,64.402,64.298,0.011,0.011
31.03.2021 06:34:20.325 GMT-0700,64.412,64.318,0.011,0.011
31.03.2021 06:34:20.376 GMT-0700,64.513,64.397,0.011,0.011
31.03.2021 06:34:20.524 GMT-0700,64.502,64.398,0.0008,0.011
31.03.2021 06:34:20.828 GMT-0700,64.503,64.337,0.011,0.011
31.03.2021 06:34:21.513 GMT-0700,64.49300000000001,64.337,0.011,0.011
31.03.2021 06:34:21.575 GMT-0700,64.502,64.33800000000001,0.011,0.011
31.03.2021 06:34:22.201 GMT-0700,64.452,64.33800000000001,0.0008,0.011
31.03.2021 06:34:23.051 GMT-0700,64.453,64.387,0.011,0.011
31.03.2021 06:34:23.670 GMT-0700,64.453,64.347,0.011,0.011
31.03.2021 06:34:23.721 GMT-0700,64.452,64.388,0.011,0.011
31.03.2021 06:34:23.970 GMT-0700,64.452,64.418,0.0008,0.0075
31.03.2021 06:34:24.021 GMT-0700,64.46300000000001,64.387,0.011,0.011
31.03.2021 06:34:24.121 GMT-0700,64.502,64.348,0.011,0.011
31.03.2021 06:34:24.915 GMT-0700,64.503,64.357,0.011,0.0075
31.03.2021 06:34:25.609 GMT-0700,64.46300000000001,64.357,0.011,0.011
31.03.2021 06:34:26.160 GMT-0700,64.482,64.418,0.011,0.011
31.03.2021 06:34:26.210 GMT-0700,64.542,64.36800000000001,0.011,0.011
31.03.2021 06:34:26.311 GMT-0700,64.582,64.538,0.011,0.011
31.03.2021 06:34:26.361 GMT-0700,64.583,64.507,0.011,0.011
31.03.2021 06:34:26.719 GMT-0700,64.613,64.517,0.011,0.011
31.03.2021 06:34:26.769 GMT-0700,64.602,64.518,0.011,0.011
31.03.2021 06:34:27.174 GMT-0700,64.592,64.458,0.011,0.011
31.03.2021 06:34:27.224 GMT-0700,64.642,64.458,0.011,0.011
31.03.2021 06:34:27.274 GMT-0700,64.632,64.458,0.011,0.011
31.03.2021 06:34:27.325 GMT-0700,64.643,64.457,0.011,0.011
31.03.2021 06:34:27.862 GMT-0700,64.642,64.518,0.011,0.011
31.03.2021 06:34:27.972 GMT-0700,64.592,64.518,0.011,0.011
31.03.2021 06:34:29.415 GMT-0700,64.593,64.527,0.011,0.011
31.03.2021 06:34:29.571 GMT-0700,64.55199999999999,64.428,0.011,0.011
31.03.2021 06:34:29.671 GMT-0700,64.562,64.428,0.011,0.011
31.03.2021 06:34:29.722 GMT-0700,64.533,64.42699999999999,0.011,0.011
31.03.2021 06:34:29.845 GMT-0700,64.632,64.488,0.011,0.011
31.03.2021 06:34:29.945 GMT-0700,64.582,64.428,0.011,0.011
31.03.2021 06:34:30.137 GMT-0700,64.543,64.42699999999999,0.011,0.011
31.03.2021 06:34:30.187 GMT-0700,64.582,64.428,0.011,0.011
31.03.2021 06:34:30.275 GMT-0700,64.582,64.428,0.011,0.011
31.03.2021 06:34:30.685 GMT-0700,64.572,64.408,0.011,0.011
31.03.2021 06:34:31.104 GMT-0700,64.572,64.50800000000001,0.0008,0.0075
31.03.2021 06:34:31.155 GMT-0700,64.643,64.477,0.011,0.011
31.03.2021 06:34:31.207 GMT-0700,64.592,64.47800000000001,0.0008,0.011
31.03.2021 06:34:31.308 GMT-0700,64.57300000000001,64.407,0.011,0.011
31.03.2021 06:34:31.358 GMT-0700,64.563,64.407,0.011,0.011
31.03.2021 06:34:31.408 GMT-0700,64.632,64.468,0.011,0.011
31.03.2021 06:34:31.459 GMT-0700,64.642,64.418,0.011,0.011
31.03.2021 06:34:31.985 GMT-0700,64.63300000000001,64.417,0.0008,0.011
31.03.2021 06:34:32.036 GMT-0700,64.642,64.418,0.011,0.011
31.03.2021 06:34:32.958 GMT-0700,64.582,64.418,0.0008,0.011
31.03.2021 06:34:34.192 GMT-0700,64.583,64.417,0.0075,0.011
31.03.2021 06:34:34.243 GMT-0700,64.63300000000001,64.42699999999999,0.011,0.011
31.03.2021 06:34:34.293 GMT-0700,64.632,64.458,0.011,0.011
31.03.2021 06:34:34.394 GMT-0700,64.63300000000001,64.467,0.011,0.011
31.03.2021 06:34:34.532 GMT-0700,64.632,64.468,0.011,0.011
31.03.2021 06:34:34.632 GMT-0700,64.632,64.468,0.011,0.011
31.03.2021 06:34:35.571 GMT-0700,64.63300000000001,64.467,0.011,0.011
31.03.2021 06:34:35.622 GMT-0700,64.632,64.528,0.011,0.011
31.03.2021 06:34:35.672 GMT-0700,64.612,64.528,0.011,0.011
31.03.2021 06:34:35.921 GMT-0700,64.602,64.528,0.011,0.011
31.03.2021 06:34:35.972 GMT-0700,64.572,64.468,0.011,0.011
31.03.2021 06:34:36.083 GMT-0700,64.602,64.468,0.011,0.011
31.03.2021 06:34:36.249 GMT-0700,64.60300000000001,64.477,0.011,0.011
31.03.2021 06:34:37.808 GMT-0700,64.602,64.538,0.011,0.0075
31.03.2021 06:34:38.048 GMT-0700,64.60300000000001,64.407,0.011,0.011
31.03.2021 06:34:38.149 GMT-0700,64.60300000000001,64.487,0.011,0.011
31.03.2021 06:34:39.248 GMT-0700,64.57300000000001,64.497,0.0075,0.0075
31.03.2021 06:34:39.298 GMT-0700,64.662,64.518,0.011,0.011
31.03.2021 06:34:39.399 GMT-0700,64.572,64.518,0.011,0.011
31.03.2021 06:34:39.527 GMT-0700,64.57300000000001,64.497,0.011,0.011
31.03.2021 06:34:40.340 GMT-0700,64.572,64.498,0.011,0.011
31.03.2021 06:34:40.390 GMT-0700,64.57300000000001,64.497,0.011,0.011
31.03.2021 06:34:40.480 GMT-0700,64.57300000000001,64.497,0.011,0.011
31.03.2021 06:34:40.690 GMT-0700,64.572,64.498,0.011,0.011
31.03.2021 06:34:41.083 GMT-0700,64.572,64.557,0.0008,0.0075
31.03.2021 06:34:41.134 GMT-0700,64.653,64.497,0.011,0.011
31.03.2021 06:34:41.254 GMT-0700,64.653,64.507,0.011,0.0075
31.03.2021 06:34:41.522 GMT-0700,64.653,64.517,0.011,0.0075
31.03.2021 06:34:42.247 GMT-0700,64.642,64.518,0.0008,0.011
31.03.2021 06:34:42.455 GMT-0700,64.653,64.517,0.011,0.011
31.03.2021 06:34:42.606 GMT-0700,64.582,64.518,0.011,0.011
31.03.2021 06:34:44.013 GMT-0700,64.563,64.517,0.0075,0.011
31.03.2021 06:34:45.192 GMT-0700,64.55199999999999,64.51,0.0008,0.0075
31.03.2021 06:34:45.243 GMT-0700,64.553,64.477,0.011,0.011
31.03.2021 06:34:45.343 GMT-0700,64.523,64.477,0.011,0.011
31.03.2021 06:34:45.460 GMT-0700,64.55199999999999,64.498,0.011,0.011
31.03.2021 06:34:45.952 GMT-0700,64.55199999999999,64.488,0.0075,0.011
31.03.2021 06:34:46.002 GMT-0700,64.583,64.487,0.011,0.011
31.03.2021 06:34:46.860 GMT-0700,64.57300000000001,64.487,0.011,0.011
31.03.2021 06:34:47.144 GMT-0700,64.553,64.487,0.0008,0.0075
31.03.2021 06:34:47.194 GMT-0700,64.57300000000001,64.497,0.011,0.011
31.03.2021 06:34:47.245 GMT-0700,64.562,64.398,0.011,0.011
31.03.2021 06:34:47.295 GMT-0700,64.57300000000001,64.407,0.011,0.011
31.03.2021 06:34:47.414 GMT-0700,64.572,64.398,0.011,0.011
31.03.2021 06:34:47.464 GMT-0700,64.57300000000001,64.437,0.011,0.011
31.03.2021 06:34:47.608 GMT-0700,64.57300000000001,64.487,0.011,0.0075
31.03.2021 06:34:47.758 GMT-0700,64.543,64.497,0.011,0.011
31.03.2021 06:34:47.809 GMT-0700,64.55199999999999,64.498,0.011,0.011
31.03.2021 06:34:48.501 GMT-0700,64.55199999999999,64.518,0.0008,0.0075
31.03.2021 06:34:48.551 GMT-0700,64.662,64.518,0.011,0.011
31.03.2021 06:34:48.601 GMT-0700,64.662,64.498,0.011,0.011
31.03.2021 06:34:48.651 GMT-0700,64.653,64.497,0.011,0.011
31.03.2021 06:34:49.941 GMT-0700,64.545,64.498,0.0008,0.0075
31.03.2021 06:34:49.991 GMT-0700,64.642,64.408,0.011,0.011
31.03.2021 06:34:50.041 GMT-0700,64.642,64.458,0.011,0.011
31.03.2021 06:34:50.142 GMT-0700,64.522,64.458,0.011,0.011
31.03.2021 06:34:50.277 GMT-0700,64.522,64.498,0.011,0.0075
31.03.2021 06:34:50.327 GMT-0700,64.522,64.438,0.011,0.011
31.03.2021 06:34:50.378 GMT-0700,64.523,64.487,0.011,0.011
31.03.2021 06:34:50.833 GMT-0700,64.522,64.498,0.011,0.011
31.03.2021 06:34:50.884 GMT-0700,64.522,64.488,0.011,0.011
31.03.2021 06:34:51.796 GMT-0700,64.55199999999999,64.50800000000001,0.011,0.011
31.03.2021 06:34:51.847 GMT-0700,64.553,64.487,0.011,0.011
31.03.2021 06:34:52.255 GMT-0700,64.60300000000001,64.517,0.011,0.011
31.03.2021 06:34:52.819 GMT-0700,64.592,64.518,0.0008,0.011
31.03.2021 06:34:55.881 GMT-0700,64.582,64.518,0.0008,0.011
31.03.2021 06:34:56.140 GMT-0700,64.562,64.47800000000001,0.0075,0.011
31.03.2021 06:34:56.191 GMT-0700,64.563,64.477,0.011,0.011
31.03.2021 06:34:56.400 GMT-0700,64.55199999999999,64.47800000000001,0.0075,0.011
31.03.2021 06:34:56.507 GMT-0700,64.553,64.497,0.011,0.0075
31.03.2021 06:34:57.390 GMT-0700,64.55199999999999,64.50800000000001,0.011,0.011
31.03.2021 06:34:57.441 GMT-0700,64.553,64.497,0.011,0.011
31.03.2021 06:34:57.491 GMT-0700,64.55199999999999,64.50800000000001,0.011,0.011
31.03.2021 06:34:57.542 GMT-0700,64.553,64.497,0.011,0.011
31.03.2021 06:34:57.797 GMT-0700,64.532,64.498,0.0075,0.011
31.03.2021 06:34:57.913 GMT-0700,64.533,64.517,0.0008,0.0075
31.03.2021 06:34:57.963 GMT-0700,64.542,64.50800000000001,0.011,0.011
31.03.2021 06:34:58.050 GMT-0700,64.533,64.507,0.011,0.011
31.03.2021 06:34:59.956 GMT-0700,64.533,64.507,0.0075,0.011
31.03.2021 06:35:00.007 GMT-0700,64.643,64.537,0.011,0.011
31.03.2021 06:35:00.107 GMT-0700,64.662,64.538,0.011,0.011
31.03.2021 06:35:00.208 GMT-0700,64.643,64.537,0.011,0.011
31.03.2021 06:35:00.568 GMT-0700,64.592,64.538,0.0008,0.011
31.03.2021 06:35:00.718 GMT-0700,64.643,64.537,0.011,0.011
31.03.2021 06:35:00.888 GMT-0700,64.642,64.568,0.011,0.0075
31.03.2021 06:35:00.939 GMT-0700,64.643,64.537,0.011,0.011
31.03.2021 06:35:01.561 GMT-0700,64.612,64.538,0.011,0.011
31.03.2021 06:35:01.752 GMT-0700,64.61800000000001,64.537,0.0075,0.011
31.03.2021 06:35:01.802 GMT-0700,64.71300000000001,64.587,0.011,0.011
31.03.2021 06:35:01.853 GMT-0700,64.692,64.58800000000001,0.011,0.011
31.03.2021 06:35:01.903 GMT-0700,64.71300000000001,64.587,0.011,0.011
31.03.2021 06:35:01.987 GMT-0700,64.712,64.538,0.011,0.011
31.03.2021 06:35:02.374 GMT-0700,64.702,64.538,0.0008,0.011
31.03.2021 06:35:02.545 GMT-0700,64.683,64.527,0.011,0.011
31.03.2021 06:35:02.596 GMT-0700,64.683,64.527,0.011,0.011
31.03.2021 06:35:02.771 GMT-0700,64.673,64.527,0.0008,0.011
31.03.2021 06:35:03.046 GMT-0700,64.663,64.547,0.0075,0.011
31.03.2021 06:35:03.398 GMT-0700,64.602,64.548,0.011,0.011
31.03.2021 06:35:04.043 GMT-0700,64.602,64.518,0.011,0.011
31.03.2021 06:35:04.940 GMT-0700,64.602,64.528,0.011,0.0075
31.03.2021 06:35:05.065 GMT-0700,64.592,64.50800000000001,0.011,0.011
31.03.2021 06:35:05.116 GMT-0700,64.672,64.50800000000001,0.011,0.011
31.03.2021 06:35:05.494 GMT-0700,64.63300000000001,64.507,0.0075,0.011
31.03.2021 06:35:05.544 GMT-0700,64.653,64.477,0.011,0.011
31.03.2021 06:35:05.595 GMT-0700,64.642,64.47800000000001,0.011,0.011
31.03.2021 06:35:05.645 GMT-0700,64.653,64.467,0.011,0.011
31.03.2021 06:35:06.062 GMT-0700,64.583,64.467,0.0075,0.011
31.03.2021 06:35:06.182 GMT-0700,64.583,64.467,0.011,0.011
31.03.2021 06:35:06.283 GMT-0700,64.582,64.538,0.011,0.011
31.03.2021 06:35:06.333 GMT-0700,64.583,64.527,0.011,0.011
31.03.2021 06:35:06.467 GMT-0700,64.58500000000001,64.527,0.0075,0.011
31.03.2021 06:35:06.517 GMT-0700,64.632,64.468,0.011,0.011
31.03.2021 06:35:06.568 GMT-0700,64.653,64.487,0.011,0.011
31.03.2021 06:35:06.718 GMT-0700,64.653,64.537,0.011,0.011
31.03.2021 06:35:07.111 GMT-0700,64.653,64.487,0.011,0.011
31.03.2021 06:35:07.452 GMT-0700,64.642,64.498,0.0075,0.0075
31.03.2021 06:35:07.552 GMT-0700,64.653,64.487,0.011,0.011
31.03.2021 06:35:08.047 GMT-0700,64.602,64.488,0.0008,0.011
31.03.2021 06:35:09.042 GMT-0700,64.602,64.488,0.011,0.011
31.03.2021 06:35:09.223 GMT-0700,64.632,64.50800000000001,0.011,0.011
31.03.2021 06:35:09.274 GMT-0700,64.602,64.50800000000001,0.011,0.011
31.03.2021 06:35:10.511 GMT-0700,64.60300000000001,64.567,0.011,0.011
31.03.2021 06:35:10.561 GMT-0700,64.60300000000001,64.557,0.011,0.011
31.03.2021 06:35:11.193 GMT-0700,64.60300000000001,64.467,0.011,0.011
31.03.2021 06:35:11.244 GMT-0700,64.60300000000001,64.507,0.011,0.011
31.03.2021 06:35:11.502 GMT-0700,64.60300000000001,64.557,0.011,0.0075
31.03.2021 06:35:12.235 GMT-0700,64.60300000000001,64.577,0.0008,0.0075
31.03.2021 06:35:12.285 GMT-0700,64.613,64.567,0.011,0.011
31.03.2021 06:35:12.642 GMT-0700,64.612,64.58800000000001,0.011,0.0075
31.03.2021 06:35:12.692 GMT-0700,64.613,64.577,0.011,0.011
31.03.2021 06:35:13.048 GMT-0700,64.613,64.608,0.0008,0.0075
31.03.2021 06:35:13.098 GMT-0700,64.652,64.578,0.011,0.011
31.03.2021 06:35:13.149 GMT-0700,64.71300000000001,64.577,0.011,0.011
31.03.2021 06:35:13.199 GMT-0700,64.702,64.578,0.011,0.011
31.03.2021 06:35:13.582 GMT-0700,64.642,64.578,0.0008,0.011
31.03.2021 06:35:13.977 GMT-0700,64.712,64.578,0.011,0.011
31.03.2021 06:35:14.027 GMT-0700,64.643,64.577,0.011,0.011
31.03.2021 06:35:14.164 GMT-0700,64.642,64.598,0.011,0.011
31.03.2021 06:35:14.350 GMT-0700,64.642,64.578,0.011,0.011
31.03.2021 06:35:14.976 GMT-0700,64.612,64.578,0.0008,0.011
31.03.2021 06:35:15.026 GMT-0700,64.703,64.477,0.011,0.011
31.03.2021 06:35:15.077 GMT-0700,64.703,64.517,0.011,0.011
31.03.2021 06:35:15.398 GMT-0700,64.602,64.518,0.011,0.011
31.03.2021 06:35:16.021 GMT-0700,64.60300000000001,64.567,0.0008,0.0075
31.03.2021 06:35:16.071 GMT-0700,64.642,64.578,0.011,0.011
31.03.2021 06:35:16.613 GMT-0700,64.632,64.568,0.011,0.011
31.03.2021 06:35:16.726 GMT-0700,64.632,64.498,0.011,0.011
31.03.2021 06:35:16.777 GMT-0700,64.632,64.518,0.011,0.011
31.03.2021 06:35:17.597 GMT-0700,64.642,64.568,0.011,0.011
31.03.2021 06:35:17.697 GMT-0700,64.612,64.498,0.011,0.011
31.03.2021 06:35:17.748 GMT-0700,64.613,64.517,0.011,0.011
31.03.2021 06:35:17.943 GMT-0700,64.612,64.528,0.011,0.0075
31.03.2021 06:35:18.193 GMT-0700,64.613,64.517,0.011,0.011
31.03.2021 06:35:18.478 GMT-0700,64.613,64.517,0.011,0.011
31.03.2021 06:35:18.643 GMT-0700,64.613,64.497,0.011,0.011
31.03.2021 06:35:18.694 GMT-0700,64.612,64.58800000000001,0.011,0.011
31.03.2021 06:35:18.744 GMT-0700,64.612,64.578,0.011,0.011
31.03.2021 06:35:19.119 GMT-0700,64.612,64.568,0.011,0.011
31.03.2021 06:35:19.315 GMT-0700,64.613,64.577,0.011,0.0075
31.03.2021 06:35:19.366 GMT-0700,64.653,64.587,0.011,0.011
31.03.2021 06:35:19.537 GMT-0700,64.652,64.578,0.011,0.011
31.03.2021 06:35:20.048 GMT-0700,64.652,64.528,0.011,0.011
31.03.2021 06:35:20.540 GMT-0700,64.632,64.528,0.0008,0.011
31.03.2021 06:35:20.813 GMT-0700,64.63300000000001,64.587,0.011,0.011
31.03.2021 06:35:20.863 GMT-0700,64.63300000000001,64.577,0.011,0.011
31.03.2021 06:35:21.667 GMT-0700,64.63300000000001,64.587,0.011,0.011
31.03.2021 06:35:21.717 GMT-0700,64.632,64.548,0.011,0.011
31.03.2021 06:35:21.953 GMT-0700,64.63300000000001,64.547,0.011,0.011
31.03.2021 06:35:22.053 GMT-0700,64.632,64.548,0.011,0.011
31.03.2021 06:35:23.583 GMT-0700,64.593,64.547,0.0008,0.011
31.03.2021 06:35:23.855 GMT-0700,64.592,64.548,0.011,0.011
31.03.2021 06:35:23.964 GMT-0700,64.595,64.567,0.0075,0.011
31.03.2021 06:35:24.014 GMT-0700,64.632,64.568,0.011,0.011
31.03.2021 06:35:25.096 GMT-0700,64.63300000000001,64.567,0.0075,0.011
31.03.2021 06:35:25.146 GMT-0700,64.642,64.578,0.011,0.011
31.03.2021 06:35:25.335 GMT-0700,64.632,64.568,0.011,0.011
31.03.2021 06:35:25.385 GMT-0700,64.642,64.568,0.011,0.011
31.03.2021 06:35:25.828 GMT-0700,64.642,64.578,0.011,0.011
31.03.2021 06:35:25.983 GMT-0700,64.643,64.567,0.011,0.011
31.03.2021 06:35:26.044 GMT-0700,64.622,64.568,0.0008,0.011
31.03.2021 06:35:26.314 GMT-0700,64.622,64.578,0.011,0.0075
31.03.2021 06:35:26.415 GMT-0700,64.622,64.568,0.011,0.011
31.03.2021 06:35:26.536 GMT-0700,64.613,64.567,0.0008,0.011
31.03.2021 06:35:26.587 GMT-0700,64.622,64.578,0.011,0.011
31.03.2021 06:35:26.714 GMT-0700,64.622,64.568,0.011,0.011
31.03.2021 06:35:27.736 GMT-0700,64.583,64.507,0.0075,0.011
31.03.2021 06:35:27.786 GMT-0700,64.60300000000001,64.507,0.011,0.011
31.03.2021 06:35:28.051 GMT-0700,64.60300000000001,64.527,0.011,0.011
31.03.2021 06:35:28.173 GMT-0700,64.602,64.498,0.011,0.011
31.03.2021 06:35:28.224 GMT-0700,64.612,64.498,0.011,0.011
31.03.2021 06:35:28.293 GMT-0700,64.562,64.498,0.011,0.011
31.03.2021 06:35:29.611 GMT-0700,64.563,64.497,0.0075,0.011
31.03.2021 06:35:29.662 GMT-0700,64.582,64.518,0.011,0.011
31.03.2021 06:35:29.765 GMT-0700,64.582,64.50800000000001,0.011,0.011
31.03.2021 06:35:30.080 GMT-0700,64.57300000000001,64.507,0.011,0.011
31.03.2021 06:35:30.130 GMT-0700,64.623,64.517,0.011,0.011
31.03.2021 06:35:30.180 GMT-0700,64.612,64.518,0.011,0.011
31.03.2021 06:35:30.231 GMT-0700,64.622,64.518,0.011,0.011
31.03.2021 06:35:31.280 GMT-0700,64.562,64.50800000000001,0.0008,0.011
31.03.2021 06:35:32.513 GMT-0700,64.55199999999999,64.50800000000001,0.0008,0.011
31.03.2021 06:35:32.614 GMT-0700,64.542,64.518,0.011,0.011
31.03.2021 06:35:32.969 GMT-0700,64.542,64.528,0.0008,0.0075
31.03.2021 06:35:33.020 GMT-0700,64.563,64.527,0.011,0.011
31.03.2021 06:35:33.312 GMT-0700,64.563,64.517,0.011,0.011
31.03.2021 06:35:33.679 GMT-0700,64.512,64.47800000000001,0.011,0.011
31.03.2021 06:35:33.780 GMT-0700,64.503,64.487,0.011,0.011
31.03.2021 06:35:33.906 GMT-0700,64.49300000000001,64.477,0.011,0.011
31.03.2021 06:35:33.956 GMT-0700,64.503,64.477,0.011,0.011
31.03.2021 06:35:34.149 GMT-0700,64.513,64.477,0.011,0.011
31.03.2021 06:35:34.551 GMT-0700,64.602,64.498,0.011,0.011
31.03.2021 06:35:34.601 GMT-0700,64.553,64.497,0.011,0.011
31.03.2021 06:35:34.934 GMT-0700,64.553,64.487,0.011,0.011
31.03.2021 06:35:36.193 GMT-0700,64.55199999999999,64.498,0.011,0.011
31.03.2021 06:35:36.243 GMT-0700,64.55199999999999,64.488,0.011,0.011
31.03.2021 06:35:36.343 GMT-0700,64.553,64.487,0.011,0.011
31.03.2021 06:35:36.394 GMT-0700,64.553,64.487,0.011,0.011
31.03.2021 06:35:36.741 GMT-0700,64.55199999999999,64.50800000000001,0.011,0.0075
31.03.2021 06:35:36.791 GMT-0700,64.553,64.487,0.011,0.011
31.03.2021 06:35:37.532 GMT-0700,64.55199999999999,64.488,0.011,0.011
31.03.2021 06:35:37.582 GMT-0700,64.55199999999999,64.44800000000001,0.011,0.011
31.03.2021 06:35:37.633 GMT-0700,64.55199999999999,64.418,0.011,0.011
31.03.2021 06:35:37.683 GMT-0700,64.553,64.437,0.011,0.011
31.03.2021 06:35:37.946 GMT-0700,64.553,64.447,0.011,0.0075
31.03.2021 06:35:38.047 GMT-0700,64.553,64.437,0.011,0.011
31.03.2021 06:35:38.300 GMT-0700,64.532,64.438,0.0008,0.011
31.03.2021 06:35:38.351 GMT-0700,64.543,64.447,0.011,0.011
31.03.2021 06:35:38.640 GMT-0700,64.542,64.458,0.011,0.011
31.03.2021 06:35:38.793 GMT-0700,64.543,64.447,0.011,0.011
31.03.2021 06:35:39.355 GMT-0700,64.553,64.447,0.011,0.011
31.03.2021 06:35:40.185 GMT-0700,64.55199999999999,64.44800000000001,0.011,0.011
31.03.2021 06:35:40.235 GMT-0700,64.55199999999999,64.44800000000001,0.011,0.011
31.03.2021 06:35:41.100 GMT-0700,64.553,64.457,0.011,0.011
31.03.2021 06:35:41.220 GMT-0700,64.55199999999999,64.44800000000001,0.011,0.011
31.03.2021 06:35:41.361 GMT-0700,64.553,64.437,0.011,0.011
31.03.2021 06:35:41.845 GMT-0700,64.55199999999999,64.44800000000001,0.011,0.011
31.03.2021 06:35:42.120 GMT-0700,64.55199999999999,64.438,0.011,0.011
31.03.2021 06:35:42.256 GMT-0700,64.553,64.497,0.0008,0.0075
31.03.2021 06:35:42.306 GMT-0700,64.592,64.50800000000001,0.011,0.011
31.03.2021 06:35:42.357 GMT-0700,64.602,64.498,0.011,0.011
31.03.2021 06:35:42.433 GMT-0700,64.553,64.497,0.0008,0.011
31.03.2021 06:35:42.484 GMT-0700,64.582,64.518,0.011,0.011
31.03.2021 06:35:42.584 GMT-0700,64.613,64.517,0.011,0.011
31.03.2021 06:35:43.189 GMT-0700,64.582,64.518,0.0008,0.011
31.03.2021 06:35:43.383 GMT-0700,64.613,64.517,0.011,0.011
31.03.2021 06:35:43.837 GMT-0700,64.57300000000001,64.457,0.0075,0.011
31.03.2021 06:35:43.887 GMT-0700,64.572,64.458,0.011,0.011
31.03.2021 06:35:44.472 GMT-0700,64.55199999999999,64.458,0.0008,0.011
31.03.2021 06:35:44.522 GMT-0700,64.562,64.458,0.011,0.011
31.03.2021 06:35:44.925 GMT-0700,64.563,64.507,0.011,0.0075
31.03.2021 06:35:45.080 GMT-0700,64.572,64.518,0.011,0.011
31.03.2021 06:35:45.130 GMT-0700,64.612,64.50800000000001,0.011,0.011
31.03.2021 06:35:45.231 GMT-0700,64.613,64.517,0.011,0.011
31.03.2021 06:35:45.432 GMT-0700,64.602,64.518,0.0008,0.0075
31.03.2021 06:35:45.483 GMT-0700,64.602,64.458,0.011,0.011
31.03.2021 06:35:45.534 GMT-0700,64.602,64.44800000000001,0.011,0.011
31.03.2021 06:35:46.294 GMT-0700,64.592,64.44800000000001,0.0008,0.011
31.03.2021 06:35:46.395 GMT-0700,64.572,64.44800000000001,0.011,0.011
31.03.2021 06:35:46.528 GMT-0700,64.613,64.447,0.011,0.011
31.03.2021 06:35:46.578 GMT-0700,64.613,64.517,0.011,0.011
31.03.2021 06:35:47.412 GMT-0700,64.572,64.518,0.0075,0.011
31.03.2021 06:35:48.573 GMT-0700,64.562,64.518,0.0008,0.0075
31.03.2021 06:35:48.623 GMT-0700,64.572,64.44800000000001,0.011,0.011
31.03.2021 06:35:48.673 GMT-0700,64.572,64.468,0.011,0.011
31.03.2021 06:35:49.299 GMT-0700,64.55199999999999,64.47800000000001,0.011,0.011
31.03.2021 06:35:49.414 GMT-0700,64.553,64.477,0.011,0.011
31.03.2021 06:35:49.464 GMT-0700,64.553,64.477,0.011,0.011
31.03.2021 06:35:50.487 GMT-0700,64.533,64.477,0.011,0.011
31.03.2021 06:35:50.587 GMT-0700,64.522,64.44800000000001,0.011,0.011
31.03.2021 06:35:50.638 GMT-0700,64.492,64.438,0.011,0.011
31.03.2021 06:35:50.792 GMT-0700,64.492,64.468,0.011,0.011
31.03.2021 06:35:50.842 GMT-0700,64.49300000000001,64.437,0.011,0.011
31.03.2021 06:35:50.893 GMT-0700,64.492,64.44800000000001,0.011,0.011
31.03.2021 06:35:51.220 GMT-0700,64.492,64.438,0.011,0.011
31.03.2021 06:35:51.344 GMT-0700,64.492,64.438,0.011,0.011
31.03.2021 06:35:51.444 GMT-0700,64.49300000000001,64.437,0.011,0.011
31.03.2021 06:35:51.527 GMT-0700,64.492,64.438,0.011,0.011
31.03.2021 06:35:51.577 GMT-0700,64.492,64.44800000000001,0.011,0.011
31.03.2021 06:35:52.030 GMT-0700,64.49300000000001,64.437,0.011,0.011
31.03.2021 06:35:53.127 GMT-0700,64.49300000000001,64.447,0.011,0.011
31.03.2021 06:35:53.179 GMT-0700,64.543,64.487,0.011,0.011
31.03.2021 06:35:53.230 GMT-0700,64.543,64.437,0.011,0.011
31.03.2021 06:35:54.313 GMT-0700,64.543,64.437,0.011,0.011
31.03.2021 06:35:54.363 GMT-0700,64.543,64.437,0.011,0.011
31.03.2021 06:35:54.738 GMT-0700,64.582,64.488,0.011,0.011
31.03.2021 06:35:54.870 GMT-0700,64.583,64.497,0.011,0.0075
31.03.2021 06:35:54.920 GMT-0700,64.583,64.447,0.011,0.011
31.03.2021 06:35:54.971 GMT-0700,64.582,64.438,0.011,0.011
31.03.2021 06:35:55.531 GMT-0700,64.582,64.44800000000001,0.011,0.0075
31.03.2021 06:35:55.631 GMT-0700,64.583,64.437,0.011,0.011
31.03.2021 06:35:55.686 GMT-0700,64.542,64.438,0.011,0.011
31.03.2021 06:35:55.737 GMT-0700,64.582,64.438,0.011,0.011
31.03.2021 06:35:56.022 GMT-0700,64.512,64.468,0.011,0.011
31.03.2021 06:35:56.072 GMT-0700,64.503,64.437,0.011,0.011
31.03.2021 06:35:56.391 GMT-0700,64.502,64.44800000000001,0.011,0.011
31.03.2021 06:35:56.556 GMT-0700,64.492,64.438,0.011,0.011
31.03.2021 06:35:56.606 GMT-0700,64.503,64.437,0.011,0.011
31.03.2021 06:35:57.495 GMT-0700,64.543,64.477,0.011,0.011
31.03.2021 06:35:57.865 GMT-0700,64.60300000000001,64.487,0.011,0.011
31.03.2021 06:35:57.915 GMT-0700,64.592,64.488,0.011,0.011
31.03.2021 06:35:57.965 GMT-0700,64.592,64.47800000000001,0.011,0.011
31.03.2021 06:35:58.016 GMT-0700,64.582,64.47800000000001,0.011,0.011
31.03.2021 06:35:58.311 GMT-0700,64.522,64.408,0.0075,0.011
31.03.2021 06:35:58.362 GMT-0700,64.583,64.407,0.011,0.011
31.03.2021 06:35:58.559 GMT-0700,64.522,64.398,0.0075,0.011
31.03.2021 06:35:59.469 GMT-0700,64.512,64.408,0.0075,0.0075
31.03.2021 06:35:59.570 GMT-0700,64.523,64.397,0.011,0.011
31.03.2021 06:35:59.657 GMT-0700,64.512,64.398,0.0008,0.011
31.03.2021 06:35:59.707 GMT-0700,64.522,64.398,0.011,0.011
31.03.2021 06:36:00.258 GMT-0700,64.522,64.408,0.011,0.011
31.03.2021 06:36:00.308 GMT-0700,64.522,64.398,0.011,0.011
31.03.2021 06:36:00.526 GMT-0700,64.523,64.397,0.011,0.011
31.03.2021 06:36:00.576 GMT-0700,64.522,64.398,0.011,0.011
31.03.2021 06:36:02.092 GMT-0700,64.522,64.408,0.011,0.011
31.03.2021 06:36:03.101 GMT-0700,64.543,64.437,0.011,0.011
31.03.2021 06:36:03.393 GMT-0700,64.543,64.42699999999999,0.011,0.011
31.03.2021 06:36:03.443 GMT-0700,64.543,64.437,0.011,0.011
31.03.2021 06:36:03.494 GMT-0700,64.543,64.42699999999999,0.011,0.011
31.03.2021 06:36:03.573 GMT-0700,64.542,64.428,0.011,0.011
31.03.2021 06:36:03.674 GMT-0700,64.542,64.428,0.011,0.011
31.03.2021 06:36:03.928 GMT-0700,64.543,64.42699999999999,0.011,0.011
31.03.2021 06:36:05.317 GMT-0700,64.543,64.447,0.011,0.0075
31.03.2021 06:36:05.418 GMT-0700,64.543,64.42699999999999,0.011,0.011
31.03.2021 06:36:05.671 GMT-0700,64.533,64.497,0.0008,0.0075
31.03.2021 06:36:05.721 GMT-0700,64.543,64.437,0.011,0.011
31.03.2021 06:36:06.219 GMT-0700,64.543,64.437,0.011,0.011
31.03.2021 06:36:06.320 GMT-0700,64.542,64.438,0.011,0.011
31.03.2021 06:36:06.381 GMT-0700,64.622,64.538,0.011,0.011
31.03.2021 06:36:06.431 GMT-0700,64.57300000000001,64.437,0.011,0.011
31.03.2021 06:36:06.984 GMT-0700,64.572,64.438,0.0075,0.011
31.03.2021 06:36:07.035 GMT-0700,64.602,64.438,0.011,0.011
31.03.2021 06:36:07.099 GMT-0700,64.602,64.438,0.011,0.011
31.03.2021 06:36:07.303 GMT-0700,64.542,64.44800000000001,0.011,0.011
31.03.2021 06:36:07.654 GMT-0700,64.542,64.44800000000001,0.0075,0.011
31.03.2021 06:36:07.704 GMT-0700,64.593,64.457,0.011,0.011
31.03.2021 06:36:08.557 GMT-0700,64.602,64.44800000000001,0.011,0.011
31.03.2021 06:36:09.154 GMT-0700,64.563,64.457,0.0075,0.0075
31.03.2021 06:36:09.204 GMT-0700,64.602,64.458,0.011,0.011
31.03.2021 06:36:09.328 GMT-0700,64.602,64.44800000000001,0.011,0.011
31.03.2021 06:36:09.863 GMT-0700,64.542,64.458,0.011,0.011
31.03.2021 06:36:09.964 GMT-0700,64.543,64.497,0.011,0.011
31.03.2021 06:36:10.779 GMT-0700,64.543,64.437,0.011,0.011
31.03.2021 06:36:11.528 GMT-0700,64.543,64.447,0.011,0.0075
31.03.2021 06:36:11.749 GMT-0700,64.543,64.437,0.011,0.011
31.03.2021 06:36:11.924 GMT-0700,64.542,64.488,0.011,0.0075
31.03.2021 06:36:12.146 GMT-0700,64.545,64.487,0.0075,0.011
31.03.2021 06:36:12.197 GMT-0700,64.562,64.488,0.011,0.011
31.03.2021 06:36:12.641 GMT-0700,64.532,64.438,0.011,0.011
31.03.2021 06:36:12.692 GMT-0700,64.60300000000001,64.487,0.011,0.011
31.03.2021 06:36:12.792 GMT-0700,64.613,64.42699999999999,0.011,0.011
31.03.2021 06:36:13.171 GMT-0700,64.612,64.438,0.011,0.0075
31.03.2021 06:36:13.272 GMT-0700,64.602,64.438,0.011,0.011
31.03.2021 06:36:13.354 GMT-0700,64.60300000000001,64.42699999999999,0.011,0.011
31.03.2021 06:36:13.787 GMT-0700,64.593,64.42699999999999,0.011,0.011
31.03.2021 06:36:13.952 GMT-0700,64.592,64.428,0.011,0.011
31.03.2021 06:36:14.060 GMT-0700,64.583,64.467,0.0075,0.011
31.03.2021 06:36:14.110 GMT-0700,64.592,64.468,0.011,0.011
31.03.2021 06:36:14.216 GMT-0700,64.592,64.458,0.011,0.011
31.03.2021 06:36:14.275 GMT-0700,64.543,64.457,0.011,0.011
31.03.2021 06:36:14.325 GMT-0700,64.592,64.458,0.011,0.011
31.03.2021 06:36:14.883 GMT-0700,64.582,64.458,0.0075,0.011
31.03.2021 06:36:15.094 GMT-0700,64.532,64.458,0.0008,0.011
31.03.2021 06:36:15.792 GMT-0700,64.533,64.457,0.011,0.011
31.03.2021 06:36:16.678 GMT-0700,64.532,64.458,0.011,0.011
31.03.2021 06:36:18.694 GMT-0700,64.572,64.44800000000001,0.011,0.011
31.03.2021 06:36:18.795 GMT-0700,64.593,64.437,0.011,0.011
31.03.2021 06:36:19.173 GMT-0700,64.593,64.487,0.011,0.0075
31.03.2021 06:36:19.865 GMT-0700,64.582,64.488,0.0008,0.011
31.03.2021 06:36:19.915 GMT-0700,64.593,64.437,0.011,0.011
31.03.2021 06:36:20.497 GMT-0700,64.593,64.42699999999999,0.011,0.011
31.03.2021 06:36:21.501 GMT-0700,64.583,64.437,0.011,0.011
31.03.2021 06:36:21.767 GMT-0700,64.593,64.42699999999999,0.011,0.011
31.03.2021 06:36:23.254 GMT-0700,64.513,64.42699999999999,0.0008,0.011
31.03.2021 06:36:24.050 GMT-0700,64.518,64.467,0.0075,0.011
31.03.2021 06:36:24.100 GMT-0700,64.592,64.468,0.011,0.011
31.03.2021 06:36:25.050 GMT-0700,64.583,64.467,0.0008,0.011
31.03.2021 06:36:25.100 GMT-0700,64.592,64.47800000000001,0.011,0.011
31.03.2021 06:36:25.513 GMT-0700,64.593,64.467,0.011,0.011
31.03.2021 06:36:26.455 GMT-0700,64.602,64.468,0.011,0.011
31.03.2021 06:36:26.525 GMT-0700,64.57300000000001,64.467,0.0008,0.011
31.03.2021 06:36:26.658 GMT-0700,64.512,64.47800000000001,0.0008,0.0075
31.03.2021 06:36:26.709 GMT-0700,64.563,64.467,0.011,0.011
31.03.2021 06:36:26.803 GMT-0700,64.57300000000001,64.467,0.011,0.011
31.03.2021 06:36:26.952 GMT-0700,64.512,64.468,0.0008,0.011
31.03.2021 06:36:27.669 GMT-0700,64.512,64.418,0.011,0.011
31.03.2021 06:36:28.346 GMT-0700,64.512,64.418,0.011,0.011
31.03.2021 06:36:28.599 GMT-0700,64.512,64.418,0.011,0.011
31.03.2021 06:36:29.102 GMT-0700,64.512,64.428,0.011,0.011
31.03.2021 06:36:29.152 GMT-0700,64.512,64.418,0.011,0.011
31.03.2021 06:36:29.902 GMT-0700,64.513,64.42699999999999,0.011,0.011
31.03.2021 06:36:29.953 GMT-0700,64.512,64.418,0.011,0.011
31.03.2021 06:36:30.134 GMT-0700,64.503,64.417,0.0075,0.011
31.03.2021 06:36:30.185 GMT-0700,64.513,64.417,0.011,0.011
31.03.2021 06:36:30.258 GMT-0700,64.503,64.417,0.0075,0.011
31.03.2021 06:36:30.702 GMT-0700,64.513,64.417,0.011,0.011
31.03.2021 06:36:30.756 GMT-0700,64.512,64.418,0.011,0.011
31.03.2021 06:36:31.168 GMT-0700,64.513,64.417,0.011,0.011
31.03.2021 06:36:31.486 GMT-0700,64.513,64.457,0.011,0.0075
31.03.2021 06:36:31.770 GMT-0700,64.512,64.458,0.0075,0.011
31.03.2021 06:36:31.821 GMT-0700,64.57300000000001,64.457,0.011,0.011
31.03.2021 06:36:31.921 GMT-0700,64.553,64.447,0.011,0.011
31.03.2021 06:36:32.022 GMT-0700,64.543,64.467,0.011,0.011
31.03.2021 06:36:32.127 GMT-0700,64.532,64.468,0.0008,0.011
31.03.2021 06:36:32.227 GMT-0700,64.542,64.468,0.011,0.011
31.03.2021 06:36:32.664 GMT-0700,64.533,64.467,0.011,0.011
31.03.2021 06:36:32.714 GMT-0700,64.542,64.468,0.011,0.011
31.03.2021 06:36:33.083 GMT-0700,64.55199999999999,64.468,0.011,0.011
31.03.2021 06:36:34.300 GMT-0700,64.532,64.468,0.011,0.011
31.03.2021 06:36:35.802 GMT-0700,64.522,64.468,0.0008,0.011
31.03.2021 06:36:35.853 GMT-0700,64.492,64.418,0.011,0.011
31.03.2021 06:36:35.906 GMT-0700,64.473,64.417,0.0008,0.011
31.03.2021 06:36:36.057 GMT-0700,64.432,64.398,0.011,0.011
31.03.2021 06:36:36.157 GMT-0700,64.453,64.397,0.011,0.011
31.03.2021 06:36:36.537 GMT-0700,64.452,64.418,0.011,0.011
31.03.2021 06:36:36.640 GMT-0700,64.453,64.407,0.011,0.011
31.03.2021 06:36:36.899 GMT-0700,64.453,64.407,0.0075,0.011
31.03.2021 06:36:36.949 GMT-0700,64.513,64.397,0.011,0.011
31.03.2021 06:36:37.062 GMT-0700,64.483,64.397,0.0008,0.011
31.03.2021 06:36:37.211 GMT-0700,64.472,64.408,0.011,0.011
31.03.2021 06:36:37.263 GMT-0700,64.472,64.398,0.011,0.011
31.03.2021 06:36:37.313 GMT-0700,64.483,64.407,0.011,0.011
31.03.2021 06:36:37.858 GMT-0700,64.483,64.42699999999999,0.011,0.0075
31.03.2021 06:36:37.908 GMT-0700,64.483,64.407,0.011,0.011
31.03.2021 06:36:37.959 GMT-0700,64.483,64.397,0.011,0.011
31.03.2021 06:36:41.966 GMT-0700,64.483,64.387,0.011,0.011
31.03.2021 06:36:42.314 GMT-0700,64.473,64.387,0.0075,0.011
31.03.2021 06:36:42.364 GMT-0700,64.473,64.347,0.011,0.011
31.03.2021 06:36:42.478 GMT-0700,64.433,64.337,0.0075,0.011
31.03.2021 06:36:42.943 GMT-0700,64.433,64.337,0.011,0.011
31.03.2021 06:36:43.088 GMT-0700,64.393,64.347,0.0008,0.0075
31.03.2021 06:36:43.139 GMT-0700,64.403,64.347,0.011,0.011
31.03.2021 06:36:43.406 GMT-0700,64.362,64.248,0.0075,0.011
31.03.2021 06:36:43.456 GMT-0700,64.422,64.278,0.011,0.011
31.03.2021 06:36:43.513 GMT-0700,64.362,64.278,0.0075,0.011
31.03.2021 06:36:43.706 GMT-0700,64.422,64.278,0.011,0.011
31.03.2021 06:36:44.136 GMT-0700,64.413,64.277,0.011,0.011
31.03.2021 06:36:44.186 GMT-0700,64.422,64.278,0.011,0.011
31.03.2021 06:36:45.517 GMT-0700,64.412,64.288,0.0075,0.0075
31.03.2021 06:36:45.706 GMT-0700,64.422,64.278,0.011,0.011
31.03.2021 06:36:45.814 GMT-0700,64.372,64.278,0.0075,0.011
31.03.2021 06:36:46.058 GMT-0700,64.373,64.337,0.011,0.0075
31.03.2021 06:36:46.420 GMT-0700,64.373,64.357,0.0008,0.0075
31.03.2021 06:36:46.472 GMT-0700,64.422,64.33800000000001,0.0008,0.011
31.03.2021 06:36:46.523 GMT-0700,64.482,64.33800000000001,0.011,0.011
31.03.2021 06:36:46.714 GMT-0700,64.422,64.33800000000001,0.0008,0.011
31.03.2021 06:36:49.379 GMT-0700,64.422,64.348,0.011,0.011
31.03.2021 06:36:51.219 GMT-0700,64.35300000000001,64.257,0.0075,0.011
31.03.2021 06:36:51.270 GMT-0700,64.38300000000001,64.257,0.011,0.011
31.03.2021 06:36:51.373 GMT-0700,64.382,64.248,0.011,0.011
31.03.2021 06:36:51.582 GMT-0700,64.35300000000001,64.247,0.0075,0.011
31.03.2021 06:36:51.682 GMT-0700,64.362,64.248,0.011,0.011
31.03.2021 06:36:52.175 GMT-0700,64.362,64.25800000000001,0.011,0.0075
31.03.2021 06:36:52.226 GMT-0700,64.363,64.247,0.011,0.011
31.03.2021 06:36:53.073 GMT-0700,64.342,64.248,0.0075,0.011
31.03.2021 06:36:53.123 GMT-0700,64.363,64.247,0.011,0.011
31.03.2021 06:36:53.363 GMT-0700,64.363,64.247,0.011,0.011
31.03.2021 06:36:53.413 GMT-0700,64.363,64.247,0.011,0.011
31.03.2021 06:36:54.591 GMT-0700,64.362,64.25800000000001,0.011,0.011
31.03.2021 06:36:54.996 GMT-0700,64.362,64.248,0.011,0.011
31.03.2021 06:36:55.509 GMT-0700,64.363,64.247,0.011,0.011
31.03.2021 06:36:55.702 GMT-0700,64.362,64.248,0.011,0.011
31.03.2021 06:36:57.395 GMT-0700,64.343,64.247,0.0008,0.011
31.03.2021 06:36:57.790 GMT-0700,64.342,64.25800000000001,0.011,0.011
31.03.2021 06:36:57.840 GMT-0700,64.342,64.248,0.011,0.011
31.03.2021 06:36:58.120 GMT-0700,64.333,64.247,0.0075,0.011
31.03.2021 06:36:58.221 GMT-0700,64.322,64.22800000000001,0.011,0.011
31.03.2021 06:36:58.271 GMT-0700,64.293,64.227,0.011,0.011
31.03.2021 06:37:00.948 GMT-0700,64.293,64.147,0.011,0.011
31.03.2021 06:37:01.076 GMT-0700,64.282,64.188,0.011,0.011
31.03.2021 06:37:01.127 GMT-0700,64.282,64.148,0.011,0.011
31.03.2021 06:37:01.177 GMT-0700,64.253,64.197,0.011,0.011
31.03.2021 06:37:01.331 GMT-0700,64.252,64.148,0.011,0.011
31.03.2021 06:37:02.059 GMT-0700,64.252,64.158,0.011,0.0075
31.03.2021 06:37:02.160 GMT-0700,64.253,64.147,0.011,0.011
31.03.2021 06:37:02.588 GMT-0700,64.252,64.158,0.011,0.0075
31.03.2021 06:37:02.760 GMT-0700,64.252,64.218,0.011,0.011
31.03.2021 06:37:02.810 GMT-0700,64.253,64.157,0.011,0.011
31.03.2021 06:37:02.869 GMT-0700,64.272,64.158,0.011,0.011
31.03.2021 06:37:03.459 GMT-0700,64.293,64.157,0.011,0.011
31.03.2021 06:37:03.509 GMT-0700,64.282,64.158,0.011,0.011
31.03.2021 06:37:03.610 GMT-0700,64.293,64.157,0.011,0.011
31.03.2021 06:37:03.791 GMT-0700,64.262,64.158,0.011,0.011
31.03.2021 06:37:04.264 GMT-0700,64.252,64.158,0.011,0.011
31.03.2021 06:37:04.674 GMT-0700,64.252,64.138,0.011,0.011
31.03.2021 06:37:05.016 GMT-0700,64.252,64.148,0.011,0.011
31.03.2021 06:37:05.066 GMT-0700,64.253,64.137,0.011,0.011
31.03.2021 06:37:05.313 GMT-0700,64.293,64.137,0.011,0.011
31.03.2021 06:37:05.537 GMT-0700,64.203,64.137,0.0008,0.011
31.03.2021 06:37:05.588 GMT-0700,64.292,64.168,0.011,0.011
31.03.2021 06:37:05.726 GMT-0700,64.292,64.138,0.011,0.011
31.03.2021 06:37:05.978 GMT-0700,64.282,64.138,0.0008,0.011
31.03.2021 06:37:06.125 GMT-0700,64.263,64.137,0.011,0.011
31.03.2021 06:37:06.716 GMT-0700,64.253,64.137,0.0008,0.011
31.03.2021 06:37:06.767 GMT-0700,64.263,64.137,0.011,0.011
31.03.2021 06:37:07.226 GMT-0700,64.262,64.148,0.011,0.011
31.03.2021 06:37:07.392 GMT-0700,64.262,64.138,0.011,0.011
31.03.2021 06:37:07.954 GMT-0700,64.252,64.138,0.0008,0.011
31.03.2021 06:37:08.183 GMT-0700,64.263,64.137,0.011,0.011
31.03.2021 06:37:08.612 GMT-0700,64.223,64.137,0.0008,0.011
31.03.2021 06:37:09.608 GMT-0700,64.222,64.148,0.011,0.0075
31.03.2021 06:37:09.659 GMT-0700,64.292,64.19800000000001,0.011,0.011
31.03.2021 06:37:09.760 GMT-0700,64.272,64.19800000000001,0.011,0.011
31.03.2021 06:37:09.945 GMT-0700,64.313,64.197,0.011,0.011
31.03.2021 06:37:10.090 GMT-0700,64.303,64.197,0.0008,0.011
31.03.2021 06:37:10.140 GMT-0700,64.313,64.197,0.011,0.011
31.03.2021 06:37:11.130 GMT-0700,64.262,64.19800000000001,0.011,0.011
31.03.2021 06:37:13.513 GMT-0700,64.263,64.237,0.0008,0.0075
31.03.2021 06:37:13.563 GMT-0700,64.293,64.227,0.011,0.011
31.03.2021 06:37:15.313 GMT-0700,64.293,64.227,0.011,0.011
31.03.2021 06:37:15.899 GMT-0700,64.273,64.247,0.0008,0.011
31.03.2021 06:37:15.950 GMT-0700,64.283,64.17699999999999,0.011,0.011
31.03.2021 06:37:16.036 GMT-0700,64.283,64.247,0.0008,0.0075
31.03.2021 06:37:16.355 GMT-0700,64.282,64.19800000000001,0.011,0.011
31.03.2021 06:37:16.411 GMT-0700,64.293,64.197,0.011,0.011
31.03.2021 06:37:16.648 GMT-0700,64.293,64.207,0.011,0.0075
31.03.2021 06:37:16.749 GMT-0700,64.293,64.197,0.011,0.011
31.03.2021 06:37:16.799 GMT-0700,64.292,64.268,0.011,0.011
31.03.2021 06:37:16.849 GMT-0700,64.293,64.197,0.011,0.011
31.03.2021 06:37:17.249 GMT-0700,64.293,64.27,0.0008,0.0075
31.03.2021 06:37:17.299 GMT-0700,64.292,64.178,0.011,0.011
31.03.2021 06:37:17.350 GMT-0700,64.293,64.187,0.011,0.0075
31.03.2021 06:37:17.769 GMT-0700,64.292,64.188,0.011,0.011
31.03.2021 06:37:17.973 GMT-0700,64.273,64.197,0.0075,0.011
31.03.2021 06:37:18.074 GMT-0700,64.272,64.188,0.011,0.011
31.03.2021 06:37:18.148 GMT-0700,64.272,64.25800000000001,0.011,0.0075
31.03.2021 06:37:18.941 GMT-0700,64.283,64.257,0.011,0.011
31.03.2021 06:37:21.283 GMT-0700,64.292,64.25800000000001,0.011,0.011
31.03.2021 06:37:21.645 GMT-0700,64.292,64.268,0.0008,0.0075
31.03.2021 06:37:21.695 GMT-0700,64.313,64.257,0.011,0.011
31.03.2021 06:37:22.113 GMT-0700,64.282,64.25800000000001,0.0075,0.011
31.03.2021 06:37:22.467 GMT-0700,64.282,64.208,0.011,0.011
31.03.2021 06:37:22.828 GMT-0700,64.283,64.217,0.011,0.011
31.03.2021 06:37:23.167 GMT-0700,64.282,64.208,0.011,0.011
31.03.2021 06:37:23.667 GMT-0700,64.272,64.218,0.011,0.011
31.03.2021 06:37:23.768 GMT-0700,64.313,64.207,0.011,0.011
31.03.2021 06:37:23.903 GMT-0700,64.303,64.207,0.0075,0.011
31.03.2021 06:37:24.090 GMT-0700,64.253,64.207,0.0008,0.0075
31.03.2021 06:37:24.140 GMT-0700,64.242,64.188,0.011,0.011
31.03.2021 06:37:24.254 GMT-0700,64.242,64.19800000000001,0.011,0.0075
31.03.2021 06:37:24.304 GMT-0700,64.24300000000001,64.187,0.011,0.011
31.03.2021 06:37:25.301 GMT-0700,64.24300000000001,64.207,0.011,0.011
31.03.2021 06:37:25.500 GMT-0700,64.282,64.208,0.011,0.011
31.03.2021 06:37:25.623 GMT-0700,64.292,64.208,0.011,0.011
31.03.2021 06:37:26.536 GMT-0700,64.24300000000001,64.207,0.0008,0.011
31.03.2021 06:37:27.819 GMT-0700,64.24300000000001,64.22800000000001,0.0008,0.0075
31.03.2021 06:37:27.869 GMT-0700,64.293,64.187,0.011,0.011
31.03.2021 06:37:27.920 GMT-0700,64.293,64.197,0.011,0.011
31.03.2021 06:37:28.035 GMT-0700,64.292,64.188,0.011,0.011
31.03.2021 06:37:28.142 GMT-0700,64.312,64.188,0.011,0.011
31.03.2021 06:37:28.459 GMT-0700,64.293,64.187,0.0075,0.011
31.03.2021 06:37:29.369 GMT-0700,64.293,64.197,0.011,0.0075
31.03.2021 06:37:29.695 GMT-0700,64.292,64.19800000000001,0.011,0.011
31.03.2021 06:37:30.641 GMT-0700,64.293,64.197,0.011,0.011
31.03.2021 06:37:31.255 GMT-0700,64.293,64.197,0.0075,0.011
31.03.2021 06:37:31.305 GMT-0700,64.333,64.277,0.011,0.011
31.03.2021 06:37:31.389 GMT-0700,64.333,64.287,0.011,0.011
31.03.2021 06:37:31.439 GMT-0700,64.333,64.277,0.011,0.011
31.03.2021 06:37:32.414 GMT-0700,64.333,64.287,0.011,0.011
31.03.2021 06:37:32.465 GMT-0700,64.352,64.278,0.011,0.011
31.03.2021 06:37:33.358 GMT-0700,64.342,64.278,0.0008,0.011
31.03.2021 06:37:33.408 GMT-0700,64.352,64.278,0.011,0.011
31.03.2021 06:37:33.459 GMT-0700,64.32300000000001,64.277,0.011,0.011
31.03.2021 06:37:33.591 GMT-0700,64.32300000000001,64.287,0.011,0.011
31.03.2021 06:37:33.642 GMT-0700,64.322,64.278,0.011,0.011
31.03.2021 06:37:35.520 GMT-0700,64.342,64.278,0.0008,0.011
31.03.2021 06:37:35.570 GMT-0700,64.342,64.278,0.011,0.011
31.03.2021 06:37:36.075 GMT-0700,64.343,64.277,0.0075,0.011
31.03.2021 06:37:36.125 GMT-0700,64.393,64.317,0.011,0.011
31.03.2021 06:37:36.498 GMT-0700,64.453,64.317,0.011,0.011
31.03.2021 06:37:37.027 GMT-0700,64.462,64.318,0.011,0.011
31.03.2021 06:37:37.317 GMT-0700,64.452,64.318,0.011,0.011
31.03.2021 06:37:37.367 GMT-0700,64.46300000000001,64.317,0.011,0.011
31.03.2021 06:37:37.477 GMT-0700,64.443,64.317,0.0008,0.011
31.03.2021 06:37:37.790 GMT-0700,64.443,64.267,0.011,0.011
31.03.2021 06:37:40.279 GMT-0700,64.382,64.278,0.0075,0.0075
31.03.2021 06:37:40.452 GMT-0700,64.38300000000001,64.267,0.011,0.011
31.03.2021 06:37:41.164 GMT-0700,64.382,64.278,0.011,0.011
31.03.2021 06:37:41.565 GMT-0700,64.443,64.277,0.011,0.011
31.03.2021 06:37:41.615 GMT-0700,64.422,64.318,0.011,0.011
31.03.2021 06:37:41.762 GMT-0700,64.413,64.317,0.0008,0.011
31.03.2021 06:37:42.095 GMT-0700,64.433,64.327,0.011,0.011
31.03.2021 06:37:42.155 GMT-0700,64.433,64.317,0.011,0.011
31.03.2021 06:37:42.384 GMT-0700,64.433,64.367,0.0008,0.0075
31.03.2021 06:37:42.434 GMT-0700,64.492,64.358,0.011,0.011
31.03.2021 06:37:42.575 GMT-0700,64.492,64.418,0.011,0.011
31.03.2021 06:37:42.626 GMT-0700,64.49300000000001,64.367,0.011,0.011
31.03.2021 06:37:42.676 GMT-0700,64.492,64.378,0.011,0.011
31.03.2021 06:37:42.726 GMT-0700,64.492,64.36800000000001,0.011,0.011
31.03.2021 06:37:43.707 GMT-0700,64.49300000000001,64.367,0.011,0.011
31.03.2021 06:37:43.757 GMT-0700,64.492,64.358,0.011,0.011
31.03.2021 06:37:45.149 GMT-0700,64.453,64.357,0.011,0.011
31.03.2021 06:37:45.545 GMT-0700,64.452,64.36800000000001,0.011,0.0075
31.03.2021 06:37:45.808 GMT-0700,64.452,64.358,0.011,0.011
31.03.2021 06:37:46.106 GMT-0700,64.433,64.357,0.011,0.011
31.03.2021 06:37:46.172 GMT-0700,64.442,64.358,0.011,0.011
31.03.2021 06:37:46.272 GMT-0700,64.442,64.36800000000001,0.011,0.011
31.03.2021 06:37:46.616 GMT-0700,64.442,64.358,0.011,0.011
31.03.2021 06:37:47.639 GMT-0700,64.443,64.407,0.011,0.0075
31.03.2021 06:37:47.690 GMT-0700,64.482,64.36800000000001,0.011,0.011
31.03.2021 06:37:47.740 GMT-0700,64.462,64.408,0.011,0.011
31.03.2021 06:37:47.791 GMT-0700,64.453,64.357,0.011,0.011
31.03.2021 06:37:48.483 GMT-0700,64.443,64.357,0.0008,0.011
31.03.2021 06:37:48.533 GMT-0700,64.46300000000001,64.367,0.011,0.011
31.03.2021 06:37:48.633 GMT-0700,64.452,64.358,0.011,0.011
31.03.2021 06:37:48.793 GMT-0700,64.453,64.367,0.011,0.0075
31.03.2021 06:37:48.844 GMT-0700,64.453,64.357,0.011,0.011
31.03.2021 06:37:49.098 GMT-0700,64.432,64.358,0.0008,0.011
31.03.2021 06:37:49.148 GMT-0700,64.483,64.367,0.011,0.011
31.03.2021 06:37:49.714 GMT-0700,64.452,64.36800000000001,0.0075,0.0075
31.03.2021 06:37:49.765 GMT-0700,64.453,64.357,0.011,0.011
31.03.2021 06:37:50.396 GMT-0700,64.413,64.357,0.0008,0.011
31.03.2021 06:37:50.555 GMT-0700,64.403,64.357,0.011,0.0075
31.03.2021 06:37:50.605 GMT-0700,64.38300000000001,64.307,0.011,0.011
31.03.2021 06:37:51.044 GMT-0700,64.38300000000001,64.297,0.011,0.011
31.03.2021 06:37:51.261 GMT-0700,64.38300000000001,64.307,0.011,0.0075
31.03.2021 06:37:51.361 GMT-0700,64.38300000000001,64.297,0.011,0.011
31.03.2021 06:37:52.787 GMT-0700,64.382,64.328,0.011,0.0075
31.03.2021 06:37:52.837 GMT-0700,64.423,64.357,0.011,0.011
31.03.2021 06:37:52.923 GMT-0700,64.433,64.357,0.011,0.011
31.03.2021 06:37:53.316 GMT-0700,64.503,64.357,0.011,0.011
31.03.2021 06:37:53.366 GMT-0700,64.423,64.357,0.011,0.011
31.03.2021 06:37:54.255 GMT-0700,64.483,64.367,0.011,0.011
31.03.2021 06:37:54.355 GMT-0700,64.46300000000001,64.357,0.011,0.011
31.03.2021 06:37:55.631 GMT-0700,64.462,64.358,0.0075,0.011
31.03.2021 06:37:55.682 GMT-0700,64.513,64.357,0.011,0.011
31.03.2021 06:37:55.782 GMT-0700,64.512,64.398,0.011,0.011
31.03.2021 06:37:55.883 GMT-0700,64.46300000000001,64.347,0.011,0.011
31.03.2021 06:37:56.033 GMT-0700,64.452,64.378,0.011,0.011
31.03.2021 06:37:56.264 GMT-0700,64.462,64.328,0.011,0.011
31.03.2021 06:37:56.492 GMT-0700,64.46300000000001,64.387,0.011,0.011
31.03.2021 06:37:56.975 GMT-0700,64.443,64.327,0.011,0.011
31.03.2021 06:37:57.416 GMT-0700,64.443,64.337,0.011,0.011
31.03.2021 06:37:57.613 GMT-0700,64.46300000000001,64.327,0.011,0.011
31.03.2021 06:37:57.787 GMT-0700,64.433,64.327,0.0075,0.011
31.03.2021 06:37:57.888 GMT-0700,64.462,64.328,0.011,0.011
31.03.2021 06:37:58.010 GMT-0700,64.432,64.328,0.0008,0.011
31.03.2021 06:37:58.061 GMT-0700,64.46300000000001,64.327,0.011,0.011
31.03.2021 06:37:58.260 GMT-0700,64.462,64.328,0.011,0.011
31.03.2021 06:37:58.360 GMT-0700,64.462,64.328,0.011,0.011
31.03.2021 06:37:59.048 GMT-0700,64.433,64.337,0.0075,0.0075
31.03.2021 06:37:59.168 GMT-0700,64.433,64.327,0.011,0.011
31.03.2021 06:37:59.960 GMT-0700,64.433,64.327,0.011,0.011
31.03.2021 06:38:00.060 GMT-0700,64.432,64.328,0.011,0.011
31.03.2021 06:38:00.541 GMT-0700,64.432,64.328,0.0075,0.011
31.03.2021 06:38:00.592 GMT-0700,64.46300000000001,64.327,0.011,0.011
31.03.2021 06:38:01.030 GMT-0700,64.462,64.328,0.011,0.011
31.03.2021 06:38:01.563 GMT-0700,64.462,64.418,0.011,0.0075
31.03.2021 06:38:02.843 GMT-0700,64.423,64.412,0.0008,0.0075
31.03.2021 06:38:02.893 GMT-0700,64.49300000000001,64.357,0.011,0.011
31.03.2021 06:38:02.944 GMT-0700,64.413,64.347,0.011,0.011
31.03.2021 06:38:02.994 GMT-0700,64.423,64.347,0.011,0.011
31.03.2021 06:38:03.056 GMT-0700,64.422,64.348,0.011,0.011
31.03.2021 06:38:03.107 GMT-0700,64.403,64.287,0.011,0.011
31.03.2021 06:38:03.157 GMT-0700,64.382,64.288,0.011,0.011
31.03.2021 06:38:03.207 GMT-0700,64.382,64.278,0.011,0.011
31.03.2021 06:38:03.693 GMT-0700,64.38300000000001,64.277,0.011,0.011
31.03.2021 06:38:03.793 GMT-0700,64.38300000000001,64.277,0.011,0.011
31.03.2021 06:38:04.103 GMT-0700,64.382,64.33800000000001,0.011,0.011
31.03.2021 06:38:05.973 GMT-0700,64.413,64.337,0.011,0.011
31.03.2021 06:38:06.311 GMT-0700,64.38300000000001,64.337,0.011,0.011
31.03.2021 06:38:06.595 GMT-0700,64.4,64.337,0.0075,0.011
31.03.2021 06:38:06.645 GMT-0700,64.433,64.337,0.011,0.011
31.03.2021 06:38:07.772 GMT-0700,64.433,64.327,0.0075,0.011
31.03.2021 06:38:07.823 GMT-0700,64.443,64.327,0.011,0.011
31.03.2021 06:38:07.903 GMT-0700,64.432,64.33800000000001,0.0075,0.0075
31.03.2021 06:38:07.953 GMT-0700,64.432,64.328,0.011,0.011
31.03.2021 06:38:08.653 GMT-0700,64.433,64.337,0.011,0.011
31.03.2021 06:38:08.734 GMT-0700,64.433,64.327,0.011,0.011
31.03.2021 06:38:09.462 GMT-0700,64.433,64.337,0.011,0.011
31.03.2021 06:38:09.512 GMT-0700,64.433,64.327,0.011,0.011
31.03.2021 06:38:09.853 GMT-0700,64.402,64.318,0.0075,0.011
31.03.2021 06:38:09.903 GMT-0700,64.483,64.317,0.011,0.011
31.03.2021 06:38:10.004 GMT-0700,64.432,64.318,0.011,0.011
31.03.2021 06:38:10.114 GMT-0700,64.382,64.318,0.011,0.011
31.03.2021 06:38:10.164 GMT-0700,64.38300000000001,64.317,0.011,0.011
31.03.2021 06:38:10.731 GMT-0700,64.38300000000001,64.327,0.011,0.0075
31.03.2021 06:38:10.898 GMT-0700,64.38300000000001,64.317,0.011,0.011
31.03.2021 06:38:11.407 GMT-0700,64.382,64.328,0.011,0.0075
31.03.2021 06:38:11.612 GMT-0700,64.382,64.318,0.011,0.011
31.03.2021 06:38:11.744 GMT-0700,64.422,64.318,0.011,0.011
31.03.2021 06:38:11.794 GMT-0700,64.403,64.317,0.011,0.011
31.03.2021 06:38:11.845 GMT-0700,64.432,64.318,0.011,0.011
31.03.2021 06:38:11.919 GMT-0700,64.402,64.318,0.0008,0.011
31.03.2021 06:38:12.249 GMT-0700,64.403,64.327,0.011,0.0075
31.03.2021 06:38:12.349 GMT-0700,64.403,64.317,0.011,0.011
31.03.2021 06:38:13.359 GMT-0700,64.402,64.328,0.011,0.011
31.03.2021 06:38:13.710 GMT-0700,64.403,64.317,0.011,0.011
31.03.2021 06:38:14.556 GMT-0700,64.402,64.328,0.011,0.011
31.03.2021 06:38:14.710 GMT-0700,64.403,64.317,0.011,0.011
31.03.2021 06:38:15.417 GMT-0700,64.403,64.327,0.011,0.0075
31.03.2021 06:38:15.799 GMT-0700,64.402,64.318,0.011,0.011
31.03.2021 06:38:18.087 GMT-0700,64.402,64.328,0.011,0.0075
31.03.2021 06:38:18.187 GMT-0700,64.402,64.318,0.011,0.011
31.03.2021 06:38:20.103 GMT-0700,64.402,64.358,0.011,0.0075
31.03.2021 06:38:21.818 GMT-0700,64.362,64.35,0.0008,0.0075
31.03.2021 06:38:21.868 GMT-0700,64.372,64.278,0.011,0.011
31.03.2021 06:38:22.034 GMT-0700,64.373,64.227,0.011,0.011
31.03.2021 06:38:22.102 GMT-0700,64.373,64.227,0.011,0.011
31.03.2021 06:38:22.420 GMT-0700,64.373,64.247,0.011,0.011
31.03.2021 06:38:26.087 GMT-0700,64.372,64.248,0.0075,0.011
31.03.2021 06:38:26.138 GMT-0700,64.402,64.328,0.011,0.011
31.03.2021 06:38:26.328 GMT-0700,64.453,64.387,0.011,0.011
31.03.2021 06:38:26.379 GMT-0700,64.452,64.328,0.011,0.011
31.03.2021 06:38:26.479 GMT-0700,64.393,64.327,0.011,0.011
31.03.2021 06:38:29.372 GMT-0700,64.392,64.268,0.011,0.011
31.03.2021 06:38:30.300 GMT-0700,64.392,64.268,0.011,0.011
31.03.2021 06:38:31.471 GMT-0700,64.35300000000001,64.34,0.0008,0.0075
31.03.2021 06:38:31.522 GMT-0700,64.393,64.267,0.011,0.011
31.03.2021 06:38:35.495 GMT-0700,64.35300000000001,64.267,0.0008,0.011
31.03.2021 06:38:35.611 GMT-0700,64.333,64.277,0.011,0.011
31.03.2021 06:38:36.116 GMT-0700,64.333,64.227,0.011,0.011
31.03.2021 06:38:42.809 GMT-0700,64.333,64.237,0.011,0.0075
31.03.2021 06:38:42.996 GMT-0700,64.332,64.22800000000001,0.011,0.011
31.03.2021 06:38:43.895 GMT-0700,64.332,64.238,0.011,0.0075
31.03.2021 06:38:43.946 GMT-0700,64.35300000000001,64.237,0.011,0.011
31.03.2021 06:38:44.046 GMT-0700,64.32300000000001,64.227,0.011,0.011
31.03.2021 06:38:44.933 GMT-0700,64.322,64.22800000000001,0.011,0.011
31.03.2021 06:38:45.403 GMT-0700,64.32300000000001,64.227,0.011,0.011
31.03.2021 06:38:47.046 GMT-0700,64.32300000000001,64.227,0.011,0.011
31.03.2021 06:38:47.236 GMT-0700,64.322,64.22800000000001,0.011,0.011
31.03.2021 06:38:47.953 GMT-0700,64.322,64.238,0.011,0.0075
31.03.2021 06:38:48.197 GMT-0700,64.322,64.22800000000001,0.011,0.011
31.03.2021 06:38:48.882 GMT-0700,64.32300000000001,64.227,0.011,0.011
31.03.2021 06:38:48.983 GMT-0700,64.322,64.22800000000001,0.011,0.011
31.03.2021 06:38:49.607 GMT-0700,64.32300000000001,64.247,0.011,0.0075
31.03.2021 06:38:49.926 GMT-0700,64.322,64.248,0.011,0.011
31.03.2021 06:38:49.976 GMT-0700,64.343,64.227,0.011,0.011
31.03.2021 06:38:50.152 GMT-0700,64.312,64.22800000000001,0.011,0.011
31.03.2021 06:38:50.207 GMT-0700,64.403,64.227,0.011,0.011
31.03.2021 06:38:51.249 GMT-0700,64.392,64.22800000000001,0.0008,0.011
31.03.2021 06:38:51.350 GMT-0700,64.392,64.22800000000001,0.011,0.011
31.03.2021 06:38:51.450 GMT-0700,64.403,64.237,0.011,0.011
31.03.2021 06:38:52.378 GMT-0700,64.392,64.248,0.0075,0.0075
31.03.2021 06:38:52.550 GMT-0700,64.402,64.238,0.011,0.011
31.03.2021 06:38:52.725 GMT-0700,64.35300000000001,64.237,0.011,0.011
31.03.2021 06:38:53.890 GMT-0700,64.35300000000001,64.247,0.011,0.011
31.03.2021 06:38:55.544 GMT-0700,64.35300000000001,64.257,0.011,0.011
31.03.2021 06:38:55.818 GMT-0700,64.35300000000001,64.237,0.011,0.011
31.03.2021 06:38:56.562 GMT-0700,64.35300000000001,64.237,0.011,0.011
31.03.2021 06:38:56.663 GMT-0700,64.35300000000001,64.237,0.011,0.011
31.03.2021 06:38:57.577 GMT-0700,64.35300000000001,64.247,0.0008,0.0075
31.03.2021 06:38:57.627 GMT-0700,64.393,64.247,0.011,0.011
31.03.2021 06:38:57.678 GMT-0700,64.402,64.238,0.011,0.011
31.03.2021 06:38:58.938 GMT-0700,64.38300000000001,64.237,0.011,0.011
31.03.2021 06:38:58.989 GMT-0700,64.403,64.237,0.011,0.011
31.03.2021 06:38:59.199 GMT-0700,64.392,64.238,0.0008,0.011
31.03.2021 06:38:59.419 GMT-0700,64.402,64.248,0.011,0.011
31.03.2021 06:38:59.848 GMT-0700,64.382,64.248,0.0075,0.011
31.03.2021 06:39:00.034 GMT-0700,64.393,64.297,0.011,0.011
31.03.2021 06:39:00.084 GMT-0700,64.393,64.237,0.011,0.011
31.03.2021 06:39:00.134 GMT-0700,64.402,64.298,0.011,0.011
31.03.2021 06:39:00.346 GMT-0700,64.403,64.227,0.011,0.011
31.03.2021 06:39:00.396 GMT-0700,64.402,64.248,0.011,0.011
31.03.2021 06:39:01.204 GMT-0700,64.392,64.25800000000001,0.011,0.011
31.03.2021 06:39:01.334 GMT-0700,64.402,64.248,0.011,0.011
31.03.2021 06:39:01.384 GMT-0700,64.35300000000001,64.247,0.011,0.011
31.03.2021 06:39:01.819 GMT-0700,64.35300000000001,64.257,0.011,0.011
31.03.2021 06:39:01.961 GMT-0700,64.352,64.248,0.011,0.011
31.03.2021 06:39:02.184 GMT-0700,64.352,64.278,0.011,0.0075
31.03.2021 06:39:02.511 GMT-0700,64.352,64.278,0.011,0.011
31.03.2021 06:39:02.561 GMT-0700,64.352,64.278,0.011,0.011
31.03.2021 06:39:03.423 GMT-0700,64.342,64.288,0.011,0.011
31.03.2021 06:39:03.473 GMT-0700,64.352,64.278,0.011,0.011
31.03.2021 06:39:03.626 GMT-0700,64.402,64.33800000000001,0.011,0.011
31.03.2021 06:39:03.727 GMT-0700,64.392,64.278,0.011,0.011
31.03.2021 06:39:03.882 GMT-0700,64.382,64.278,0.0008,0.011
31.03.2021 06:39:04.011 GMT-0700,64.373,64.277,0.011,0.011
31.03.2021 06:39:04.062 GMT-0700,64.38300000000001,64.277,0.011,0.011
31.03.2021 06:39:04.389 GMT-0700,64.38300000000001,64.277,0.011,0.011
31.03.2021 06:39:04.490 GMT-0700,64.38300000000001,64.277,0.011,0.011
31.03.2021 06:39:05.815 GMT-0700,64.38300000000001,64.287,0.011,0.0075
31.03.2021 06:39:05.966 GMT-0700,64.35300000000001,64.277,0.011,0.011
31.03.2021 06:39:06.016 GMT-0700,64.392,64.278,0.011,0.011
31.03.2021 06:39:06.066 GMT-0700,64.382,64.278,0.011,0.011
31.03.2021 06:39:06.315 GMT-0700,64.31,64.277,0.0008,0.011
31.03.2021 06:39:06.365 GMT-0700,64.313,64.277,0.011,0.011
31.03.2021 06:39:10.608 GMT-0700,64.32300000000001,64.297,0.011,0.011
31.03.2021 06:39:10.659 GMT-0700,64.32300000000001,64.277,0.011,0.011
31.03.2021 06:39:12.848 GMT-0700,64.312,64.278,0.011,0.011
31.03.2021 06:39:12.899 GMT-0700,64.32300000000001,64.277,0.011,0.011
31.03.2021 06:39:15.378 GMT-0700,64.282,64.272,0.0008,0.0075
31.03.2021 06:39:15.428 GMT-0700,64.322,64.218,0.011,0.011
31.03.2021 06:39:15.536 GMT-0700,64.32300000000001,64.207,0.011,0.011
31.03.2021 06:39:18.188 GMT-0700,64.283,64.207,0.0008,0.0075
31.03.2021 06:39:18.238 GMT-0700,64.283,64.147,0.011,0.011
31.03.2021 06:39:18.338 GMT-0700,64.24300000000001,64.137,0.011,0.011
31.03.2021 06:39:18.494 GMT-0700,64.24300000000001,64.137,0.011,0.011
31.03.2021 06:39:18.679 GMT-0700,64.242,64.19800000000001,0.011,0.011
31.03.2021 06:39:18.780 GMT-0700,64.242,64.19800000000001,0.011,0.011
31.03.2021 06:39:19.109 GMT-0700,64.233,64.197,0.0008,0.0075
31.03.2021 06:39:19.159 GMT-0700,64.242,64.148,0.011,0.011
31.03.2021 06:39:19.210 GMT-0700,64.24300000000001,64.137,0.011,0.011
31.03.2021 06:39:20.045 GMT-0700,64.24300000000001,64.147,0.011,0.0075
31.03.2021 06:39:20.204 GMT-0700,64.24300000000001,64.137,0.011,0.011
31.03.2021 06:39:20.997 GMT-0700,64.24300000000001,64.147,0.011,0.011
31.03.2021 06:39:21.405 GMT-0700,64.24300000000001,64.137,0.011,0.011
31.03.2021 06:39:21.680 GMT-0700,64.24300000000001,64.215,0.0008,0.0075
31.03.2021 06:39:21.730 GMT-0700,64.332,64.138,0.011,0.011
31.03.2021 06:39:21.807 GMT-0700,64.333,64.167,0.011,0.011
31.03.2021 06:39:21.891 GMT-0700,64.343,64.167,0.011,0.011
31.03.2021 06:39:22.097 GMT-0700,64.343,64.187,0.011,0.011
31.03.2021 06:39:22.816 GMT-0700,64.333,64.187,0.0008,0.011
31.03.2021 06:39:22.866 GMT-0700,64.343,64.187,0.011,0.011
31.03.2021 06:39:23.534 GMT-0700,64.333,64.187,0.0008,0.011
31.03.2021 06:39:23.814 GMT-0700,64.343,64.187,0.011,0.011
31.03.2021 06:39:24.162 GMT-0700,64.292,64.188,0.011,0.011
31.03.2021 06:39:24.504 GMT-0700,64.292,64.19800000000001,0.011,0.011
31.03.2021 06:39:24.954 GMT-0700,64.392,64.318,0.011,0.011
31.03.2021 06:39:25.004 GMT-0700,64.392,64.238,0.011,0.011
31.03.2021 06:39:25.279 GMT-0700,64.393,64.237,0.011,0.011
31.03.2021 06:39:26.508 GMT-0700,64.333,64.277,0.0075,0.011
31.03.2021 06:39:26.559 GMT-0700,64.402,64.278,0.011,0.011
31.03.2021 06:39:26.609 GMT-0700,64.393,64.277,0.011,0.011
31.03.2021 06:39:27.129 GMT-0700,64.332,64.278,0.011,0.011
31.03.2021 06:39:28.196 GMT-0700,64.322,64.278,0.011,0.011
31.03.2021 06:39:28.296 GMT-0700,64.32300000000001,64.227,0.011,0.011
31.03.2021 06:39:28.364 GMT-0700,64.263,64.187,0.011,0.011
31.03.2021 06:39:28.414 GMT-0700,64.332,64.188,0.011,0.011
31.03.2021 06:39:28.515 GMT-0700,64.312,64.188,0.011,0.011
31.03.2021 06:39:28.574 GMT-0700,64.313,64.17699999999999,0.011,0.011
31.03.2021 06:39:29.319 GMT-0700,64.312,64.178,0.011,0.011
31.03.2021 06:39:29.420 GMT-0700,64.312,64.178,0.011,0.011
31.03.2021 06:39:29.978 GMT-0700,64.313,64.187,0.011,0.0075
31.03.2021 06:39:30.084 GMT-0700,64.283,64.217,0.0075,0.0075
31.03.2021 06:39:30.134 GMT-0700,64.292,64.218,0.011,0.011
31.03.2021 06:39:35.560 GMT-0700,64.283,64.217,0.0008,0.011
31.03.2021 06:39:35.610 GMT-0700,64.283,64.167,0.011,0.011
31.03.2021 06:39:35.704 GMT-0700,64.293,64.167,0.011,0.011
31.03.2021 06:39:35.754 GMT-0700,64.282,64.168,0.011,0.011
31.03.2021 06:39:35.804 GMT-0700,64.292,64.168,0.011,0.011
31.03.2021 06:39:36.552 GMT-0700,64.292,64.168,0.011,0.011
31.03.2021 06:39:38.355 GMT-0700,64.293,64.237,0.011,0.011
31.03.2021 06:39:38.405 GMT-0700,64.313,64.247,0.011,0.011
31.03.2021 06:39:38.516 GMT-0700,64.322,64.248,0.011,0.011
31.03.2021 06:39:38.662 GMT-0700,64.332,64.248,0.011,0.011
31.03.2021 06:39:41.084 GMT-0700,64.333,64.287,0.0008,0.0075
31.03.2021 06:39:41.134 GMT-0700,64.382,64.25800000000001,0.011,0.011
31.03.2021 06:39:41.569 GMT-0700,64.38300000000001,64.317,0.011,0.011
31.03.2021 06:39:41.619 GMT-0700,64.343,64.247,0.011,0.011
31.03.2021 06:39:41.839 GMT-0700,64.342,64.25800000000001,0.011,0.011
31.03.2021 06:39:41.890 GMT-0700,64.342,64.248,0.011,0.011
31.03.2021 06:39:42.028 GMT-0700,64.343,64.297,0.011,0.011
31.03.2021 06:39:42.841 GMT-0700,64.38300000000001,64.247,0.011,0.011
31.03.2021 06:39:43.188 GMT-0700,64.382,64.288,0.011,0.0075
31.03.2021 06:39:43.670 GMT-0700,64.333,64.287,0.0008,0.011
31.03.2021 06:39:48.409 GMT-0700,64.333,64.297,0.011,0.011
31.03.2021 06:39:48.460 GMT-0700,64.332,64.288,0.011,0.011
31.03.2021 06:39:48.562 GMT-0700,64.332,64.308,0.0008,0.0075
31.03.2021 06:39:48.613 GMT-0700,64.38300000000001,64.307,0.011,0.011
31.03.2021 06:39:49.436 GMT-0700,64.382,64.288,0.011,0.011
31.03.2021 06:39:49.486 GMT-0700,64.382,64.308,0.011,0.011
31.03.2021 06:39:49.683 GMT-0700,64.382,64.288,0.011,0.011
31.03.2021 06:39:50.266 GMT-0700,64.333,64.237,0.011,0.011
31.03.2021 06:39:50.317 GMT-0700,64.382,64.248,0.011,0.011
31.03.2021 06:39:50.453 GMT-0700,64.313,64.237,0.0075,0.011
31.03.2021 06:39:50.915 GMT-0700,64.312,64.238,0.011,0.011
31.03.2021 06:39:51.070 GMT-0700,64.313,64.237,0.011,0.011
31.03.2021 06:39:51.454 GMT-0700,64.312,64.238,0.0075,0.011
31.03.2021 06:39:51.505 GMT-0700,64.382,64.288,0.011,0.011
31.03.2021 06:39:53.485 GMT-0700,64.352,64.288,0.0075,0.011
31.03.2021 06:39:54.353 GMT-0700,64.352,64.298,0.011,0.0075
31.03.2021 06:39:54.454 GMT-0700,64.352,64.288,0.011,0.011
31.03.2021 06:39:56.408 GMT-0700,64.352,64.298,0.011,0.011
