Local time,Ask,Bid,AskVolume,BidVolume
30.03.2021 06:30:00.634 GMT-0700,53.394,52.986000000000004,0,0
30.03.2021 06:30:01.076 GMT-0700,53.393,52.997,0.01,0.01
30.03.2021 06:30:01.198 GMT-0700,53.104,52.986000000000004,0.01,0.01
30.03.2021 06:30:01.248 GMT-0700,53.103,52.497,0.01,0.01
30.03.2021 06:30:01.326 GMT-0700,53.103,52.922,0.01,0
30.03.2021 06:30:01.481 GMT-0700,53.103,52.967,0.01,0.01
30.03.2021 06:30:01.531 GMT-0700,53.103,52.987,0.01,0
30.03.2021 06:30:02.365 GMT-0700,53.053999999999995,52.96600000000001,0.01,0.01
30.03.2021 06:30:02.415 GMT-0700,53.103,52.967,0.01,0.01
30.03.2021 06:30:03.075 GMT-0700,53.103,52.987,0.01,0
30.03.2021 06:30:03.201 GMT-0700,53.043000000000006,52.987,0.0075,0
30.03.2021 06:30:03.251 GMT-0700,53.103,52.937,0.01,0.01
30.03.2021 06:30:03.313 GMT-0700,53.103,52.957,0.01,0
30.03.2021 06:30:04.331 GMT-0700,53.103,53.007,0.01,0.01
30.03.2021 06:30:04.416 GMT-0700,53.103,52.987,0.01,0.01
30.03.2021 06:30:05.251 GMT-0700,53.093,52.987,0,0.01
30.03.2021 06:30:05.444 GMT-0700,53.393,52.987,0.01,0.01
30.03.2021 06:30:05.908 GMT-0700,53.383,52.987,0,0.01
30.03.2021 06:30:05.958 GMT-0700,53.393,52.987,0.01,0.01
30.03.2021 06:30:06.739 GMT-0700,53.383,52.987,0,0.01
30.03.2021 06:30:06.892 GMT-0700,53.393,52.987,0.01,0.01
30.03.2021 06:30:07.737 GMT-0700,53.043000000000006,52.987,0.0075,0.01
30.03.2021 06:30:10.087 GMT-0700,52.994,52.986000000000004,0.0075,0
30.03.2021 06:30:10.137 GMT-0700,53.033,52.987,0.01,0.01
30.03.2021 06:30:10.299 GMT-0700,53.043000000000006,52.987,0.01,0.01
30.03.2021 06:30:11.411 GMT-0700,53.043000000000006,52.937,0.01,0.01
30.03.2021 06:30:12.073 GMT-0700,53.033,52.937,0,0.01
30.03.2021 06:30:12.174 GMT-0700,53.044,52.93600000000001,0.01,0.01
30.03.2021 06:30:12.369 GMT-0700,53.043000000000006,52.977,0.01,0
30.03.2021 06:30:13.047 GMT-0700,53.013000000000005,52.937,0.01,0.01
30.03.2021 06:30:13.098 GMT-0700,53.043000000000006,52.897,0.01,0.01
30.03.2021 06:30:13.198 GMT-0700,53.043000000000006,52.907,0.01,0.01
30.03.2021 06:30:14.227 GMT-0700,53.033,52.907,0,0.01
30.03.2021 06:30:14.584 GMT-0700,53.043000000000006,52.907,0.01,0.01
30.03.2021 06:30:16.288 GMT-0700,53.043000000000006,52.927,0.01,0
30.03.2021 06:30:16.407 GMT-0700,53.033,52.927,0.0075,0.01
30.03.2021 06:30:16.458 GMT-0700,53.043000000000006,52.927,0.01,0.01
30.03.2021 06:30:17.772 GMT-0700,53.033,52.927,0,0.01
30.03.2021 06:30:18.055 GMT-0700,53.043000000000006,52.927,0.01,0.01
30.03.2021 06:30:19.276 GMT-0700,53.003,52.927,0.01,0.01
30.03.2021 06:30:20.105 GMT-0700,53.003,52.947,0.01,0.01
30.03.2021 06:30:20.747 GMT-0700,52.974,52.746,0.01,0.01
30.03.2021 06:30:20.910 GMT-0700,53.003,52.747,0.01,0.0075
30.03.2021 06:30:21.283 GMT-0700,53.003,52.910000000000004,0.01,0
30.03.2021 06:30:25.507 GMT-0700,53.043000000000006,52.927,0.01,0.01
30.03.2021 06:30:25.557 GMT-0700,53.023,52.927,0.01,0.01
30.03.2021 06:30:25.660 GMT-0700,53.043000000000006,52.927,0.01,0.01
30.03.2021 06:30:25.722 GMT-0700,53.023,52.927,0.0075,0.01
30.03.2021 06:30:25.883 GMT-0700,53.013000000000005,52.927,0,0.01
30.03.2021 06:30:26.045 GMT-0700,53.023,52.927,0.01,0.01
30.03.2021 06:30:26.292 GMT-0700,53.003,52.937,0.0075,0.0075
30.03.2021 06:30:26.343 GMT-0700,53.023,52.907,0.01,0.01
30.03.2021 06:30:26.393 GMT-0700,53.023,52.927,0.01,0.01
30.03.2021 06:30:26.718 GMT-0700,53.013999999999996,52.926,0.0075,0.01
30.03.2021 06:30:26.847 GMT-0700,53.023,52.927,0.01,0.01
30.03.2021 06:30:26.897 GMT-0700,52.983999999999995,52.926,0.01,0.01
30.03.2021 06:30:28.239 GMT-0700,52.983000000000004,52.947,0.01,0.01
30.03.2021 06:30:29.989 GMT-0700,52.953,52.937,0.01,0.01
30.03.2021 06:30:30.039 GMT-0700,52.973000000000006,52.927,0.01,0.01
30.03.2021 06:30:30.264 GMT-0700,52.974,52.93600000000001,0.01,0.0075
30.03.2021 06:30:30.365 GMT-0700,52.973000000000006,52.927,0.01,0.01
30.03.2021 06:30:30.548 GMT-0700,52.973000000000006,52.937,0.01,0.0075
30.03.2021 06:30:30.648 GMT-0700,52.973000000000006,52.927,0.01,0.01
30.03.2021 06:30:30.911 GMT-0700,52.943000000000005,52.927,0.0075,0.01
30.03.2021 06:30:30.961 GMT-0700,52.973000000000006,52.927,0.01,0.01
30.03.2021 06:30:31.040 GMT-0700,52.973000000000006,52.937,0.01,0
30.03.2021 06:30:31.955 GMT-0700,52.954,52.886,0.01,0.01
30.03.2021 06:30:32.005 GMT-0700,52.973000000000006,52.907,0.01,0.01
30.03.2021 06:30:32.111 GMT-0700,52.973000000000006,52.917,0.01,0.01
30.03.2021 06:30:32.161 GMT-0700,52.973000000000006,52.897,0.01,0.01
30.03.2021 06:30:34.797 GMT-0700,52.973000000000006,52.917,0.01,0
30.03.2021 06:30:35.033 GMT-0700,52.973000000000006,52.947,0.01,0.0075
30.03.2021 06:30:35.084 GMT-0700,52.983000000000004,52.947,0.01,0.01
30.03.2021 06:30:39.116 GMT-0700,52.985,52.977,0,0.0075
30.03.2021 06:30:39.166 GMT-0700,52.993,52.947,0.01,0.01
30.03.2021 06:30:43.473 GMT-0700,52.993,52.987,0.0075,0
30.03.2021 06:30:43.523 GMT-0700,53.044,52.976000000000006,0.01,0.01
30.03.2021 06:30:43.574 GMT-0700,53.013000000000005,52.977,0.01,0.01
30.03.2021 06:30:43.624 GMT-0700,53.043000000000006,52.977,0.01,0.01
30.03.2021 06:30:44.100 GMT-0700,53.013000000000005,52.977,0,0.01
30.03.2021 06:30:44.643 GMT-0700,53.02,52.997,0,0.0075
30.03.2021 06:30:44.693 GMT-0700,53.053000000000004,52.997,0.01,0.01
30.03.2021 06:30:44.744 GMT-0700,53.053000000000004,52.987,0.01,0.01
30.03.2021 06:30:45.053 GMT-0700,53.053999999999995,52.996,0.01,0.01
30.03.2021 06:30:45.185 GMT-0700,53.013000000000005,52.977,0.01,0.01
30.03.2021 06:30:45.535 GMT-0700,53.053000000000004,52.977,0.01,0.01
30.03.2021 06:30:47.017 GMT-0700,53.053000000000004,52.987,0.01,0
30.03.2021 06:30:47.174 GMT-0700,53.033,52.987,0.01,0.01
30.03.2021 06:30:47.593 GMT-0700,53.003,52.987,0.0075,0
30.03.2021 06:30:47.643 GMT-0700,53.053000000000004,52.977,0.01,0.01
30.03.2021 06:30:47.721 GMT-0700,53.033,52.977,0.01,0.01
30.03.2021 06:30:47.771 GMT-0700,53.053000000000004,52.977,0.01,0.01
30.03.2021 06:30:48.052 GMT-0700,53.013999999999996,52.976000000000006,0.0075,0.01
30.03.2021 06:30:48.102 GMT-0700,53.053000000000004,52.977,0.01,0.01
30.03.2021 06:30:48.197 GMT-0700,53.043000000000006,52.977,0.0075,0.01
30.03.2021 06:30:48.418 GMT-0700,53.053000000000004,52.977,0.01,0.01
30.03.2021 06:30:49.178 GMT-0700,53.043000000000006,52.977,0.0075,0.01
30.03.2021 06:30:49.436 GMT-0700,53.053000000000004,52.977,0.01,0.01
30.03.2021 06:30:50.192 GMT-0700,53.043000000000006,52.977,0.0075,0.01
30.03.2021 06:30:50.435 GMT-0700,53.053000000000004,52.977,0.01,0.01
30.03.2021 06:30:52.040 GMT-0700,53.034,52.976000000000006,0.0075,0.01
30.03.2021 06:30:52.090 GMT-0700,53.053000000000004,52.977,0.01,0.01
30.03.2021 06:30:53.418 GMT-0700,53.013000000000005,52.977,0.0075,0.01
30.03.2021 06:30:54.928 GMT-0700,53.053000000000004,52.977,0.01,0.01
30.03.2021 06:30:56.051 GMT-0700,53.023,52.977,0,0.0075
30.03.2021 06:30:56.102 GMT-0700,53.053000000000004,52.937,0.01,0.01
30.03.2021 06:30:56.428 GMT-0700,53.003,52.937,0,0.01
30.03.2021 06:30:57.013 GMT-0700,52.973000000000006,52.927,0.01,0
30.03.2021 06:30:57.063 GMT-0700,52.973000000000006,52.917,0.01,0.01
30.03.2021 06:30:58.717 GMT-0700,52.973000000000006,52.957,0,0.0075
30.03.2021 06:30:58.767 GMT-0700,53.013000000000005,52.927,0.01,0.01
30.03.2021 06:30:58.934 GMT-0700,53.013000000000005,52.917,0.01,0.01
30.03.2021 06:30:58.994 GMT-0700,53.003,52.917,0,0.01
30.03.2021 06:30:59.094 GMT-0700,53.013000000000005,52.917,0.01,0.01
30.03.2021 06:30:59.145 GMT-0700,52.973000000000006,52.917,0.01,0.01
30.03.2021 06:31:01.737 GMT-0700,52.923,52.917,0,0.0075
30.03.2021 06:31:01.787 GMT-0700,52.973000000000006,52.887,0.01,0.01
30.03.2021 06:31:01.875 GMT-0700,52.963,52.887,0.0075,0.01
30.03.2021 06:31:01.975 GMT-0700,52.973000000000006,52.857,0.01,0.01
30.03.2021 06:31:02.409 GMT-0700,52.905,52.887,0,0
30.03.2021 06:31:02.460 GMT-0700,52.903000000000006,52.857,0.01,0.01
30.03.2021 06:31:02.560 GMT-0700,52.893,52.847,0.01,0.01
30.03.2021 06:31:03.114 GMT-0700,52.893,52.807,0.01,0.01
30.03.2021 06:31:03.306 GMT-0700,52.893,52.797,0.01,0.01
30.03.2021 06:31:03.456 GMT-0700,52.893,52.817,0.01,0.01
30.03.2021 06:31:03.822 GMT-0700,52.893,52.807,0.01,0.01
30.03.2021 06:31:03.896 GMT-0700,52.893,52.797,0.01,0.01
30.03.2021 06:31:04.208 GMT-0700,52.873000000000005,52.797,0.01,0.01
30.03.2021 06:31:04.258 GMT-0700,52.883,52.797,0.01,0.01
30.03.2021 06:31:04.359 GMT-0700,52.893,52.797,0.01,0.01
30.03.2021 06:31:04.655 GMT-0700,52.893,52.807,0.01,0
30.03.2021 06:31:04.705 GMT-0700,52.893,52.797,0.01,0.01
30.03.2021 06:31:04.756 GMT-0700,52.883,52.797,0.0075,0.01
30.03.2021 06:31:04.857 GMT-0700,52.893,52.797,0.01,0.01
30.03.2021 06:31:05.815 GMT-0700,52.883,52.797,0,0.01
30.03.2021 06:31:07.044 GMT-0700,52.833999999999996,52.79600000000001,0,0.0075
30.03.2021 06:31:07.094 GMT-0700,52.883,52.757,0.01,0.01
30.03.2021 06:31:07.612 GMT-0700,52.873000000000005,52.766999999999996,0.0075,0.0075
30.03.2021 06:31:07.662 GMT-0700,52.883,52.757,0.01,0.01
30.03.2021 06:31:08.341 GMT-0700,52.873000000000005,52.766999999999996,0.0075,0.0075
30.03.2021 06:31:08.603 GMT-0700,52.883,52.757,0.01,0.01
30.03.2021 06:31:09.630 GMT-0700,52.883,52.747,0.01,0.01
30.03.2021 06:31:09.681 GMT-0700,52.813,52.747,0.01,0.01
30.03.2021 06:31:09.922 GMT-0700,52.784,52.746,0,0.01
30.03.2021 06:31:09.981 GMT-0700,52.813,52.747,0.01,0.01
30.03.2021 06:31:10.201 GMT-0700,52.813,52.697,0.01,0.01
30.03.2021 06:31:10.856 GMT-0700,52.813,52.707,0.01,0.01
30.03.2021 06:31:10.906 GMT-0700,52.813,52.697,0.01,0.01
30.03.2021 06:31:11.608 GMT-0700,52.813,52.757,0.01,0.01
30.03.2021 06:31:11.806 GMT-0700,52.853,52.757,0.01,0.01
30.03.2021 06:31:12.253 GMT-0700,52.813,52.757,0.01,0.01
30.03.2021 06:31:12.361 GMT-0700,52.853,52.757,0.01,0.01
30.03.2021 06:31:12.818 GMT-0700,52.813,52.757,0,0.01
30.03.2021 06:31:14.081 GMT-0700,52.813,52.777,0,0.0075
30.03.2021 06:31:14.131 GMT-0700,52.873000000000005,52.807,0.01,0.01
30.03.2021 06:31:14.236 GMT-0700,52.893,52.807,0.01,0.01
30.03.2021 06:31:14.286 GMT-0700,52.883,52.827,0.01,0.01
30.03.2021 06:31:14.409 GMT-0700,52.893,52.827,0.01,0.01
30.03.2021 06:31:14.665 GMT-0700,52.863,52.766999999999996,0.01,0.01
30.03.2021 06:31:14.715 GMT-0700,52.854,52.816,0.01,0.01
30.03.2021 06:31:14.766 GMT-0700,52.853,52.777,0.01,0.01
30.03.2021 06:31:16.263 GMT-0700,52.853,52.827,0.0075,0
30.03.2021 06:31:16.314 GMT-0700,52.903000000000006,52.836999999999996,0.01,0.01
30.03.2021 06:31:16.464 GMT-0700,52.893,52.836999999999996,0.01,0.01
30.03.2021 06:31:16.515 GMT-0700,52.903999999999996,52.836000000000006,0.01,0.01
30.03.2021 06:31:16.565 GMT-0700,52.923,52.867,0.01,0.01
30.03.2021 06:31:16.852 GMT-0700,52.933,52.877,0.01,0.01
30.03.2021 06:31:16.953 GMT-0700,52.933,52.867,0.01,0.01
30.03.2021 06:31:17.339 GMT-0700,52.923,52.867,0,0.0075
30.03.2021 06:31:17.605 GMT-0700,52.933,52.867,0.01,0.01
30.03.2021 06:31:18.298 GMT-0700,52.963,52.897,0.01,0.01
30.03.2021 06:31:18.449 GMT-0700,52.973000000000006,52.927,0.01,0.01
30.03.2021 06:31:18.707 GMT-0700,53.013000000000005,52.927,0.01,0.01
30.03.2021 06:31:18.757 GMT-0700,52.983000000000004,52.927,0.01,0.01
30.03.2021 06:31:19.257 GMT-0700,52.983000000000004,52.897,0.01,0.01
30.03.2021 06:31:19.332 GMT-0700,52.943000000000005,52.897,0,0.01
30.03.2021 06:31:19.383 GMT-0700,52.954,52.89600000000001,0.01,0.01
30.03.2021 06:31:19.668 GMT-0700,52.943000000000005,52.897,0.01,0.01
30.03.2021 06:31:19.718 GMT-0700,52.923,52.867,0.01,0.01
30.03.2021 06:31:20.094 GMT-0700,52.933,52.867,0.01,0.01
30.03.2021 06:31:20.144 GMT-0700,52.913000000000004,52.867,0.01,0.01
30.03.2021 06:31:20.195 GMT-0700,52.923,52.867,0.01,0.01
30.03.2021 06:31:21.222 GMT-0700,52.933,52.867,0.01,0.01
30.03.2021 06:31:21.280 GMT-0700,52.913000000000004,52.867,0.0075,0.01
30.03.2021 06:31:21.330 GMT-0700,52.923,52.867,0.01,0.01
30.03.2021 06:31:21.431 GMT-0700,52.933,52.867,0.01,0.01
30.03.2021 06:31:21.481 GMT-0700,52.923,52.867,0.01,0.01
30.03.2021 06:31:21.815 GMT-0700,52.953,52.867,0.01,0.01
30.03.2021 06:31:22.567 GMT-0700,52.953,52.897,0.01,0.01
30.03.2021 06:31:22.667 GMT-0700,52.963,52.897,0.01,0.01
30.03.2021 06:31:22.718 GMT-0700,52.964,52.916000000000004,0.01,0.01
30.03.2021 06:31:22.872 GMT-0700,52.963,52.927,0,0.0075
30.03.2021 06:31:22.922 GMT-0700,52.983000000000004,52.937,0.01,0.01
30.03.2021 06:31:23.252 GMT-0700,53.013000000000005,52.937,0.01,0.01
30.03.2021 06:31:23.695 GMT-0700,52.983999999999995,52.956,0,0
30.03.2021 06:31:23.745 GMT-0700,53.013000000000005,52.957,0.01,0.01
30.03.2021 06:31:23.846 GMT-0700,53.013000000000005,52.947,0.01,0.01
30.03.2021 06:31:23.916 GMT-0700,53.013000000000005,52.937,0.01,0.01
30.03.2021 06:31:23.996 GMT-0700,53.013000000000005,52.947,0.01,0
30.03.2021 06:31:24.046 GMT-0700,53.013000000000005,52.937,0.01,0.01
30.03.2021 06:31:24.103 GMT-0700,53.013000000000005,52.957,0.01,0.0075
30.03.2021 06:31:24.378 GMT-0700,52.994,52.956,0.0075,0.01
30.03.2021 06:31:25.783 GMT-0700,53.033,52.987,0.01,0.01
30.03.2021 06:31:25.904 GMT-0700,53.053000000000004,52.987,0.01,0.01
30.03.2021 06:31:26.102 GMT-0700,53.033,52.987,0,0.01
30.03.2021 06:31:27.442 GMT-0700,53.033,53.007,0.0075,0
30.03.2021 06:31:27.492 GMT-0700,53.073,53.007,0.01,0.01
30.03.2021 06:31:28.175 GMT-0700,53.033,52.987,0.01,0.01
30.03.2021 06:31:28.226 GMT-0700,53.074,52.986000000000004,0.01,0.01
30.03.2021 06:31:28.492 GMT-0700,53.073,53.016999999999996,0.01,0
30.03.2021 06:31:28.542 GMT-0700,53.074,52.986000000000004,0.01,0.01
30.03.2021 06:31:28.616 GMT-0700,53.073,53.016999999999996,0.01,0
30.03.2021 06:31:28.766 GMT-0700,53.074,52.986000000000004,0.01,0.01
30.03.2021 06:31:28.817 GMT-0700,53.043000000000006,52.987,0.01,0.01
30.03.2021 06:31:28.918 GMT-0700,53.074,52.986000000000004,0.01,0.01
30.03.2021 06:31:29.002 GMT-0700,53.073,53.016999999999996,0.01,0
30.03.2021 06:31:29.565 GMT-0700,53.073,52.987,0.01,0.01
30.03.2021 06:31:29.666 GMT-0700,53.073,53.016999999999996,0.01,0.01
30.03.2021 06:31:29.791 GMT-0700,53.064,52.986000000000004,0.01,0.01
30.03.2021 06:31:29.841 GMT-0700,53.074,53.016000000000005,0.01,0.01
30.03.2021 06:31:29.891 GMT-0700,53.073,52.987,0.01,0.01
30.03.2021 06:31:29.992 GMT-0700,53.073,53.016999999999996,0.01,0.01
30.03.2021 06:31:30.042 GMT-0700,53.103,53.016999999999996,0.01,0.01
30.03.2021 06:31:30.093 GMT-0700,53.073,52.987,0.01,0.01
30.03.2021 06:31:30.380 GMT-0700,53.063,53.016999999999996,0.01,0.01
30.03.2021 06:31:32.586 GMT-0700,53.063,53.057,0,0.0075
30.03.2021 06:31:32.637 GMT-0700,53.113,53.057,0.01,0.01
30.03.2021 06:31:32.690 GMT-0700,53.093,53.057,0.01,0.01
30.03.2021 06:31:32.740 GMT-0700,53.113,53.057,0.01,0.01
30.03.2021 06:31:32.891 GMT-0700,53.104,53.056000000000004,0.01,0.01
30.03.2021 06:31:33.258 GMT-0700,53.123000000000005,53.057,0.01,0.01
30.03.2021 06:31:33.308 GMT-0700,53.103,53.057,0.01,0.01
30.03.2021 06:31:33.682 GMT-0700,53.123000000000005,53.057,0.01,0.01
30.03.2021 06:31:34.267 GMT-0700,53.103,53.057,0.01,0.01
30.03.2021 06:31:34.368 GMT-0700,53.123000000000005,53.057,0.01,0.01
30.03.2021 06:31:34.694 GMT-0700,53.104,53.056000000000004,0,0.01
30.03.2021 06:31:34.744 GMT-0700,53.123000000000005,53.057,0.01,0.01
30.03.2021 06:31:35.438 GMT-0700,53.093,53.057,0.0075,0.01
30.03.2021 06:31:35.488 GMT-0700,53.123000000000005,53.057,0.01,0.01
30.03.2021 06:31:35.569 GMT-0700,53.103,53.057,0.01,0.01
30.03.2021 06:31:36.001 GMT-0700,53.123999999999995,53.056000000000004,0.01,0.01
30.03.2021 06:31:36.062 GMT-0700,53.103,53.057,0,0.01
30.03.2021 06:31:36.112 GMT-0700,53.123000000000005,53.057,0.01,0.01
30.03.2021 06:31:40.897 GMT-0700,53.093,53.057,0,0.01
30.03.2021 06:31:40.948 GMT-0700,53.123000000000005,53.057,0.01,0.01
30.03.2021 06:31:41.131 GMT-0700,53.083000000000006,53.057,0,0.0075
30.03.2021 06:31:41.181 GMT-0700,53.083000000000006,53.016999999999996,0.01,0.01
30.03.2021 06:31:41.238 GMT-0700,53.083000000000006,53.037,0.01,0.0075
30.03.2021 06:31:41.288 GMT-0700,53.083000000000006,53.016999999999996,0.01,0.01
30.03.2021 06:31:41.874 GMT-0700,53.073,53.016999999999996,0,0.01
30.03.2021 06:31:42.002 GMT-0700,53.083000000000006,53.057,0.01,0.01
30.03.2021 06:31:42.116 GMT-0700,53.083000000000006,53.016999999999996,0.01,0.01
30.03.2021 06:31:44.552 GMT-0700,53.083000000000006,53.047,0.01,0.01
30.03.2021 06:31:44.795 GMT-0700,53.063,53.047,0.0075,0
30.03.2021 06:31:44.846 GMT-0700,53.083000000000006,53.027,0.01,0.01
30.03.2021 06:31:45.002 GMT-0700,53.083000000000006,53.007,0.01,0.01
30.03.2021 06:31:45.052 GMT-0700,53.083000000000006,53.027,0.01,0.01
30.03.2021 06:31:48.255 GMT-0700,53.073,53.027,0.01,0.01
30.03.2021 06:31:48.306 GMT-0700,53.083000000000006,53.027,0.01,0.01
30.03.2021 06:31:50.330 GMT-0700,53.074,53.026,0.0075,0
30.03.2021 06:31:50.380 GMT-0700,53.083000000000006,53.007,0.01,0.01
30.03.2021 06:31:50.465 GMT-0700,53.083000000000006,53.027,0.01,0
30.03.2021 06:31:51.130 GMT-0700,53.033,53.027,0.0075,0
30.03.2021 06:31:51.180 GMT-0700,53.033,52.967,0.01,0.01
30.03.2021 06:31:51.231 GMT-0700,53.033,52.957,0.01,0.01
30.03.2021 06:31:51.334 GMT-0700,53.043000000000006,52.957,0.01,0.01
30.03.2021 06:31:51.569 GMT-0700,53.033,52.957,0.0075,0.01
30.03.2021 06:31:51.669 GMT-0700,53.043000000000006,52.937,0.01,0.01
30.03.2021 06:31:51.859 GMT-0700,53.003,52.937,0,0.01
30.03.2021 06:31:51.909 GMT-0700,53.043000000000006,52.937,0.01,0.01
30.03.2021 06:31:51.974 GMT-0700,53.003,52.937,0.0075,0.01
30.03.2021 06:31:53.695 GMT-0700,53.003,52.957,0.0075,0
30.03.2021 06:31:53.746 GMT-0700,53.034,52.93600000000001,0.01,0.01
30.03.2021 06:31:54.548 GMT-0700,53.003,52.937,0,0.01
30.03.2021 06:31:55.285 GMT-0700,53.044,52.93600000000001,0.01,0.01
30.03.2021 06:31:55.759 GMT-0700,53.003,52.937,0.01,0.01
30.03.2021 06:31:55.997 GMT-0700,53.003,52.957,0.0075,0
30.03.2021 06:31:56.048 GMT-0700,53.043000000000006,52.957,0.01,0.01
30.03.2021 06:31:56.170 GMT-0700,52.953,52.867,0.01,0.01
30.03.2021 06:31:56.544 GMT-0700,52.963,52.907,0.0075,0.01
30.03.2021 06:31:56.594 GMT-0700,52.993,52.907,0.01,0.01
30.03.2021 06:31:58.776 GMT-0700,52.953,52.877,0.01,0.01
30.03.2021 06:31:58.827 GMT-0700,52.953,52.867,0.01,0.01
30.03.2021 06:31:58.879 GMT-0700,52.953,52.897,0.01,0.01
30.03.2021 06:31:59.294 GMT-0700,52.953,52.867,0.01,0.01
30.03.2021 06:31:59.344 GMT-0700,52.954,52.89600000000001,0.01,0.01
30.03.2021 06:31:59.549 GMT-0700,52.953,52.867,0.01,0.01
30.03.2021 06:31:59.620 GMT-0700,52.953,52.897,0.01,0.0075
30.03.2021 06:31:59.670 GMT-0700,52.953,52.877,0.01,0.01
30.03.2021 06:31:59.771 GMT-0700,52.954,52.86600000000001,0.01,0.01
30.03.2021 06:31:59.828 GMT-0700,52.943000000000005,52.897,0,0
30.03.2021 06:31:59.879 GMT-0700,52.953,52.867,0.01,0.01
30.03.2021 06:32:00.004 GMT-0700,52.943000000000005,52.867,0.01,0.01
30.03.2021 06:32:00.054 GMT-0700,52.953,52.867,0.01,0.01
30.03.2021 06:32:00.565 GMT-0700,52.913000000000004,52.847,0.01,0.01
30.03.2021 06:32:00.850 GMT-0700,52.893,52.847,0,0.0075
30.03.2021 06:32:00.900 GMT-0700,52.913000000000004,52.817,0.01,0.01
30.03.2021 06:32:01.135 GMT-0700,52.913000000000004,52.857,0.0075,0
30.03.2021 06:32:01.186 GMT-0700,52.953,52.867,0.01,0.01
30.03.2021 06:32:01.236 GMT-0700,52.923,52.847,0.01,0.01
30.03.2021 06:32:01.394 GMT-0700,52.923,52.857,0.01,0.0075
30.03.2021 06:32:01.494 GMT-0700,52.953,52.857,0.01,0.01
30.03.2021 06:32:01.545 GMT-0700,52.923,52.847,0.01,0.01
30.03.2021 06:32:02.056 GMT-0700,52.893,52.847,0,0.0075
30.03.2021 06:32:02.106 GMT-0700,52.894,52.816,0.01,0.01
30.03.2021 06:32:02.836 GMT-0700,52.894,52.786,0.01,0.01
30.03.2021 06:32:02.916 GMT-0700,52.893,52.817,0.01,0.01
30.03.2021 06:32:03.159 GMT-0700,52.893,52.787,0.01,0.01
30.03.2021 06:32:03.554 GMT-0700,52.843,52.787,0.0075,0
30.03.2021 06:32:03.604 GMT-0700,52.853,52.777,0.01,0.01
30.03.2021 06:32:03.705 GMT-0700,52.883,52.797,0.01,0.01
30.03.2021 06:32:03.755 GMT-0700,52.893,52.807,0.01,0.01
30.03.2021 06:32:03.895 GMT-0700,52.863,52.797,0.01,0.01
30.03.2021 06:32:03.945 GMT-0700,52.893,52.797,0.01,0.01
30.03.2021 06:32:04.197 GMT-0700,52.863,52.797,0.0075,0.01
30.03.2021 06:32:04.298 GMT-0700,52.853,52.757,0.01,0.01
30.03.2021 06:32:04.355 GMT-0700,52.823,52.757,0.01,0.01
30.03.2021 06:32:04.456 GMT-0700,52.813,52.757,0.01,0.01
30.03.2021 06:32:04.506 GMT-0700,52.823,52.757,0.01,0.01
30.03.2021 06:32:04.753 GMT-0700,52.813,52.757,0.01,0.01
30.03.2021 06:32:04.803 GMT-0700,52.803000000000004,52.727,0.01,0.01
30.03.2021 06:32:04.954 GMT-0700,52.824,52.726000000000006,0.01,0.01
30.03.2021 06:32:05.025 GMT-0700,52.803000000000004,52.727,0.0075,0.01
30.03.2021 06:32:06.657 GMT-0700,52.823,52.727,0.01,0.01
30.03.2021 06:32:06.933 GMT-0700,52.773,52.727,0.0075,0.01
30.03.2021 06:32:06.983 GMT-0700,52.773,52.717,0.01,0.01
30.03.2021 06:32:07.126 GMT-0700,52.773,52.687,0.01,0.01
30.03.2021 06:32:07.177 GMT-0700,52.753,52.717,0.01,0.01
30.03.2021 06:32:08.075 GMT-0700,52.783,52.717,0.01,0.01
30.03.2021 06:32:08.125 GMT-0700,52.773,52.717,0.01,0.01
30.03.2021 06:32:08.489 GMT-0700,52.753,52.717,0,0.0075
30.03.2021 06:32:08.540 GMT-0700,52.753,52.687,0.01,0.01
30.03.2021 06:32:08.590 GMT-0700,52.753,52.697,0.01,0.01
30.03.2021 06:32:08.641 GMT-0700,52.753,52.687,0.01,0.01
30.03.2021 06:32:08.691 GMT-0700,52.723000000000006,52.657,0.01,0.01
30.03.2021 06:32:08.741 GMT-0700,52.743,52.657,0.01,0.01
30.03.2021 06:32:10.874 GMT-0700,52.713,52.657,0.01,0.01
30.03.2021 06:32:10.925 GMT-0700,52.743,52.657,0.01,0.01
30.03.2021 06:32:10.975 GMT-0700,52.743,52.687,0.01,0.01
30.03.2021 06:32:11.025 GMT-0700,52.743,52.657,0.01,0.01
30.03.2021 06:32:11.358 GMT-0700,52.723000000000006,52.657,0.0075,0.01
30.03.2021 06:32:11.888 GMT-0700,52.743,52.657,0.01,0.01
30.03.2021 06:32:13.231 GMT-0700,52.743,52.677,0.01,0.01
30.03.2021 06:32:13.437 GMT-0700,52.723000000000006,52.677,0,0.01
30.03.2021 06:32:13.487 GMT-0700,52.743,52.677,0.01,0.01
30.03.2021 06:32:13.606 GMT-0700,52.743,52.687,0.01,0.0075
30.03.2021 06:32:13.802 GMT-0700,52.723000000000006,52.687,0,0.01
30.03.2021 06:32:14.042 GMT-0700,52.723000000000006,52.677,0.01,0.01
30.03.2021 06:32:18.638 GMT-0700,52.743,52.677,0.01,0.01
30.03.2021 06:32:19.908 GMT-0700,52.703,52.677,0,0.01
30.03.2021 06:32:19.959 GMT-0700,52.743,52.677,0.01,0.01
30.03.2021 06:32:20.098 GMT-0700,52.743,52.687,0.01,0.0075
30.03.2021 06:32:20.378 GMT-0700,52.753,52.687,0.01,0.01
30.03.2021 06:32:20.453 GMT-0700,52.743,52.687,0,0.01
30.03.2021 06:32:20.982 GMT-0700,52.723000000000006,52.687,0.0075,0
30.03.2021 06:32:21.032 GMT-0700,52.743,52.657,0.01,0.01
30.03.2021 06:32:21.523 GMT-0700,52.713,52.657,0.0075,0
30.03.2021 06:32:21.574 GMT-0700,52.713,52.627,0.01,0.01
30.03.2021 06:32:21.629 GMT-0700,52.703,52.627,0.01,0.01
30.03.2021 06:32:21.680 GMT-0700,52.713,52.627,0.01,0.01
30.03.2021 06:32:22.153 GMT-0700,52.673,52.627,0,0.01
30.03.2021 06:32:22.203 GMT-0700,52.713,52.627,0.01,0.01
30.03.2021 06:32:23.908 GMT-0700,52.683,52.627,0.0075,0.01
30.03.2021 06:32:24.009 GMT-0700,52.713,52.627,0.01,0.01
30.03.2021 06:32:24.635 GMT-0700,52.683,52.627,0.0075,0.01
30.03.2021 06:32:24.935 GMT-0700,52.713,52.627,0.01,0.01
30.03.2021 06:32:24.986 GMT-0700,52.703,52.627,0.01,0.01
30.03.2021 06:32:25.086 GMT-0700,52.713,52.627,0.01,0.01
30.03.2021 06:32:25.299 GMT-0700,52.753,52.667,0.01,0.01
30.03.2021 06:32:25.400 GMT-0700,52.753,52.657,0.01,0.01
30.03.2021 06:32:25.450 GMT-0700,52.753,52.687,0.01,0.01
30.03.2021 06:32:25.593 GMT-0700,52.783,52.717,0.01,0.01
30.03.2021 06:32:25.693 GMT-0700,52.794,52.71600000000001,0.01,0.01
30.03.2021 06:32:25.794 GMT-0700,52.793000000000006,52.687,0.01,0.01
30.03.2021 06:32:25.844 GMT-0700,52.793000000000006,52.717,0.01,0.01
30.03.2021 06:32:28.110 GMT-0700,52.783,52.697,0.01,0.01
30.03.2021 06:32:28.210 GMT-0700,52.793000000000006,52.717,0.01,0.01
30.03.2021 06:32:28.600 GMT-0700,52.793000000000006,52.687,0.01,0.01
30.03.2021 06:32:28.799 GMT-0700,52.763000000000005,52.687,0,0.01
30.03.2021 06:32:30.251 GMT-0700,52.733000000000004,52.677,0.01,0.01
30.03.2021 06:32:30.361 GMT-0700,52.733000000000004,52.687,0,0.0075
30.03.2021 06:32:30.411 GMT-0700,52.763999999999996,52.68600000000001,0.01,0.01
30.03.2021 06:32:33.537 GMT-0700,52.713,52.677,0.01,0.01
30.03.2021 06:32:33.587 GMT-0700,52.743,52.677,0.01,0.01
30.03.2021 06:32:34.263 GMT-0700,52.714,52.676,0.0075,0
30.03.2021 06:32:34.313 GMT-0700,52.683,52.637,0.01,0.01
30.03.2021 06:32:37.590 GMT-0700,52.703,52.637,0.01,0.01
30.03.2021 06:32:42.687 GMT-0700,52.704,52.68600000000001,0.0075,0
30.03.2021 06:32:42.737 GMT-0700,52.713,52.647,0.01,0.01
30.03.2021 06:32:42.788 GMT-0700,52.723000000000006,52.647,0.01,0.01
30.03.2021 06:32:42.838 GMT-0700,52.733000000000004,52.667,0.01,0.01
30.03.2021 06:32:43.162 GMT-0700,52.723000000000006,52.657,0.01,0.01
30.03.2021 06:32:43.221 GMT-0700,52.743,52.667,0.01,0.01
30.03.2021 06:32:43.545 GMT-0700,52.713,52.667,0.01,0.01
30.03.2021 06:32:43.742 GMT-0700,52.744,52.666000000000004,0.01,0.01
30.03.2021 06:32:44.184 GMT-0700,52.743,52.647,0.01,0.01
30.03.2021 06:32:44.352 GMT-0700,52.744,52.666000000000004,0.01,0
30.03.2021 06:32:44.453 GMT-0700,52.784,52.726000000000006,0.01,0.01
30.03.2021 06:32:44.562 GMT-0700,52.793000000000006,52.727,0.01,0.01
30.03.2021 06:32:44.966 GMT-0700,52.763000000000005,52.727,0,0.0075
30.03.2021 06:32:45.016 GMT-0700,52.763000000000005,52.687,0.01,0.01
30.03.2021 06:32:45.073 GMT-0700,52.763000000000005,52.707,0.01,0.0075
30.03.2021 06:32:45.174 GMT-0700,52.763000000000005,52.697,0.01,0.01
30.03.2021 06:32:45.271 GMT-0700,52.763000000000005,52.707,0.01,0.0075
30.03.2021 06:32:45.321 GMT-0700,52.773,52.707,0.01,0.01
30.03.2021 06:32:45.372 GMT-0700,52.753,52.707,0.01,0.01
30.03.2021 06:32:46.243 GMT-0700,52.753,52.687,0.01,0.01
30.03.2021 06:32:46.732 GMT-0700,52.753,52.707,0.01,0.01
30.03.2021 06:32:47.141 GMT-0700,52.753,52.687,0.01,0.01
30.03.2021 06:32:47.397 GMT-0700,52.753,52.707,0.01,0
30.03.2021 06:32:47.677 GMT-0700,52.753,52.727,0.0075,0
30.03.2021 06:32:47.728 GMT-0700,52.793000000000006,52.727,0.01,0.01
30.03.2021 06:32:47.958 GMT-0700,52.783,52.727,0.0075,0.01
30.03.2021 06:32:48.118 GMT-0700,52.803000000000004,52.727,0.01,0.01
30.03.2021 06:32:49.472 GMT-0700,52.793000000000006,52.727,0.0075,0.01
30.03.2021 06:32:49.522 GMT-0700,52.803000000000004,52.727,0.01,0.01
30.03.2021 06:32:49.573 GMT-0700,52.803000000000004,52.747,0.01,0.01
30.03.2021 06:32:50.105 GMT-0700,52.783,52.747,0.0075,0.01
30.03.2021 06:32:51.107 GMT-0700,52.763000000000005,52.697,0.01,0.01
30.03.2021 06:32:51.371 GMT-0700,52.763000000000005,52.687,0.01,0.01
30.03.2021 06:32:51.438 GMT-0700,52.763000000000005,52.697,0,0.0075
30.03.2021 06:32:51.488 GMT-0700,52.773,52.697,0.01,0.01
30.03.2021 06:32:51.785 GMT-0700,52.744,52.666000000000004,0.01,0.01
30.03.2021 06:32:51.892 GMT-0700,52.763000000000005,52.667,0.01,0.01
30.03.2021 06:32:52.443 GMT-0700,52.743,52.667,0,0.01
30.03.2021 06:32:52.493 GMT-0700,52.763000000000005,52.667,0.01,0.01
30.03.2021 06:32:52.886 GMT-0700,52.723000000000006,52.667,0,0.01
30.03.2021 06:32:52.937 GMT-0700,52.743,52.657,0.01,0.01
30.03.2021 06:32:52.994 GMT-0700,52.743,52.667,0.01,0.0075
30.03.2021 06:32:53.044 GMT-0700,52.743,52.657,0.01,0.01
30.03.2021 06:32:53.136 GMT-0700,52.703,52.657,0,0.0075
30.03.2021 06:32:53.186 GMT-0700,52.723000000000006,52.647,0.01,0.01
30.03.2021 06:32:55.051 GMT-0700,52.703,52.647,0,0.0075
30.03.2021 06:32:55.101 GMT-0700,52.704,52.626000000000005,0.01,0.01
30.03.2021 06:32:55.152 GMT-0700,52.723000000000006,52.627,0.01,0.01
30.03.2021 06:32:55.202 GMT-0700,52.723000000000006,52.647,0.01,0.01
30.03.2021 06:32:55.501 GMT-0700,52.703,52.647,0,0.0075
30.03.2021 06:32:55.552 GMT-0700,52.703,52.627,0.01,0.01
30.03.2021 06:32:55.854 GMT-0700,52.693999999999996,52.636,0,0
30.03.2021 06:32:55.904 GMT-0700,52.693000000000005,52.627,0.01,0.01
30.03.2021 06:32:56.540 GMT-0700,52.673,52.627,0.0075,0.01
30.03.2021 06:32:56.590 GMT-0700,52.693999999999996,52.626000000000005,0.01,0.01
30.03.2021 06:32:56.906 GMT-0700,52.704,52.626000000000005,0.01,0.01
30.03.2021 06:32:57.054 GMT-0700,52.703,52.657,0.01,0
30.03.2021 06:32:57.105 GMT-0700,52.713,52.627,0.01,0.01
30.03.2021 06:32:57.171 GMT-0700,52.713,52.647,0,0.0075
30.03.2021 06:32:57.222 GMT-0700,52.723000000000006,52.647,0.01,0.01
30.03.2021 06:32:57.510 GMT-0700,52.704,52.64600000000001,0.01,0.01
30.03.2021 06:32:58.007 GMT-0700,52.703,52.627,0.01,0.01
30.03.2021 06:32:58.060 GMT-0700,52.703,52.647,0.01,0
30.03.2021 06:32:58.223 GMT-0700,52.723000000000006,52.647,0.01,0.01
30.03.2021 06:32:59.128 GMT-0700,52.683,52.637,0.01,0.01
30.03.2021 06:32:59.178 GMT-0700,52.683,52.627,0.01,0.01
30.03.2021 06:33:00.184 GMT-0700,52.703,52.627,0.01,0.01
30.03.2021 06:33:00.330 GMT-0700,52.703,52.657,0,0.0075
30.03.2021 06:33:00.380 GMT-0700,52.723000000000006,52.647,0.01,0.01
30.03.2021 06:33:00.430 GMT-0700,52.703,52.647,0.01,0.01
30.03.2021 06:33:00.846 GMT-0700,52.703,52.627,0.01,0.01
30.03.2021 06:33:01.632 GMT-0700,52.723000000000006,52.647,0.01,0.01
30.03.2021 06:33:01.807 GMT-0700,52.763000000000005,52.697,0.01,0.01
30.03.2021 06:33:01.908 GMT-0700,52.733000000000004,52.667,0.01,0.01
30.03.2021 06:33:01.958 GMT-0700,52.733000000000004,52.657,0.01,0.01
30.03.2021 06:33:02.024 GMT-0700,52.733000000000004,52.667,0.01,0
30.03.2021 06:33:02.372 GMT-0700,52.723000000000006,52.657,0.01,0.01
30.03.2021 06:33:02.629 GMT-0700,52.723000000000006,52.667,0.01,0
30.03.2021 06:33:02.860 GMT-0700,52.723000000000006,52.657,0.01,0.01
30.03.2021 06:33:03.583 GMT-0700,52.703,52.657,0,0.01
30.03.2021 06:33:03.916 GMT-0700,52.693000000000005,52.677,0.0075,0
30.03.2021 06:33:03.967 GMT-0700,52.723000000000006,52.677,0.01,0
30.03.2021 06:33:04.067 GMT-0700,52.723000000000006,52.667,0.01,0.01
30.03.2021 06:33:04.415 GMT-0700,52.763000000000005,52.737,0.01,0.01
30.03.2021 06:33:04.756 GMT-0700,52.784,52.736000000000004,0.01,0.01
30.03.2021 06:33:06.251 GMT-0700,52.783,52.747,0.0075,0
30.03.2021 06:33:06.302 GMT-0700,52.803000000000004,52.757,0.01,0.01
30.03.2021 06:33:06.402 GMT-0700,52.813,52.757,0.01,0.01
30.03.2021 06:33:06.647 GMT-0700,52.803000000000004,52.757,0.0075,0.01
30.03.2021 06:33:06.748 GMT-0700,52.813,52.757,0.01,0.01
30.03.2021 06:33:06.919 GMT-0700,52.833000000000006,52.757,0.01,0.01
30.03.2021 06:33:07.020 GMT-0700,52.843,52.757,0.01,0.01
30.03.2021 06:33:07.070 GMT-0700,52.823,52.757,0.01,0.01
30.03.2021 06:33:07.202 GMT-0700,52.833000000000006,52.757,0.01,0.01
30.03.2021 06:33:07.550 GMT-0700,52.823,52.757,0,0.01
30.03.2021 06:33:07.600 GMT-0700,52.833000000000006,52.757,0.01,0.01
30.03.2021 06:33:07.916 GMT-0700,52.833000000000006,52.766999999999996,0.01,0.0075
30.03.2021 06:33:08.025 GMT-0700,52.813,52.757,0.0075,0.01
30.03.2021 06:33:08.125 GMT-0700,52.823,52.757,0.01,0.01
30.03.2021 06:33:08.198 GMT-0700,52.813,52.757,0,0.01
30.03.2021 06:33:08.514 GMT-0700,52.803999999999995,52.75600000000001,0.01,0.01
30.03.2021 06:33:10.111 GMT-0700,52.803000000000004,52.787,0.0075,0
30.03.2021 06:33:10.162 GMT-0700,52.843,52.787,0.01,0.01
30.03.2021 06:33:10.330 GMT-0700,52.853,52.787,0.01,0
30.03.2021 06:33:10.762 GMT-0700,52.903000000000006,52.847,0.01,0.01
30.03.2021 06:33:10.863 GMT-0700,52.873000000000005,52.807,0.01,0.01
30.03.2021 06:33:10.913 GMT-0700,52.873000000000005,52.827,0.01,0.01
30.03.2021 06:33:10.963 GMT-0700,52.883,52.827,0.01,0.01
30.03.2021 06:33:11.029 GMT-0700,52.893,52.827,0.01,0.01
30.03.2021 06:33:11.130 GMT-0700,52.903000000000006,52.827,0.01,0.01
30.03.2021 06:33:11.905 GMT-0700,52.903000000000006,52.847,0.0075,0
30.03.2021 06:33:11.955 GMT-0700,52.923,52.847,0.01,0.01
30.03.2021 06:33:12.613 GMT-0700,52.923,52.836999999999996,0.01,0.01
30.03.2021 06:33:12.664 GMT-0700,52.903000000000006,52.836999999999996,0.01,0.01
30.03.2021 06:33:12.714 GMT-0700,52.903000000000006,52.827,0.01,0.01
30.03.2021 06:33:13.139 GMT-0700,52.953,52.887,0.01,0.01
30.03.2021 06:33:13.189 GMT-0700,52.953,52.867,0.01,0.01
30.03.2021 06:33:13.243 GMT-0700,52.933,52.887,0.01,0.01
30.03.2021 06:33:13.533 GMT-0700,52.923,52.887,0,0.01
30.03.2021 06:33:13.584 GMT-0700,52.933,52.887,0.01,0.01
30.03.2021 06:33:13.698 GMT-0700,52.913000000000004,52.887,0,0.01
30.03.2021 06:33:14.204 GMT-0700,52.933,52.887,0.01,0.01
30.03.2021 06:33:15.076 GMT-0700,52.953,52.867,0.01,0.01
30.03.2021 06:33:15.842 GMT-0700,52.933,52.867,0.0075,0.01
30.03.2021 06:33:15.946 GMT-0700,52.943999999999996,52.906000000000006,0.01,0.01
30.03.2021 06:33:16.047 GMT-0700,52.953,52.907,0.01,0.01
30.03.2021 06:33:16.406 GMT-0700,52.964,52.906000000000006,0.01,0.01
30.03.2021 06:33:16.457 GMT-0700,52.943000000000005,52.897,0.01,0.01
30.03.2021 06:33:16.793 GMT-0700,52.954,52.89600000000001,0.01,0.01
30.03.2021 06:33:17.103 GMT-0700,52.953,52.917,0,0.0075
30.03.2021 06:33:17.154 GMT-0700,52.963,52.897,0.01,0.01
30.03.2021 06:33:17.204 GMT-0700,52.983000000000004,52.917,0.01,0.01
30.03.2021 06:33:17.389 GMT-0700,52.993,52.917,0.01,0.01
30.03.2021 06:33:18.222 GMT-0700,52.954,52.916000000000004,0,0.0075
30.03.2021 06:33:18.272 GMT-0700,52.903000000000006,52.847,0.01,0.01
30.03.2021 06:33:18.372 GMT-0700,52.903000000000006,52.827,0.01,0.01
30.03.2021 06:33:18.568 GMT-0700,52.903000000000006,52.817,0.01,0.01
30.03.2021 06:33:18.723 GMT-0700,52.873000000000005,52.817,0.0075,0
30.03.2021 06:33:18.774 GMT-0700,52.873000000000005,52.807,0.01,0.01
30.03.2021 06:33:18.847 GMT-0700,52.853,52.787,0.01,0.01
30.03.2021 06:33:19.253 GMT-0700,52.853,52.827,0.0075,0
30.03.2021 06:33:19.303 GMT-0700,52.903000000000006,52.827,0.01,0.01
30.03.2021 06:33:19.404 GMT-0700,52.903000000000006,52.847,0.01,0.01
30.03.2021 06:33:19.513 GMT-0700,52.893,52.847,0.0075,0.01
30.03.2021 06:33:19.564 GMT-0700,52.903000000000006,52.847,0.01,0.01
30.03.2021 06:33:20.075 GMT-0700,52.894,52.846000000000004,0.0075,0.01
30.03.2021 06:33:20.251 GMT-0700,52.903000000000006,52.847,0.01,0.01
30.03.2021 06:33:20.850 GMT-0700,52.893,52.847,0,0.01
30.03.2021 06:33:20.950 GMT-0700,52.893,52.827,0.01,0.01
30.03.2021 06:33:21.001 GMT-0700,52.863,52.787,0.01,0.01
30.03.2021 06:33:21.519 GMT-0700,52.873000000000005,52.787,0.01,0.01
30.03.2021 06:33:21.754 GMT-0700,52.863,52.787,0.0075,0.01
30.03.2021 06:33:22.063 GMT-0700,52.853,52.787,0,0.01
30.03.2021 06:33:22.582 GMT-0700,52.853,52.766999999999996,0.01,0.01
30.03.2021 06:33:22.632 GMT-0700,52.833000000000006,52.766999999999996,0.01,0.01
30.03.2021 06:33:24.590 GMT-0700,52.823,52.766999999999996,0,0.0075
30.03.2021 06:33:24.641 GMT-0700,52.833000000000006,52.747,0.01,0.01
30.03.2021 06:33:24.849 GMT-0700,52.833999999999996,52.766000000000005,0.01,0
30.03.2021 06:33:25.123 GMT-0700,52.803000000000004,52.766999999999996,0.0075,0.01
30.03.2021 06:33:25.174 GMT-0700,52.803000000000004,52.737,0.01,0.01
30.03.2021 06:33:25.265 GMT-0700,52.793000000000006,52.737,0,0.01
30.03.2021 06:33:25.315 GMT-0700,52.793000000000006,52.717,0.01,0.01
30.03.2021 06:33:25.416 GMT-0700,52.803999999999995,52.71600000000001,0.01,0.01
30.03.2021 06:33:25.574 GMT-0700,52.793000000000006,52.717,0.0075,0.01
30.03.2021 06:33:25.625 GMT-0700,52.803999999999995,52.71600000000001,0.01,0.01
30.03.2021 06:33:25.796 GMT-0700,52.833000000000006,52.747,0.01,0.01
30.03.2021 06:33:25.920 GMT-0700,52.793000000000006,52.747,0.0075,0
30.03.2021 06:33:25.970 GMT-0700,52.803000000000004,52.717,0.01,0.01
30.03.2021 06:33:26.185 GMT-0700,52.803000000000004,52.747,0.01,0.0075
30.03.2021 06:33:26.469 GMT-0700,52.803000000000004,52.717,0.01,0.01
30.03.2021 06:33:27.752 GMT-0700,52.803000000000004,52.747,0.01,0
30.03.2021 06:33:27.803 GMT-0700,52.823,52.747,0.01,0.01
30.03.2021 06:33:27.903 GMT-0700,52.803000000000004,52.747,0.01,0.01
30.03.2021 06:33:27.953 GMT-0700,52.803999999999995,52.71600000000001,0.01,0.01
30.03.2021 06:33:28.004 GMT-0700,52.783,52.717,0.01,0.01
30.03.2021 06:33:28.127 GMT-0700,52.773,52.717,0.01,0.01
30.03.2021 06:33:28.458 GMT-0700,52.763000000000005,52.727,0,0
30.03.2021 06:33:28.509 GMT-0700,52.783,52.727,0.01,0.01
30.03.2021 06:33:28.560 GMT-0700,52.763000000000005,52.727,0,0.01
30.03.2021 06:33:29.485 GMT-0700,52.763999999999996,52.696000000000005,0.01,0.01
30.03.2021 06:33:29.764 GMT-0700,52.773,52.697,0.01,0.01
30.03.2021 06:33:29.997 GMT-0700,52.803000000000004,52.697,0.01,0.01
30.03.2021 06:33:30.048 GMT-0700,52.773,52.697,0.01,0.01
30.03.2021 06:33:30.167 GMT-0700,52.803000000000004,52.697,0.01,0.01
30.03.2021 06:33:30.326 GMT-0700,52.803000000000004,52.727,0.01,0.01
30.03.2021 06:33:30.599 GMT-0700,52.793000000000006,52.727,0.01,0.01
30.03.2021 06:33:30.650 GMT-0700,52.803000000000004,52.727,0.01,0.01
30.03.2021 06:33:30.750 GMT-0700,52.813,52.727,0.01,0.01
30.03.2021 06:33:30.801 GMT-0700,52.823,52.727,0.01,0.01
30.03.2021 06:33:30.905 GMT-0700,52.823,52.757,0.01,0.01
30.03.2021 06:33:30.955 GMT-0700,52.853,52.757,0.01,0.01
30.03.2021 06:33:31.056 GMT-0700,52.823,52.757,0.01,0.01
30.03.2021 06:33:31.159 GMT-0700,52.814,52.75600000000001,0,0.0075
30.03.2021 06:33:31.209 GMT-0700,52.813,52.727,0.01,0.01
30.03.2021 06:33:31.362 GMT-0700,52.803000000000004,52.727,0.01,0.01
30.03.2021 06:33:31.477 GMT-0700,52.793000000000006,52.727,0.01,0.01
30.03.2021 06:33:31.527 GMT-0700,52.803000000000004,52.727,0.01,0.01
30.03.2021 06:33:32.100 GMT-0700,52.783,52.727,0,0.01
30.03.2021 06:33:32.335 GMT-0700,52.803000000000004,52.727,0.01,0.01
30.03.2021 06:33:32.813 GMT-0700,52.783,52.727,0.01,0.01
30.03.2021 06:33:32.869 GMT-0700,52.823,52.727,0.01,0.01
30.03.2021 06:33:32.970 GMT-0700,52.783,52.727,0,0.01
30.03.2021 06:33:33.150 GMT-0700,52.823,52.727,0.01,0.01
30.03.2021 06:33:33.210 GMT-0700,52.783,52.727,0.01,0.01
30.03.2021 06:33:33.260 GMT-0700,52.783,52.717,0.01,0.01
30.03.2021 06:33:33.312 GMT-0700,52.783,52.727,0.01,0
30.03.2021 06:33:33.413 GMT-0700,52.823,52.727,0.01,0.01
30.03.2021 06:33:33.694 GMT-0700,52.783,52.727,0.01,0.01
30.03.2021 06:33:33.797 GMT-0700,52.823,52.727,0.01,0.01
30.03.2021 06:33:34.024 GMT-0700,52.784,52.726000000000006,0,0.01
30.03.2021 06:33:34.183 GMT-0700,52.783,52.717,0.01,0.01
30.03.2021 06:33:34.351 GMT-0700,52.783,52.727,0.01,0.0075
30.03.2021 06:33:34.565 GMT-0700,52.783,52.717,0.01,0.01
30.03.2021 06:33:34.693 GMT-0700,52.783,52.727,0.01,0
30.03.2021 06:33:34.932 GMT-0700,52.763000000000005,52.697,0.01,0.01
30.03.2021 06:33:34.983 GMT-0700,52.783,52.697,0.01,0.01
30.03.2021 06:33:35.365 GMT-0700,52.784,52.736000000000004,0,0.0075
30.03.2021 06:33:35.415 GMT-0700,52.793000000000006,52.697,0.01,0.01
30.03.2021 06:33:35.649 GMT-0700,52.793000000000006,52.707,0.01,0.0075
30.03.2021 06:33:35.911 GMT-0700,52.793000000000006,52.697,0.01,0.01
30.03.2021 06:33:35.961 GMT-0700,52.783,52.697,0.01,0.01
30.03.2021 06:33:36.325 GMT-0700,52.783,52.747,0,0.0075
30.03.2021 06:33:36.375 GMT-0700,52.813,52.747,0.01,0.01
30.03.2021 06:33:36.831 GMT-0700,52.803000000000004,52.737,0.01,0.01
30.03.2021 06:33:36.882 GMT-0700,52.813,52.707,0.01,0.01
30.03.2021 06:33:36.932 GMT-0700,52.793000000000006,52.707,0.01,0.01
30.03.2021 06:33:37.359 GMT-0700,52.824,52.75600000000001,0.01,0.0075
30.03.2021 06:33:38.307 GMT-0700,52.783,52.757,0.0075,0.01
30.03.2021 06:33:38.357 GMT-0700,52.783,52.697,0.01,0.01
30.03.2021 06:33:38.611 GMT-0700,52.773,52.697,0.01,0.01
30.03.2021 06:33:40.020 GMT-0700,52.783,52.697,0.01,0.01
30.03.2021 06:33:43.215 GMT-0700,52.783,52.727,0.01,0
30.03.2021 06:33:44.156 GMT-0700,52.753,52.727,0.0075,0.01
30.03.2021 06:33:44.395 GMT-0700,52.763000000000005,52.747,0.0075,0
30.03.2021 06:33:44.445 GMT-0700,52.773,52.707,0.01,0.01
30.03.2021 06:33:44.496 GMT-0700,52.773,52.697,0.01,0.01
30.03.2021 06:33:44.596 GMT-0700,52.823,52.697,0.01,0.01
30.03.2021 06:33:44.752 GMT-0700,52.803000000000004,52.697,0.01,0.01
30.03.2021 06:33:44.887 GMT-0700,52.773,52.697,0.01,0.01
30.03.2021 06:33:45.145 GMT-0700,52.763999999999996,52.706,0.01,0.01
30.03.2021 06:33:45.195 GMT-0700,52.803000000000004,52.707,0.01,0.01
30.03.2021 06:33:45.712 GMT-0700,52.763000000000005,52.707,0.01,0.01
30.03.2021 06:33:46.123 GMT-0700,52.803000000000004,52.717,0.01,0.01
30.03.2021 06:33:46.182 GMT-0700,52.783,52.717,0.01,0.01
30.03.2021 06:33:46.383 GMT-0700,52.823,52.717,0.01,0.01
30.03.2021 06:33:46.590 GMT-0700,52.783,52.717,0.0075,0.01
30.03.2021 06:33:46.712 GMT-0700,52.783,52.737,0.01,0.01
30.03.2021 06:33:46.763 GMT-0700,52.813,52.737,0.01,0.01
30.03.2021 06:33:47.163 GMT-0700,52.783,52.737,0.01,0.01
30.03.2021 06:33:47.213 GMT-0700,52.803000000000004,52.737,0.01,0.01
30.03.2021 06:33:49.261 GMT-0700,52.813,52.737,0.01,0.01
30.03.2021 06:33:49.352 GMT-0700,52.773,52.737,0.0075,0.01
30.03.2021 06:33:49.776 GMT-0700,52.743,52.735,0.0075,0
30.03.2021 06:33:49.827 GMT-0700,52.753,52.687,0.01,0.01
30.03.2021 06:33:50.078 GMT-0700,52.773,52.687,0.01,0.01
30.03.2021 06:33:51.251 GMT-0700,52.773,52.677,0.01,0.01
30.03.2021 06:33:53.831 GMT-0700,52.774,52.71600000000001,0.0075,0
30.03.2021 06:33:53.881 GMT-0700,52.813,52.717,0.01,0.01
30.03.2021 06:33:53.931 GMT-0700,52.783,52.717,0.01,0.01
30.03.2021 06:33:53.982 GMT-0700,52.814,52.71600000000001,0.01,0.01
30.03.2021 06:33:54.193 GMT-0700,52.783,52.717,0.01,0.01
30.03.2021 06:33:54.243 GMT-0700,52.803000000000004,52.717,0.01,0.01
30.03.2021 06:33:54.293 GMT-0700,52.793000000000006,52.717,0.01,0.01
30.03.2021 06:33:54.394 GMT-0700,52.803000000000004,52.717,0.01,0.01
30.03.2021 06:33:56.127 GMT-0700,52.803000000000004,52.747,0.01,0.0075
30.03.2021 06:33:56.299 GMT-0700,52.853,52.757,0.01,0.01
30.03.2021 06:33:56.478 GMT-0700,52.843,52.757,0.01,0.01
30.03.2021 06:33:56.579 GMT-0700,52.853,52.757,0.01,0.01
30.03.2021 06:33:56.973 GMT-0700,52.843,52.757,0.0075,0.01
30.03.2021 06:33:57.109 GMT-0700,52.843,52.766999999999996,0.01,0.01
30.03.2021 06:33:57.159 GMT-0700,52.843,52.757,0.01,0.01
30.03.2021 06:33:57.210 GMT-0700,52.894,52.816,0.01,0.01
30.03.2021 06:33:57.337 GMT-0700,52.863,52.797,0.01,0.01
30.03.2021 06:33:57.488 GMT-0700,52.863,52.766999999999996,0.01,0.01
30.03.2021 06:33:57.825 GMT-0700,52.863,52.797,0.01,0.0075
30.03.2021 06:33:58.144 GMT-0700,52.863,52.766999999999996,0.01,0.01
30.03.2021 06:33:59.056 GMT-0700,52.863,52.777,0.01,0
30.03.2021 06:33:59.464 GMT-0700,52.863,52.766999999999996,0.01,0.01
30.03.2021 06:33:59.731 GMT-0700,52.863,52.797,0.01,0.01
30.03.2021 06:34:00.034 GMT-0700,52.863,52.766999999999996,0.01,0.01
30.03.2021 06:34:00.292 GMT-0700,52.863,52.777,0.01,0.0075
30.03.2021 06:34:00.578 GMT-0700,52.863,52.766999999999996,0.01,0.01
30.03.2021 06:34:00.878 GMT-0700,52.863,52.807,0.01,0
30.03.2021 06:34:01.489 GMT-0700,52.893,52.817,0.01,0.01
30.03.2021 06:34:01.594 GMT-0700,52.934,52.836000000000006,0.01,0.01
30.03.2021 06:34:02.046 GMT-0700,52.903000000000006,52.836999999999996,0,0.01
30.03.2021 06:34:02.795 GMT-0700,52.903000000000006,52.847,0,0.0075
30.03.2021 06:34:02.845 GMT-0700,52.923,52.847,0.01,0.01
30.03.2021 06:34:02.946 GMT-0700,52.963,52.887,0.01,0.01
30.03.2021 06:34:03.109 GMT-0700,52.923,52.887,0,0.01
30.03.2021 06:34:03.159 GMT-0700,52.963,52.887,0.01,0.01
30.03.2021 06:34:03.815 GMT-0700,52.943000000000005,52.887,0.0075,0.01
30.03.2021 06:34:03.916 GMT-0700,52.923,52.836999999999996,0.01,0.01
30.03.2021 06:34:03.967 GMT-0700,52.923,52.867,0.01,0.01
30.03.2021 06:34:04.067 GMT-0700,52.923,52.836999999999996,0.01,0.01
30.03.2021 06:34:06.292 GMT-0700,52.923,52.877,0,0.0075
30.03.2021 06:34:06.342 GMT-0700,52.963,52.877,0.01,0.01
30.03.2021 06:34:06.393 GMT-0700,52.943000000000005,52.847,0.01,0.01
30.03.2021 06:34:06.547 GMT-0700,52.933,52.836999999999996,0.01,0.01
30.03.2021 06:34:06.938 GMT-0700,52.963,52.877,0.01,0.01
30.03.2021 06:34:07.215 GMT-0700,52.923,52.836999999999996,0.01,0.01
30.03.2021 06:34:07.265 GMT-0700,52.933,52.836999999999996,0.01,0.01
30.03.2021 06:34:07.434 GMT-0700,52.933,52.877,0,0.0075
30.03.2021 06:34:07.484 GMT-0700,52.963,52.877,0.01,0.01
30.03.2021 06:34:07.534 GMT-0700,52.963,52.887,0.01,0.01
30.03.2021 06:34:10.073 GMT-0700,52.963,52.907,0.01,0
30.03.2021 06:34:10.123 GMT-0700,52.964,52.89600000000001,0.01,0.01
30.03.2021 06:34:10.257 GMT-0700,52.983000000000004,52.897,0.01,0.01
30.03.2021 06:34:10.662 GMT-0700,52.983999999999995,52.946000000000005,0.0075,0
30.03.2021 06:34:11.180 GMT-0700,52.983000000000004,52.967,0,0.0075
30.03.2021 06:34:11.231 GMT-0700,53.013000000000005,52.967,0.01,0.01
30.03.2021 06:34:11.922 GMT-0700,52.993,52.967,0,0.01
30.03.2021 06:34:11.972 GMT-0700,53.044,52.976000000000006,0.01,0.01
30.03.2021 06:34:12.072 GMT-0700,53.073,52.977,0.01,0.01
30.03.2021 06:34:12.140 GMT-0700,53.073,53.007,0.01,0.01
30.03.2021 06:34:12.393 GMT-0700,53.063,53.007,0.01,0.01
30.03.2021 06:34:12.924 GMT-0700,53.053999999999995,53.00600000000001,0,0.0075
30.03.2021 06:34:13.268 GMT-0700,53.043000000000006,53.007,0.01,0.01
30.03.2021 06:34:13.318 GMT-0700,53.083000000000006,53.027,0.01,0.01
30.03.2021 06:34:13.369 GMT-0700,53.033,53.007,0.01,0.01
30.03.2021 06:34:13.419 GMT-0700,53.073,53.007,0.01,0.01
30.03.2021 06:34:13.476 GMT-0700,53.043000000000006,53.007,0.01,0.01
30.03.2021 06:34:13.744 GMT-0700,53.073,53.007,0.01,0.01
30.03.2021 06:34:17.096 GMT-0700,53.013000000000005,52.927,0.01,0.01
30.03.2021 06:34:17.216 GMT-0700,53.023,52.927,0.01,0.01
30.03.2021 06:34:17.316 GMT-0700,53.013999999999996,52.926,0.01,0.01
30.03.2021 06:34:17.908 GMT-0700,52.983000000000004,52.927,0,0.0075
30.03.2021 06:34:17.959 GMT-0700,53.013000000000005,52.917,0.01,0.01
30.03.2021 06:34:18.017 GMT-0700,53.013000000000005,52.927,0.01,0
30.03.2021 06:34:18.273 GMT-0700,53.013999999999996,52.93600000000001,0.01,0
30.03.2021 06:34:18.374 GMT-0700,53.013000000000005,52.927,0.01,0.01
30.03.2021 06:34:20.427 GMT-0700,52.993,52.937,0,0
30.03.2021 06:34:20.478 GMT-0700,53.013000000000005,52.937,0.01,0.01
30.03.2021 06:34:21.143 GMT-0700,53.033,52.967,0.01,0.01
30.03.2021 06:34:21.311 GMT-0700,53.043000000000006,52.967,0.01,0.01
30.03.2021 06:34:21.749 GMT-0700,53.073,52.977,0.01,0.01
30.03.2021 06:34:21.799 GMT-0700,53.043000000000006,52.967,0.01,0.01
30.03.2021 06:34:21.900 GMT-0700,53.043000000000006,52.997,0.01,0.01
30.03.2021 06:34:22.060 GMT-0700,53.073,52.997,0.01,0.01
30.03.2021 06:34:22.801 GMT-0700,53.043000000000006,52.997,0.0075,0.01
30.03.2021 06:34:22.851 GMT-0700,53.043000000000006,52.967,0.01,0.01
30.03.2021 06:34:23.092 GMT-0700,53.073,52.967,0.01,0.01
30.03.2021 06:34:23.498 GMT-0700,53.043000000000006,52.967,0.0075,0.01
30.03.2021 06:34:23.981 GMT-0700,53.073,52.967,0.01,0.01
30.03.2021 06:34:25.037 GMT-0700,53.073,53.007,0.01,0.01
30.03.2021 06:34:25.137 GMT-0700,53.083000000000006,53.007,0.01,0.01
30.03.2021 06:34:25.583 GMT-0700,53.053000000000004,53.007,0,0.01
30.03.2021 06:34:26.218 GMT-0700,53.073,53.007,0.01,0.01
30.03.2021 06:34:26.269 GMT-0700,53.043000000000006,53.007,0.01,0.01
30.03.2021 06:34:30.278 GMT-0700,53.043000000000006,53.016999999999996,0.0075,0
30.03.2021 06:34:30.328 GMT-0700,53.083000000000006,53.027,0.01,0.01
30.03.2021 06:34:30.647 GMT-0700,53.063,53.027,0,0.01
30.03.2021 06:34:33.873 GMT-0700,53.064,53.036,0.0075,0
30.03.2021 06:34:33.923 GMT-0700,53.093,53.047,0.01,0.01
30.03.2021 06:34:34.024 GMT-0700,53.103,53.037,0.01,0.01
30.03.2021 06:34:34.162 GMT-0700,53.103,53.027,0,0.01
30.03.2021 06:34:34.213 GMT-0700,53.113,53.047,0.01,0.01
30.03.2021 06:34:34.339 GMT-0700,53.103,53.027,0.01,0.01
30.03.2021 06:34:34.475 GMT-0700,53.113,53.027,0.01,0.01
30.03.2021 06:34:34.873 GMT-0700,53.103,53.027,0.01,0.01
30.03.2021 06:34:35.229 GMT-0700,53.114,53.026,0.01,0.01
30.03.2021 06:34:35.521 GMT-0700,53.093,53.027,0,0.01
30.03.2021 06:34:35.693 GMT-0700,53.114,53.026,0.01,0.01
30.03.2021 06:34:35.751 GMT-0700,53.093,53.027,0,0.01
30.03.2021 06:34:35.801 GMT-0700,53.113,53.027,0.01,0.01
30.03.2021 06:34:36.231 GMT-0700,53.093,53.027,0.0075,0.01
30.03.2021 06:34:36.476 GMT-0700,53.114,53.026,0.01,0.01
30.03.2021 06:34:40.068 GMT-0700,53.113,53.067,0.0075,0
30.03.2021 06:34:40.118 GMT-0700,53.143,53.057,0.01,0.01
30.03.2021 06:34:40.169 GMT-0700,53.163000000000004,53.097,0.01,0.01
30.03.2021 06:34:40.622 GMT-0700,53.163000000000004,53.127,0.0075,0
30.03.2021 06:34:40.673 GMT-0700,53.203,53.127,0.01,0.01
30.03.2021 06:34:41.077 GMT-0700,53.213,53.137,0.01,0
30.03.2021 06:34:41.551 GMT-0700,53.213,53.127,0.01,0.01
30.03.2021 06:34:42.473 GMT-0700,53.213,53.117,0.01,0.01
30.03.2021 06:34:43.177 GMT-0700,53.203,53.117,0.01,0.01
30.03.2021 06:34:43.250 GMT-0700,53.213,53.117,0.01,0.01
30.03.2021 06:34:43.834 GMT-0700,53.213,53.147,0.01,0
30.03.2021 06:34:44.301 GMT-0700,53.163000000000004,53.147,0.0075,0
30.03.2021 06:34:44.352 GMT-0700,53.183,53.086999999999996,0.01,0.01
30.03.2021 06:34:45.219 GMT-0700,53.183,53.117,0.01,0.0075
30.03.2021 06:34:45.319 GMT-0700,53.183,53.086999999999996,0.01,0.01
30.03.2021 06:34:46.262 GMT-0700,53.153000000000006,53.086999999999996,0,0.01
30.03.2021 06:34:46.312 GMT-0700,53.153000000000006,53.047,0.01,0.01
30.03.2021 06:34:46.791 GMT-0700,53.143,53.047,0,0.01
30.03.2021 06:34:47.073 GMT-0700,53.153999999999996,53.04600000000001,0.01,0.01
30.03.2021 06:34:47.494 GMT-0700,53.153000000000006,53.057,0.01,0
30.03.2021 06:34:47.594 GMT-0700,53.153000000000006,53.047,0.01,0.01
30.03.2021 06:34:47.859 GMT-0700,53.123000000000005,53.047,0.01,0.01
30.03.2021 06:34:48.084 GMT-0700,53.093,53.016999999999996,0.01,0.01
30.03.2021 06:34:48.225 GMT-0700,53.083000000000006,53.016999999999996,0,0.0075
30.03.2021 06:34:48.275 GMT-0700,53.093,53.007,0.01,0.01
30.03.2021 06:34:48.682 GMT-0700,53.093,53.027,0.01,0
30.03.2021 06:34:48.732 GMT-0700,53.093,53.007,0.01,0.01
30.03.2021 06:34:49.787 GMT-0700,53.093,53.027,0.01,0.01
30.03.2021 06:34:50.591 GMT-0700,53.063,53.027,0.0075,0
30.03.2021 06:34:50.642 GMT-0700,53.063,52.977,0.01,0.01
30.03.2021 06:34:51.921 GMT-0700,53.063,52.967,0.01,0.01
30.03.2021 06:34:52.218 GMT-0700,53.063,52.997,0.01,0.0075
30.03.2021 06:34:52.319 GMT-0700,53.063,52.967,0.01,0.01
30.03.2021 06:34:52.553 GMT-0700,53.023,52.967,0.0075,0
30.03.2021 06:34:52.604 GMT-0700,53.033,52.937,0.01,0.01
30.03.2021 06:34:52.704 GMT-0700,53.063,52.967,0.01,0.01
30.03.2021 06:34:52.944 GMT-0700,53.053000000000004,52.977,0.0075,0.0075
30.03.2021 06:34:53.133 GMT-0700,53.064,52.976000000000006,0.01,0.01
30.03.2021 06:34:54.018 GMT-0700,53.053000000000004,52.977,0,0.01
30.03.2021 06:34:54.189 GMT-0700,53.063,52.967,0.01,0.01
30.03.2021 06:34:54.239 GMT-0700,53.013000000000005,52.937,0.01,0.01
30.03.2021 06:34:54.290 GMT-0700,53.033,52.937,0.01,0.01
30.03.2021 06:34:54.340 GMT-0700,53.023,52.967,0.01,0.01
30.03.2021 06:34:54.390 GMT-0700,53.013999999999996,52.93600000000001,0.01,0.01
30.03.2021 06:34:54.491 GMT-0700,53.033,52.957,0.01,0.01
30.03.2021 06:34:54.794 GMT-0700,53.013999999999996,52.93600000000001,0.01,0.0075
30.03.2021 06:34:54.894 GMT-0700,53.013000000000005,52.887,0.01,0.01
30.03.2021 06:34:54.944 GMT-0700,53.013000000000005,52.927,0.01,0.01
30.03.2021 06:34:55.047 GMT-0700,53.013999999999996,52.93600000000001,0.01,0.01
30.03.2021 06:34:55.244 GMT-0700,53.013000000000005,52.927,0.01,0.01
30.03.2021 06:34:55.430 GMT-0700,53.013000000000005,52.917,0.01,0.01
30.03.2021 06:34:56.216 GMT-0700,53.013000000000005,52.937,0.01,0
30.03.2021 06:34:57.065 GMT-0700,53.003,52.917,0.01,0.01
30.03.2021 06:34:57.115 GMT-0700,53.004,52.946000000000005,0.01,0.01
30.03.2021 06:34:57.342 GMT-0700,52.973000000000006,52.947,0,0.0075
30.03.2021 06:34:57.393 GMT-0700,52.963,52.897,0.01,0.01
30.03.2021 06:34:59.102 GMT-0700,52.983000000000004,52.937,0.0075,0
30.03.2021 06:34:59.153 GMT-0700,53.013000000000005,52.937,0.01,0.01
30.03.2021 06:34:59.257 GMT-0700,53.024,52.956,0.01,0.01
30.03.2021 06:34:59.307 GMT-0700,53.033,52.957,0.01,0.01
30.03.2021 06:34:59.376 GMT-0700,53.033,52.977,0,0.0075
30.03.2021 06:34:59.427 GMT-0700,53.063,52.977,0.01,0.01
30.03.2021 06:34:59.527 GMT-0700,53.033,52.957,0.01,0.01
30.03.2021 06:34:59.667 GMT-0700,53.023,52.957,0.01,0.01
30.03.2021 06:34:59.781 GMT-0700,53.033,52.957,0.01,0.01
30.03.2021 06:35:00.052 GMT-0700,53.023,52.957,0.01,0.01
30.03.2021 06:35:00.153 GMT-0700,53.013000000000005,52.967,0.01,0.01
30.03.2021 06:35:00.264 GMT-0700,53.013000000000005,52.937,0.01,0.01
30.03.2021 06:35:00.568 GMT-0700,53.013000000000005,52.927,0.01,0.01
30.03.2021 06:35:00.618 GMT-0700,52.993,52.917,0.01,0.01
30.03.2021 06:35:00.669 GMT-0700,53.013000000000005,52.927,0.01,0.01
30.03.2021 06:35:00.883 GMT-0700,53.013000000000005,52.917,0.01,0.01
30.03.2021 06:35:00.934 GMT-0700,53.013000000000005,52.927,0.01,0.01
30.03.2021 06:35:01.046 GMT-0700,53.013000000000005,52.937,0.01,0
30.03.2021 06:35:01.231 GMT-0700,53.013000000000005,52.927,0.01,0.01
30.03.2021 06:35:01.694 GMT-0700,52.973000000000006,52.927,0,0.0075
30.03.2021 06:35:01.745 GMT-0700,53.003,52.917,0.01,0.01
30.03.2021 06:35:01.802 GMT-0700,52.983000000000004,52.917,0.01,0.01
30.03.2021 06:35:02.014 GMT-0700,52.983999999999995,52.906000000000006,0.01,0.01
30.03.2021 06:35:02.642 GMT-0700,53.003,52.937,0.01,0.01
30.03.2021 06:35:02.860 GMT-0700,53.013000000000005,52.987,0,0.01
30.03.2021 06:35:02.910 GMT-0700,53.063,52.987,0.01,0.01
30.03.2021 06:35:02.962 GMT-0700,53.043000000000006,52.987,0,0.01
30.03.2021 06:35:03.935 GMT-0700,53.003,52.987,0,0.0075
30.03.2021 06:35:03.985 GMT-0700,52.983000000000004,52.927,0.01,0.01
30.03.2021 06:35:04.036 GMT-0700,53.003,52.927,0.01,0.01
30.03.2021 06:35:04.443 GMT-0700,52.983000000000004,52.927,0,0.0075
30.03.2021 06:35:04.494 GMT-0700,52.983000000000004,52.907,0.01,0.01
30.03.2021 06:35:04.609 GMT-0700,53.003,52.907,0.01,0.01
30.03.2021 06:35:04.941 GMT-0700,52.983000000000004,52.907,0,0.01
30.03.2021 06:35:04.992 GMT-0700,52.993,52.907,0.01,0.01
30.03.2021 06:35:05.045 GMT-0700,52.973000000000006,52.907,0.01,0.01
30.03.2021 06:35:05.095 GMT-0700,53.003,52.907,0.01,0.01
30.03.2021 06:35:05.145 GMT-0700,53.003,52.927,0.01,0.01
30.03.2021 06:35:05.343 GMT-0700,53.003,52.907,0.01,0.01
30.03.2021 06:35:05.416 GMT-0700,53.003,52.927,0.01,0
30.03.2021 06:35:05.466 GMT-0700,52.993,52.907,0.01,0.01
30.03.2021 06:35:05.517 GMT-0700,53.003,52.907,0.01,0.01
30.03.2021 06:35:05.727 GMT-0700,52.993,52.907,0.01,0.01
30.03.2021 06:35:05.982 GMT-0700,52.983000000000004,52.907,0,0.01
30.03.2021 06:35:06.139 GMT-0700,53.003,52.907,0.01,0.01
30.03.2021 06:35:06.190 GMT-0700,53.013000000000005,52.927,0.01,0.01
30.03.2021 06:35:06.291 GMT-0700,53.003,52.927,0.01,0.01
30.03.2021 06:35:06.509 GMT-0700,52.994,52.926,0.01,0.01
30.03.2021 06:35:06.560 GMT-0700,53.013000000000005,52.927,0.01,0.01
30.03.2021 06:35:06.710 GMT-0700,53.013000000000005,52.947,0.01,0.01
30.03.2021 06:35:06.862 GMT-0700,53.013000000000005,52.977,0.0075,0
30.03.2021 06:35:06.912 GMT-0700,53.043000000000006,52.987,0.01,0.01
30.03.2021 06:35:07.218 GMT-0700,53.053000000000004,52.987,0.01,0.01
30.03.2021 06:35:07.318 GMT-0700,53.044,52.986000000000004,0.01,0.01
30.03.2021 06:35:07.369 GMT-0700,53.053000000000004,52.987,0.01,0.01
30.03.2021 06:35:07.596 GMT-0700,53.044,52.986000000000004,0.0075,0.01
30.03.2021 06:35:07.646 GMT-0700,53.063,52.987,0.01,0.01
30.03.2021 06:35:07.746 GMT-0700,53.053000000000004,52.997,0,0
30.03.2021 06:35:07.796 GMT-0700,53.093,52.997,0.01,0.01
30.03.2021 06:35:07.936 GMT-0700,53.093,53.016999999999996,0.01,0
30.03.2021 06:35:08.359 GMT-0700,53.093,52.997,0.01,0.01
30.03.2021 06:35:08.643 GMT-0700,53.093,53.016999999999996,0.01,0
30.03.2021 06:35:08.889 GMT-0700,53.093,52.997,0.01,0.01
30.03.2021 06:35:08.939 GMT-0700,53.073,52.997,0.01,0.01
30.03.2021 06:35:09.207 GMT-0700,53.093,52.997,0.01,0.01
30.03.2021 06:35:09.285 GMT-0700,53.093999999999994,53.00600000000001,0.01,0
30.03.2021 06:35:09.676 GMT-0700,53.073,52.997,0.01,0.01
30.03.2021 06:35:10.936 GMT-0700,53.073,53.037,0.01,0
30.03.2021 06:35:11.042 GMT-0700,53.073,52.997,0.01,0.01
30.03.2021 06:35:11.347 GMT-0700,53.073,53.007,0.01,0
30.03.2021 06:35:11.448 GMT-0700,53.073,52.997,0.01,0.01
30.03.2021 06:35:12.085 GMT-0700,53.033,52.997,0,0.01
30.03.2021 06:35:12.136 GMT-0700,53.033,52.957,0.01,0.01
30.03.2021 06:35:12.237 GMT-0700,53.033,52.947,0.01,0.01
30.03.2021 06:35:12.287 GMT-0700,53.033,52.957,0.01,0.01
30.03.2021 06:35:12.412 GMT-0700,53.053999999999995,52.956,0.01,0.01
30.03.2021 06:35:12.753 GMT-0700,53.053000000000004,52.977,0.01,0.01
30.03.2021 06:35:12.987 GMT-0700,53.053000000000004,52.957,0.01,0.01
30.03.2021 06:35:13.038 GMT-0700,53.053000000000004,52.967,0.01,0.01
30.03.2021 06:35:13.155 GMT-0700,53.053000000000004,52.977,0.01,0
30.03.2021 06:35:13.509 GMT-0700,53.053000000000004,52.957,0.01,0.01
30.03.2021 06:35:13.564 GMT-0700,53.053000000000004,52.977,0.01,0
30.03.2021 06:35:14.594 GMT-0700,53.053000000000004,52.987,0.01,0.01
30.03.2021 06:35:14.644 GMT-0700,53.073,52.987,0.01,0.01
30.03.2021 06:35:14.694 GMT-0700,53.063,52.987,0.01,0.01
30.03.2021 06:35:15.059 GMT-0700,53.073,53.027,0.0075,0
30.03.2021 06:35:15.110 GMT-0700,53.093,53.027,0.01,0.01
30.03.2021 06:35:15.904 GMT-0700,53.093,53.037,0.01,0.01
30.03.2021 06:35:16.207 GMT-0700,53.113,53.047,0.01,0.01
30.03.2021 06:35:16.529 GMT-0700,53.103,53.037,0.01,0.01
30.03.2021 06:35:16.629 GMT-0700,53.103,53.027,0.01,0.01
30.03.2021 06:35:16.815 GMT-0700,53.103,53.016999999999996,0.01,0.01
30.03.2021 06:35:17.329 GMT-0700,53.083000000000006,53.016999999999996,0.0075,0.01
30.03.2021 06:35:17.480 GMT-0700,53.103,53.016999999999996,0.01,0.01
30.03.2021 06:35:17.904 GMT-0700,53.103,53.027,0.01,0.01
30.03.2021 06:35:18.049 GMT-0700,53.103,53.016999999999996,0.01,0.01
30.03.2021 06:35:18.523 GMT-0700,53.103,53.027,0.01,0.01
30.03.2021 06:35:19.924 GMT-0700,53.103,53.016999999999996,0.01,0.01
30.03.2021 06:35:20.502 GMT-0700,53.053000000000004,53.016999999999996,0,0.01
30.03.2021 06:35:20.552 GMT-0700,53.073,53.016999999999996,0.01,0.01
30.03.2021 06:35:21.563 GMT-0700,53.073,53.027,0.01,0.0075
30.03.2021 06:35:21.684 GMT-0700,53.063,53.016999999999996,0.0075,0.01
30.03.2021 06:35:21.735 GMT-0700,53.073,53.016999999999996,0.01,0.01
30.03.2021 06:35:21.945 GMT-0700,53.063,53.016999999999996,0.0075,0.01
30.03.2021 06:35:22.716 GMT-0700,53.073,53.016999999999996,0.01,0.01
30.03.2021 06:35:23.400 GMT-0700,53.053000000000004,53.016999999999996,0.01,0.01
30.03.2021 06:35:23.450 GMT-0700,53.064,53.016000000000005,0.01,0.01
30.03.2021 06:35:23.770 GMT-0700,53.073,53.016999999999996,0.01,0.01
30.03.2021 06:35:24.072 GMT-0700,53.063,53.016999999999996,0.0075,0.01
30.03.2021 06:35:24.280 GMT-0700,53.073,53.016999999999996,0.01,0.01
30.03.2021 06:35:24.331 GMT-0700,53.053000000000004,53.016999999999996,0.01,0.01
30.03.2021 06:35:24.381 GMT-0700,53.073,53.016999999999996,0.01,0.01
30.03.2021 06:35:24.531 GMT-0700,53.033,53.016999999999996,0.0075,0
30.03.2021 06:35:24.582 GMT-0700,53.033,52.977,0.01,0.01
30.03.2021 06:35:24.682 GMT-0700,53.043000000000006,52.987,0.01,0.01
30.03.2021 06:35:25.218 GMT-0700,53.033,52.987,0.0075,0.01
30.03.2021 06:35:25.373 GMT-0700,53.043000000000006,52.987,0.01,0.01
30.03.2021 06:35:25.526 GMT-0700,53.033,52.987,0,0.01
30.03.2021 06:35:25.627 GMT-0700,53.043000000000006,52.997,0.01,0.01
30.03.2021 06:35:25.785 GMT-0700,53.053000000000004,52.997,0.01,0.01
30.03.2021 06:35:25.903 GMT-0700,53.053000000000004,53.007,0,0.0075
30.03.2021 06:35:25.953 GMT-0700,53.063,53.007,0.01,0.01
30.03.2021 06:35:26.004 GMT-0700,53.063,52.987,0.01,0.01
30.03.2021 06:35:26.693 GMT-0700,53.053000000000004,52.987,0,0.01
30.03.2021 06:35:26.850 GMT-0700,53.083000000000006,53.037,0,0.01
30.03.2021 06:35:26.901 GMT-0700,53.103,53.037,0.01,0.01
30.03.2021 06:35:27.293 GMT-0700,53.103,53.016999999999996,0.01,0.01
30.03.2021 06:35:27.703 GMT-0700,53.073,53.016999999999996,0,0.01
30.03.2021 06:35:28.280 GMT-0700,53.073,53.047,0.01,0
30.03.2021 06:35:28.939 GMT-0700,53.073,53.016999999999996,0.01,0.01
30.03.2021 06:35:29.854 GMT-0700,53.073,53.007,0.01,0.01
30.03.2021 06:35:29.955 GMT-0700,53.073,53.016999999999996,0.01,0.01
30.03.2021 06:35:30.005 GMT-0700,53.073,53.007,0.01,0.01
30.03.2021 06:35:30.085 GMT-0700,53.063,53.007,0,0.01
30.03.2021 06:35:30.136 GMT-0700,53.073,53.007,0.01,0.01
30.03.2021 06:35:30.263 GMT-0700,53.053999999999995,53.00600000000001,0,0.01
30.03.2021 06:35:30.437 GMT-0700,53.043000000000006,52.997,0.0075,0.01
30.03.2021 06:35:30.487 GMT-0700,53.053000000000004,52.997,0.01,0.01
30.03.2021 06:35:30.538 GMT-0700,53.093999999999994,53.00600000000001,0.01,0.01
30.03.2021 06:35:30.588 GMT-0700,53.063,53.016999999999996,0.01,0.01
30.03.2021 06:35:30.774 GMT-0700,53.073,53.016999999999996,0.01,0.01
30.03.2021 06:35:31.199 GMT-0700,53.053000000000004,53.016999999999996,0,0.01
30.03.2021 06:35:31.250 GMT-0700,53.073,53.007,0.01,0.01
30.03.2021 06:35:32.966 GMT-0700,53.103,53.016999999999996,0.01,0.01
30.03.2021 06:35:33.066 GMT-0700,53.103,53.007,0.01,0.01
30.03.2021 06:35:33.116 GMT-0700,53.103,53.027,0.01,0.01
30.03.2021 06:35:33.278 GMT-0700,53.073,53.007,0.01,0.01
30.03.2021 06:35:33.428 GMT-0700,53.073,52.997,0.01,0.01
30.03.2021 06:35:33.479 GMT-0700,53.053000000000004,52.997,0.01,0.01
30.03.2021 06:35:33.529 GMT-0700,53.073,52.997,0.01,0.01
30.03.2021 06:35:33.757 GMT-0700,53.053000000000004,52.997,0,0.01
30.03.2021 06:35:33.858 GMT-0700,53.063,52.997,0.01,0.01
30.03.2021 06:35:34.010 GMT-0700,53.074,53.00600000000001,0.01,0
30.03.2021 06:35:34.110 GMT-0700,53.073,52.997,0.01,0.01
30.03.2021 06:35:34.160 GMT-0700,53.053999999999995,52.996,0.01,0.01
30.03.2021 06:35:34.443 GMT-0700,53.063,52.997,0.01,0.01
30.03.2021 06:35:34.493 GMT-0700,53.053000000000004,52.997,0.01,0.01
30.03.2021 06:35:34.749 GMT-0700,53.063,52.997,0.01,0.01
30.03.2021 06:35:35.401 GMT-0700,53.063,53.007,0.01,0
30.03.2021 06:35:35.451 GMT-0700,53.073,52.997,0.01,0.01
30.03.2021 06:35:35.539 GMT-0700,53.073,53.007,0.01,0.01
30.03.2021 06:35:36.155 GMT-0700,53.103,53.007,0.01,0.01
30.03.2021 06:35:36.648 GMT-0700,53.073,53.007,0.01,0.01
30.03.2021 06:35:36.872 GMT-0700,53.073,52.997,0.01,0.01
30.03.2021 06:35:37.502 GMT-0700,53.073,53.007,0.01,0.01
30.03.2021 06:35:37.850 GMT-0700,53.073,53.027,0.01,0.0075
30.03.2021 06:35:38.199 GMT-0700,53.103,53.027,0.01,0.01
30.03.2021 06:35:38.467 GMT-0700,53.093,53.027,0.01,0.01
30.03.2021 06:35:38.524 GMT-0700,53.103,53.027,0.01,0.01
30.03.2021 06:35:38.575 GMT-0700,53.073,53.027,0.01,0.01
30.03.2021 06:35:38.976 GMT-0700,53.053000000000004,52.997,0.01,0.01
30.03.2021 06:35:40.128 GMT-0700,53.063,53.007,0.01,0.01
30.03.2021 06:35:40.179 GMT-0700,53.063,52.997,0.01,0.01
30.03.2021 06:35:41.487 GMT-0700,53.043000000000006,52.997,0.0075,0.01
30.03.2021 06:35:41.538 GMT-0700,53.053000000000004,52.997,0.01,0.01
30.03.2021 06:35:41.804 GMT-0700,53.063,53.007,0.01,0.01
30.03.2021 06:35:41.854 GMT-0700,53.063,52.997,0.01,0.01
30.03.2021 06:35:41.994 GMT-0700,53.063,53.027,0,0.0075
30.03.2021 06:35:42.044 GMT-0700,53.083000000000006,53.027,0.01,0.01
30.03.2021 06:35:42.195 GMT-0700,53.103,53.027,0.01,0.01
30.03.2021 06:35:42.384 GMT-0700,53.063,53.007,0.01,0.01
30.03.2021 06:35:42.434 GMT-0700,53.073,53.007,0.01,0.01
30.03.2021 06:35:42.585 GMT-0700,53.083000000000006,53.007,0.01,0.01
30.03.2021 06:35:42.669 GMT-0700,53.083000000000006,53.016999999999996,0.01,0.01
30.03.2021 06:35:42.720 GMT-0700,53.083000000000006,53.007,0.01,0.01
30.03.2021 06:35:42.989 GMT-0700,53.083000000000006,53.016999999999996,0.01,0.01
30.03.2021 06:35:43.122 GMT-0700,53.083000000000006,53.007,0.01,0.01
30.03.2021 06:35:43.741 GMT-0700,53.073,53.007,0.0075,0.01
30.03.2021 06:35:44.056 GMT-0700,53.043000000000006,53.007,0.01,0.01
30.03.2021 06:35:44.106 GMT-0700,53.073,53.007,0.01,0.01
30.03.2021 06:35:45.984 GMT-0700,53.074,53.016000000000005,0.01,0
30.03.2021 06:35:48.084 GMT-0700,53.028000000000006,53.016999999999996,0,0.0075
30.03.2021 06:35:48.134 GMT-0700,53.013000000000005,52.977,0.01,0.01
30.03.2021 06:35:48.184 GMT-0700,53.003,52.967,0.01,0.01
30.03.2021 06:35:48.235 GMT-0700,53.003,52.957,0.01,0.01
30.03.2021 06:35:49.228 GMT-0700,53.003,52.947,0.01,0.01
30.03.2021 06:35:50.808 GMT-0700,53.003,52.927,0.01,0.01
30.03.2021 06:35:50.858 GMT-0700,53.004,52.93600000000001,0.01,0.01
30.03.2021 06:35:50.959 GMT-0700,52.993,52.917,0.01,0.01
30.03.2021 06:35:51.051 GMT-0700,52.993,52.927,0.01,0
30.03.2021 06:35:51.665 GMT-0700,52.993,52.937,0.01,0
30.03.2021 06:35:51.927 GMT-0700,52.994,52.926,0.01,0.01
30.03.2021 06:35:53.135 GMT-0700,52.963,52.897,0.01,0.01
30.03.2021 06:35:53.185 GMT-0700,52.973000000000006,52.897,0.01,0.01
30.03.2021 06:35:54.354 GMT-0700,52.973000000000006,52.937,0,0.0075
30.03.2021 06:35:54.404 GMT-0700,52.973000000000006,52.927,0.01,0.01
30.03.2021 06:35:54.455 GMT-0700,52.983000000000004,52.907,0.01,0.01
30.03.2021 06:35:54.801 GMT-0700,52.983000000000004,52.917,0.01,0
30.03.2021 06:35:55.826 GMT-0700,52.983000000000004,52.907,0.01,0.01
30.03.2021 06:35:56.203 GMT-0700,52.953,52.897,0.01,0.01
30.03.2021 06:35:56.304 GMT-0700,52.964,52.89600000000001,0.01,0.01
30.03.2021 06:35:58.435 GMT-0700,52.963,52.917,0.01,0
30.03.2021 06:35:58.485 GMT-0700,52.973000000000006,52.917,0.01,0.01
30.03.2021 06:35:58.535 GMT-0700,52.974,52.926,0.01,0.01
30.03.2021 06:35:58.585 GMT-0700,52.983000000000004,52.927,0.01,0.01
30.03.2021 06:35:58.636 GMT-0700,52.974,52.926,0.01,0.01
30.03.2021 06:35:58.991 GMT-0700,52.983000000000004,52.927,0.01,0.01
30.03.2021 06:35:59.466 GMT-0700,52.963,52.927,0.01,0.01
30.03.2021 06:35:59.517 GMT-0700,52.973000000000006,52.927,0.01,0.01
30.03.2021 06:35:59.626 GMT-0700,52.993,52.927,0.01,0.01
30.03.2021 06:36:00.544 GMT-0700,52.973000000000006,52.927,0.0075,0.01
30.03.2021 06:36:00.745 GMT-0700,52.993,52.927,0.01,0.01
30.03.2021 06:36:02.089 GMT-0700,52.973000000000006,52.927,0.0075,0.01
30.03.2021 06:36:02.139 GMT-0700,52.993,52.927,0.01,0.01
30.03.2021 06:36:02.437 GMT-0700,52.963,52.927,0.0075,0.01
30.03.2021 06:36:02.537 GMT-0700,52.993,52.927,0.01,0.01
30.03.2021 06:36:04.989 GMT-0700,52.993,52.937,0.01,0.0075
30.03.2021 06:36:05.040 GMT-0700,52.993,52.927,0.01,0.01
30.03.2021 06:36:05.815 GMT-0700,52.993,52.967,0.01,0.0075
30.03.2021 06:36:05.866 GMT-0700,53.033,52.987,0.01,0.01
30.03.2021 06:36:05.967 GMT-0700,53.053000000000004,52.987,0.01,0.01
30.03.2021 06:36:06.331 GMT-0700,53.053000000000004,52.977,0.01,0.01
30.03.2021 06:36:07.355 GMT-0700,53.023,52.977,0,0.0075
30.03.2021 06:36:07.455 GMT-0700,53.023,52.947,0.01,0.01
30.03.2021 06:36:07.506 GMT-0700,53.053000000000004,52.937,0.01,0.01
30.03.2021 06:36:07.556 GMT-0700,53.023,52.937,0.01,0.01
30.03.2021 06:36:07.760 GMT-0700,53.023,52.947,0.01,0
30.03.2021 06:36:07.861 GMT-0700,53.023,52.937,0.01,0.01
30.03.2021 06:36:08.374 GMT-0700,52.993,52.937,0,0.0075
30.03.2021 06:36:08.424 GMT-0700,53.023,52.917,0.01,0.01
30.03.2021 06:36:08.698 GMT-0700,53.023,52.947,0.01,0
30.03.2021 06:36:09.570 GMT-0700,53.023,52.987,0.0075,0
30.03.2021 06:36:09.621 GMT-0700,53.023,52.947,0.01,0.01
30.03.2021 06:36:09.885 GMT-0700,53.033,52.987,0.0075,0
30.03.2021 06:36:09.936 GMT-0700,53.053000000000004,52.987,0.01,0.01
30.03.2021 06:36:10.534 GMT-0700,53.023,52.967,0.01,0.01
30.03.2021 06:36:10.584 GMT-0700,53.004,52.93600000000001,0.01,0.01
30.03.2021 06:36:10.783 GMT-0700,53.043000000000006,52.947,0.01,0.01
30.03.2021 06:36:11.195 GMT-0700,53.013000000000005,52.947,0,0.01
30.03.2021 06:36:11.922 GMT-0700,53.043000000000006,52.947,0.01,0.01
30.03.2021 06:36:11.973 GMT-0700,53.003,52.937,0.01,0.01
30.03.2021 06:36:12.023 GMT-0700,53.013999999999996,52.93600000000001,0.01,0.01
30.03.2021 06:36:12.073 GMT-0700,53.013000000000005,52.947,0.01,0.01
30.03.2021 06:36:12.123 GMT-0700,53.043000000000006,52.947,0.01,0.01
30.03.2021 06:36:12.174 GMT-0700,53.023,52.947,0.01,0.01
30.03.2021 06:36:12.329 GMT-0700,53.043000000000006,52.947,0.01,0.01
30.03.2021 06:36:12.454 GMT-0700,53.013000000000005,52.947,0.0075,0.01
30.03.2021 06:36:12.554 GMT-0700,53.043000000000006,52.947,0.01,0.01
30.03.2021 06:36:12.604 GMT-0700,53.003,52.917,0.01,0.01
30.03.2021 06:36:12.655 GMT-0700,53.013000000000005,52.917,0.01,0.01
30.03.2021 06:36:12.705 GMT-0700,53.013000000000005,52.947,0.01,0.01
30.03.2021 06:36:12.849 GMT-0700,53.013000000000005,52.937,0.01,0.01
30.03.2021 06:36:13.271 GMT-0700,53.013999999999996,52.946000000000005,0.01,0.01
30.03.2021 06:36:13.371 GMT-0700,53.003,52.917,0.01,0.01
30.03.2021 06:36:13.422 GMT-0700,52.993,52.917,0.01,0.01
30.03.2021 06:36:13.487 GMT-0700,53.003,52.917,0.01,0.01
30.03.2021 06:36:13.704 GMT-0700,52.983000000000004,52.917,0,0.01
30.03.2021 06:36:14.105 GMT-0700,53.003,52.917,0.01,0.01
30.03.2021 06:36:16.239 GMT-0700,52.983000000000004,52.917,0.01,0.01
30.03.2021 06:36:16.290 GMT-0700,53.003,52.917,0.01,0.01
30.03.2021 06:36:17.762 GMT-0700,53.013000000000005,52.957,0.01,0
30.03.2021 06:36:18.455 GMT-0700,52.983000000000004,52.957,0.0075,0
30.03.2021 06:36:18.506 GMT-0700,52.973000000000006,52.937,0.01,0.01
30.03.2021 06:36:21.177 GMT-0700,52.973000000000006,52.947,0.01,0.0075
30.03.2021 06:36:22.491 GMT-0700,52.978,52.967,0.0075,0
30.03.2021 06:36:22.541 GMT-0700,53.024,52.956,0.01,0.01
30.03.2021 06:36:22.793 GMT-0700,52.993,52.957,0,0.01
30.03.2021 06:36:23.158 GMT-0700,52.993,52.917,0.01,0.01
30.03.2021 06:36:23.234 GMT-0700,52.993,52.947,0.01,0
30.03.2021 06:36:23.521 GMT-0700,52.993,52.917,0.01,0.01
30.03.2021 06:36:24.112 GMT-0700,53.013000000000005,52.917,0.01,0.01
30.03.2021 06:36:24.281 GMT-0700,52.963,52.917,0,0.0075
30.03.2021 06:36:24.332 GMT-0700,52.983000000000004,52.907,0.01,0.01
30.03.2021 06:36:24.432 GMT-0700,53.013000000000005,52.907,0.01,0.01
30.03.2021 06:36:24.482 GMT-0700,52.993,52.917,0.01,0.01
30.03.2021 06:36:24.629 GMT-0700,52.983000000000004,52.917,0.01,0.01
30.03.2021 06:36:24.679 GMT-0700,52.983999999999995,52.906000000000006,0.01,0.01
30.03.2021 06:36:25.590 GMT-0700,52.993,52.907,0.01,0.01
30.03.2021 06:36:25.643 GMT-0700,52.983000000000004,52.907,0.01,0.01
30.03.2021 06:36:26.111 GMT-0700,52.993,52.907,0.01,0.01
30.03.2021 06:36:26.584 GMT-0700,52.983000000000004,52.907,0.01,0.01
30.03.2021 06:36:26.727 GMT-0700,52.983000000000004,52.927,0.01,0.01
30.03.2021 06:36:27.088 GMT-0700,52.983000000000004,52.907,0.01,0.01
30.03.2021 06:36:28.032 GMT-0700,52.993,52.907,0.01,0.01
30.03.2021 06:36:28.275 GMT-0700,52.993,52.927,0.01,0.01
30.03.2021 06:36:28.488 GMT-0700,52.993,52.907,0.01,0.01
30.03.2021 06:36:28.662 GMT-0700,52.993,52.927,0.01,0
30.03.2021 06:36:28.912 GMT-0700,52.993,52.907,0.01,0.01
30.03.2021 06:36:28.962 GMT-0700,53.003,52.937,0.01,0.01
30.03.2021 06:36:29.013 GMT-0700,53.013000000000005,52.937,0.01,0.01
30.03.2021 06:36:29.063 GMT-0700,52.983000000000004,52.927,0.01,0.01
30.03.2021 06:36:29.113 GMT-0700,52.994,52.926,0.01,0.01
30.03.2021 06:36:29.488 GMT-0700,52.983000000000004,52.927,0,0.01
30.03.2021 06:36:29.641 GMT-0700,52.953,52.927,0,0.01
30.03.2021 06:36:29.691 GMT-0700,52.983000000000004,52.927,0.01,0.01
30.03.2021 06:36:31.451 GMT-0700,52.993,52.937,0.01,0.0075
30.03.2021 06:36:31.502 GMT-0700,52.983000000000004,52.907,0.01,0.01
30.03.2021 06:36:32.338 GMT-0700,53.013000000000005,52.907,0.01,0.01
30.03.2021 06:36:32.388 GMT-0700,53.003,52.907,0.01,0.01
30.03.2021 06:36:32.439 GMT-0700,53.013000000000005,52.907,0.01,0.01
30.03.2021 06:36:32.551 GMT-0700,52.983000000000004,52.907,0,0.01
30.03.2021 06:36:33.043 GMT-0700,53.013000000000005,52.907,0.01,0.01
30.03.2021 06:36:33.234 GMT-0700,53.013000000000005,52.927,0.01,0
30.03.2021 06:36:33.588 GMT-0700,53.003,52.937,0,0
30.03.2021 06:36:33.689 GMT-0700,53.013000000000005,52.977,0.0075,0
30.03.2021 06:36:33.739 GMT-0700,53.043000000000006,52.997,0.01,0.01
30.03.2021 06:36:33.789 GMT-0700,53.033,52.987,0.01,0.01
30.03.2021 06:36:33.902 GMT-0700,53.074,52.986000000000004,0.01,0.01
30.03.2021 06:36:33.990 GMT-0700,53.073,52.997,0.01,0
30.03.2021 06:36:34.779 GMT-0700,53.053000000000004,52.997,0,0.01
30.03.2021 06:36:34.929 GMT-0700,53.033,52.987,0.01,0.01
30.03.2021 06:36:35.193 GMT-0700,53.023,52.987,0.0075,0.01
30.03.2021 06:36:35.243 GMT-0700,53.033,52.987,0.01,0.01
30.03.2021 06:36:35.714 GMT-0700,53.013000000000005,52.987,0.0075,0.01
30.03.2021 06:36:35.764 GMT-0700,53.043000000000006,52.987,0.01,0.01
30.03.2021 06:36:36.093 GMT-0700,53.013000000000005,52.987,0.0075,0.01
30.03.2021 06:36:36.143 GMT-0700,53.043000000000006,52.987,0.01,0.01
30.03.2021 06:36:37.037 GMT-0700,53.013000000000005,52.947,0.01,0.01
30.03.2021 06:36:37.396 GMT-0700,53.043000000000006,52.957,0.01,0.01
30.03.2021 06:36:37.780 GMT-0700,53.043000000000006,52.947,0.01,0.01
30.03.2021 06:36:37.851 GMT-0700,53.043000000000006,52.957,0.01,0
30.03.2021 06:36:37.952 GMT-0700,53.043000000000006,52.947,0.01,0.01
30.03.2021 06:36:38.181 GMT-0700,53.043000000000006,52.957,0.01,0.01
30.03.2021 06:36:38.949 GMT-0700,53.013000000000005,52.967,0.0075,0.01
30.03.2021 06:36:40.940 GMT-0700,53.043000000000006,52.987,0.01,0.01
30.03.2021 06:36:40.991 GMT-0700,53.043000000000006,52.977,0.01,0.01
30.03.2021 06:36:41.966 GMT-0700,53.043000000000006,52.967,0.01,0.01
30.03.2021 06:36:44.161 GMT-0700,53.033,52.967,0,0.01
30.03.2021 06:36:44.211 GMT-0700,53.043000000000006,52.967,0.01,0.01
30.03.2021 06:36:44.593 GMT-0700,53.003,52.967,0,0.01
30.03.2021 06:36:44.744 GMT-0700,52.983000000000004,52.947,0.01,0.01
30.03.2021 06:36:45.181 GMT-0700,52.963,52.917,0.01,0.01
30.03.2021 06:36:45.281 GMT-0700,52.973000000000006,52.917,0.01,0.01
30.03.2021 06:36:45.702 GMT-0700,52.933,52.917,0.0075,0
30.03.2021 06:36:45.752 GMT-0700,52.943000000000005,52.897,0.01,0.01
30.03.2021 06:36:45.920 GMT-0700,52.973000000000006,52.897,0.01,0.01
30.03.2021 06:36:46.238 GMT-0700,52.953,52.897,0.0075,0.01
30.03.2021 06:36:46.288 GMT-0700,52.973000000000006,52.897,0.01,0.01
30.03.2021 06:36:46.451 GMT-0700,52.953,52.897,0,0.01
30.03.2021 06:36:46.705 GMT-0700,52.943000000000005,52.897,0,0.01
30.03.2021 06:36:47.040 GMT-0700,52.973000000000006,52.897,0.01,0.01
30.03.2021 06:36:47.205 GMT-0700,52.953,52.897,0.01,0.01
30.03.2021 06:36:48.066 GMT-0700,52.923,52.897,0.01,0.01
30.03.2021 06:36:48.116 GMT-0700,52.953,52.897,0.01,0.01
30.03.2021 06:36:48.565 GMT-0700,52.953,52.907,0.0075,0
30.03.2021 06:36:48.615 GMT-0700,52.953,52.897,0.01,0.01
30.03.2021 06:36:48.985 GMT-0700,52.953,52.907,0.0075,0
30.03.2021 06:36:49.035 GMT-0700,52.983000000000004,52.907,0.01,0.01
30.03.2021 06:36:50.191 GMT-0700,52.983999999999995,52.93600000000001,0.01,0.01
30.03.2021 06:36:50.292 GMT-0700,52.973000000000006,52.937,0.01,0.01
30.03.2021 06:36:50.342 GMT-0700,52.983000000000004,52.937,0.01,0.01
30.03.2021 06:36:51.252 GMT-0700,52.963,52.937,0,0.01
30.03.2021 06:36:51.302 GMT-0700,52.943000000000005,52.897,0.01,0.01
30.03.2021 06:36:51.552 GMT-0700,52.933,52.897,0.01,0.01
30.03.2021 06:36:52.604 GMT-0700,52.943000000000005,52.897,0.01,0.01
30.03.2021 06:36:53.358 GMT-0700,52.953,52.907,0.0075,0
30.03.2021 06:36:53.409 GMT-0700,52.983000000000004,52.897,0.01,0.01
30.03.2021 06:36:54.278 GMT-0700,52.983000000000004,52.907,0.01,0
30.03.2021 06:36:54.507 GMT-0700,52.963,52.897,0.0075,0.01
30.03.2021 06:36:54.557 GMT-0700,52.983000000000004,52.897,0.01,0.01
30.03.2021 06:36:57.144 GMT-0700,52.983000000000004,52.917,0.01,0.01
30.03.2021 06:36:59.029 GMT-0700,52.983000000000004,52.927,0.0075,0
30.03.2021 06:36:59.080 GMT-0700,52.993,52.927,0.01,0.01
30.03.2021 06:36:59.333 GMT-0700,52.983000000000004,52.927,0.0075,0
30.03.2021 06:36:59.383 GMT-0700,52.983000000000004,52.917,0.01,0.01
30.03.2021 06:36:59.710 GMT-0700,52.993,52.917,0.01,0.01
30.03.2021 06:36:59.774 GMT-0700,52.983000000000004,52.917,0.0075,0.01
30.03.2021 06:37:00.291 GMT-0700,52.943000000000005,52.917,0.01,0.01
30.03.2021 06:37:00.342 GMT-0700,52.973000000000006,52.917,0.01,0.01
30.03.2021 06:37:02.621 GMT-0700,52.973000000000006,52.937,0.01,0.01
30.03.2021 06:37:02.801 GMT-0700,52.973000000000006,52.917,0.01,0.01
30.03.2021 06:37:02.878 GMT-0700,52.973000000000006,52.927,0.01,0
30.03.2021 06:37:03.060 GMT-0700,52.973000000000006,52.917,0.01,0.01
30.03.2021 06:37:03.245 GMT-0700,52.973000000000006,52.927,0.01,0.01
30.03.2021 06:37:03.296 GMT-0700,52.993,52.927,0.01,0.01
30.03.2021 06:37:03.396 GMT-0700,52.993,52.957,0.01,0.01
30.03.2021 06:37:04.035 GMT-0700,52.963,52.955,0,0.0075
30.03.2021 06:37:04.085 GMT-0700,52.963,52.897,0.01,0.01
30.03.2021 06:37:04.197 GMT-0700,52.974,52.89600000000001,0.01,0.01
30.03.2021 06:37:04.523 GMT-0700,52.963,52.897,0.0075,0.01
30.03.2021 06:37:04.624 GMT-0700,52.983999999999995,52.89600000000001,0.01,0.01
30.03.2021 06:37:04.846 GMT-0700,52.953,52.897,0,0.01
30.03.2021 06:37:04.897 GMT-0700,52.983000000000004,52.897,0.01,0.01
30.03.2021 06:37:04.985 GMT-0700,52.953,52.897,0,0.01
30.03.2021 06:37:05.035 GMT-0700,52.983000000000004,52.897,0.01,0.01
30.03.2021 06:37:06.079 GMT-0700,52.954,52.89600000000001,0.01,0.01
30.03.2021 06:37:06.129 GMT-0700,52.973000000000006,52.897,0.01,0.01
30.03.2021 06:37:06.428 GMT-0700,52.983000000000004,52.897,0.01,0.01
30.03.2021 06:37:09.937 GMT-0700,52.983000000000004,52.947,0.01,0
30.03.2021 06:37:10.076 GMT-0700,53.013000000000005,52.977,0.01,0.01
30.03.2021 06:37:10.206 GMT-0700,53.053000000000004,52.977,0.01,0.01
30.03.2021 06:37:10.919 GMT-0700,53.053000000000004,52.987,0.01,0
30.03.2021 06:37:11.069 GMT-0700,53.063,53.016999999999996,0.01,0.01
30.03.2021 06:37:11.216 GMT-0700,53.063,52.997,0.01,0.01
30.03.2021 06:37:11.267 GMT-0700,53.083000000000006,52.997,0.01,0.01
30.03.2021 06:37:11.639 GMT-0700,53.043000000000006,52.997,0,0.01
30.03.2021 06:37:11.690 GMT-0700,53.063,52.997,0.01,0.01
30.03.2021 06:37:11.976 GMT-0700,53.033,52.987,0.01,0.01
30.03.2021 06:37:12.026 GMT-0700,53.043000000000006,52.987,0.01,0.01
30.03.2021 06:37:12.081 GMT-0700,53.063,53.007,0.01,0.01
30.03.2021 06:37:12.404 GMT-0700,53.063,52.987,0.01,0.01
30.03.2021 06:37:12.658 GMT-0700,53.063,52.977,0.01,0.01
30.03.2021 06:37:12.828 GMT-0700,53.053000000000004,52.977,0.01,0.01
30.03.2021 06:37:12.879 GMT-0700,53.023,52.937,0.01,0.01
30.03.2021 06:37:12.929 GMT-0700,53.013000000000005,52.937,0.01,0.01
30.03.2021 06:37:12.979 GMT-0700,53.023,52.937,0.01,0.01
30.03.2021 06:37:14.029 GMT-0700,53.003,52.937,0.0075,0.01
30.03.2021 06:37:14.235 GMT-0700,53.033,52.937,0.01,0.01
30.03.2021 06:37:15.202 GMT-0700,53.034,52.96600000000001,0.01,0
30.03.2021 06:37:15.863 GMT-0700,53.033,52.937,0.01,0.01
30.03.2021 06:37:17.399 GMT-0700,53.003,52.937,0,0.01
30.03.2021 06:37:17.572 GMT-0700,53.003,52.967,0.01,0.01
30.03.2021 06:37:17.832 GMT-0700,53.033,52.967,0.01,0.01
30.03.2021 06:37:19.736 GMT-0700,53.043000000000006,52.987,0.01,0.01
30.03.2021 06:37:19.787 GMT-0700,53.044,52.976000000000006,0.01,0.01
30.03.2021 06:37:19.847 GMT-0700,53.043000000000006,52.987,0.01,0
30.03.2021 06:37:20.770 GMT-0700,53.063,52.987,0.01,0.01
30.03.2021 06:37:21.927 GMT-0700,53.023,52.987,0,0.01
30.03.2021 06:37:21.977 GMT-0700,53.033,52.947,0.01,0.01
30.03.2021 06:37:22.028 GMT-0700,53.033,52.937,0.01,0.01
30.03.2021 06:37:22.186 GMT-0700,53.013000000000005,52.937,0.0075,0.01
30.03.2021 06:37:22.479 GMT-0700,52.993,52.937,0,0.01
30.03.2021 06:37:22.579 GMT-0700,53.003,52.937,0.01,0.01
30.03.2021 06:37:23.002 GMT-0700,52.973000000000006,52.937,0.0075,0.01
30.03.2021 06:37:23.167 GMT-0700,53.003,52.937,0.01,0.01
30.03.2021 06:37:23.504 GMT-0700,52.973000000000006,52.937,0,0.01
30.03.2021 06:37:23.555 GMT-0700,53.003,52.937,0.01,0.01
30.03.2021 06:37:26.704 GMT-0700,53.023,52.937,0.01,0.01
30.03.2021 06:37:26.754 GMT-0700,53.013000000000005,52.937,0.01,0.01
30.03.2021 06:37:27.699 GMT-0700,53.003,52.937,0,0.01
30.03.2021 06:37:27.799 GMT-0700,53.013999999999996,52.93600000000001,0.01,0.01
30.03.2021 06:37:30.051 GMT-0700,53.013000000000005,52.947,0.01,0
30.03.2021 06:37:30.152 GMT-0700,53.003,52.947,0.01,0.01
30.03.2021 06:37:30.280 GMT-0700,53.013000000000005,52.947,0.01,0.01
30.03.2021 06:37:30.880 GMT-0700,52.983000000000004,52.957,0.0075,0.0075
30.03.2021 06:37:30.931 GMT-0700,53.003,52.957,0.01,0.01
30.03.2021 06:37:31.197 GMT-0700,53.013000000000005,52.957,0.0075,0.01
30.03.2021 06:37:31.880 GMT-0700,53.013000000000005,52.937,0.01,0.01
30.03.2021 06:37:32.516 GMT-0700,52.973000000000006,52.937,0,0.01
30.03.2021 06:37:33.175 GMT-0700,52.963,52.937,0,0.01
30.03.2021 06:37:33.586 GMT-0700,52.973000000000006,52.937,0.01,0.01
30.03.2021 06:37:33.636 GMT-0700,52.953,52.937,0.01,0.01
30.03.2021 06:37:33.748 GMT-0700,52.943000000000005,52.897,0.01,0.01
30.03.2021 06:37:33.849 GMT-0700,52.973000000000006,52.917,0.01,0.01
30.03.2021 06:37:34.012 GMT-0700,52.963,52.917,0.01,0.01
30.03.2021 06:37:34.392 GMT-0700,52.953,52.917,0.01,0.01
30.03.2021 06:37:35.452 GMT-0700,52.953,52.897,0.01,0.01
30.03.2021 06:37:35.864 GMT-0700,52.964,52.89600000000001,0.01,0.01
30.03.2021 06:37:35.965 GMT-0700,52.953,52.897,0,0.01
30.03.2021 06:37:36.798 GMT-0700,52.963,52.897,0.01,0.01
30.03.2021 06:37:37.294 GMT-0700,52.923,52.897,0.01,0.01
30.03.2021 06:37:37.344 GMT-0700,52.953,52.897,0.01,0.01
30.03.2021 06:37:39.056 GMT-0700,52.943000000000005,52.897,0,0.01
30.03.2021 06:37:39.106 GMT-0700,52.953,52.897,0.01,0.01
30.03.2021 06:37:40.078 GMT-0700,52.943999999999996,52.89600000000001,0.01,0.01
30.03.2021 06:37:40.203 GMT-0700,52.933,52.897,0,0.01
30.03.2021 06:37:40.253 GMT-0700,52.953,52.897,0.01,0.01
30.03.2021 06:37:40.573 GMT-0700,52.953,52.907,0.0075,0
30.03.2021 06:37:40.624 GMT-0700,52.973000000000006,52.907,0.01,0.01
30.03.2021 06:37:40.674 GMT-0700,52.973000000000006,52.917,0.01,0.01
30.03.2021 06:37:41.183 GMT-0700,52.933,52.907,0.01,0.01
30.03.2021 06:37:41.233 GMT-0700,52.943000000000005,52.897,0.01,0.01
30.03.2021 06:37:42.491 GMT-0700,52.903000000000006,52.895,0,0.0075
30.03.2021 06:37:42.542 GMT-0700,52.903000000000006,52.836999999999996,0.01,0.01
30.03.2021 06:37:45.789 GMT-0700,52.893,52.847,0,0
30.03.2021 06:37:45.839 GMT-0700,52.903000000000006,52.847,0.01,0.01
30.03.2021 06:37:49.167 GMT-0700,52.853,52.847,0.0075,0
30.03.2021 06:37:49.217 GMT-0700,52.873000000000005,52.797,0.01,0.01
30.03.2021 06:37:49.274 GMT-0700,52.903000000000006,52.797,0.01,0.01
30.03.2021 06:37:49.593 GMT-0700,52.873000000000005,52.797,0.01,0.01
30.03.2021 06:37:49.757 GMT-0700,52.903000000000006,52.797,0.01,0.01
30.03.2021 06:37:50.172 GMT-0700,52.893,52.797,0.01,0.01
30.03.2021 06:37:50.324 GMT-0700,52.903000000000006,52.797,0.01,0.01
30.03.2021 06:37:50.663 GMT-0700,52.903000000000006,52.827,0.01,0.0075
30.03.2021 06:37:51.536 GMT-0700,52.893,52.827,0,0.01
30.03.2021 06:37:51.637 GMT-0700,52.903000000000006,52.827,0.01,0.01
30.03.2021 06:37:51.945 GMT-0700,52.903000000000006,52.836999999999996,0.01,0.01
30.03.2021 06:37:52.115 GMT-0700,52.913000000000004,52.867,0.0075,0.01
30.03.2021 06:37:52.165 GMT-0700,52.923,52.867,0.01,0.01
30.03.2021 06:37:52.243 GMT-0700,52.913000000000004,52.867,0.0075,0.01
30.03.2021 06:37:52.293 GMT-0700,52.923,52.867,0.01,0.01
30.03.2021 06:37:52.436 GMT-0700,52.893,52.857,0.01,0.01
30.03.2021 06:37:52.876 GMT-0700,52.923,52.857,0.01,0.01
30.03.2021 06:37:52.926 GMT-0700,52.903000000000006,52.857,0.01,0.01
30.03.2021 06:37:53.042 GMT-0700,52.903000000000006,52.836999999999996,0.01,0.01
30.03.2021 06:37:53.772 GMT-0700,52.873000000000005,52.847,0.01,0.01
30.03.2021 06:37:54.430 GMT-0700,52.923,52.857,0.01,0.01
30.03.2021 06:37:55.172 GMT-0700,52.873000000000005,52.857,0,0.0075
30.03.2021 06:37:55.223 GMT-0700,52.903000000000006,52.827,0.01,0.01
30.03.2021 06:37:55.710 GMT-0700,52.873000000000005,52.827,0,0.01
30.03.2021 06:37:55.861 GMT-0700,52.903000000000006,52.817,0.01,0.01
30.03.2021 06:37:56.100 GMT-0700,52.903000000000006,52.827,0.01,0.0075
30.03.2021 06:37:57.170 GMT-0700,52.873000000000005,52.827,0.0075,0.01
30.03.2021 06:37:57.220 GMT-0700,52.873000000000005,52.817,0.01,0.01
30.03.2021 06:37:57.271 GMT-0700,52.903000000000006,52.817,0.01,0.01
30.03.2021 06:37:57.321 GMT-0700,52.903000000000006,52.836999999999996,0.01,0.01
30.03.2021 06:37:57.803 GMT-0700,52.903000000000006,52.817,0.01,0.01
30.03.2021 06:37:58.198 GMT-0700,52.863,52.817,0,0.01
30.03.2021 06:37:58.349 GMT-0700,52.903000000000006,52.817,0.01,0.01
30.03.2021 06:37:59.468 GMT-0700,52.903000000000006,52.827,0.01,0
30.03.2021 06:37:59.597 GMT-0700,52.903000000000006,52.847,0.01,0.01
30.03.2021 06:37:59.700 GMT-0700,52.883,52.867,0.01,0.01
30.03.2021 06:37:59.750 GMT-0700,52.913000000000004,52.867,0.01,0.01
30.03.2021 06:38:00.523 GMT-0700,52.913999999999994,52.876000000000005,0.01,0
30.03.2021 06:38:01.532 GMT-0700,52.903000000000006,52.877,0.01,0
30.03.2021 06:38:01.582 GMT-0700,52.903000000000006,52.867,0.01,0.01
30.03.2021 06:38:02.361 GMT-0700,52.933,52.867,0.01,0.01
30.03.2021 06:38:04.147 GMT-0700,52.933,52.887,0.0075,0
30.03.2021 06:38:04.197 GMT-0700,52.963,52.887,0.01,0.01
30.03.2021 06:38:04.675 GMT-0700,52.953,52.887,0.0075,0.01
30.03.2021 06:38:04.725 GMT-0700,52.963,52.887,0.01,0.01
30.03.2021 06:38:04.816 GMT-0700,52.953,52.907,0.0075,0.0075
30.03.2021 06:38:04.967 GMT-0700,52.953,52.887,0.01,0.01
30.03.2021 06:38:05.216 GMT-0700,52.953,52.907,0,0.0075
30.03.2021 06:38:05.267 GMT-0700,52.983999999999995,52.906000000000006,0.01,0.01
30.03.2021 06:38:05.741 GMT-0700,52.983000000000004,52.917,0.01,0.01
30.03.2021 06:38:05.973 GMT-0700,52.983000000000004,52.907,0.01,0.01
30.03.2021 06:38:06.437 GMT-0700,52.963,52.897,0.01,0.01
30.03.2021 06:38:06.487 GMT-0700,52.983000000000004,52.897,0.01,0.01
30.03.2021 06:38:06.537 GMT-0700,52.983999999999995,52.906000000000006,0.01,0.01
30.03.2021 06:38:07.869 GMT-0700,52.953,52.907,0.0075,0
30.03.2021 06:38:07.919 GMT-0700,52.973000000000006,52.887,0.01,0.01
30.03.2021 06:38:07.969 GMT-0700,52.943000000000005,52.887,0.01,0.01
30.03.2021 06:38:08.161 GMT-0700,52.963,52.887,0.01,0.01
30.03.2021 06:38:08.265 GMT-0700,52.973000000000006,52.887,0.01,0.01
30.03.2021 06:38:08.399 GMT-0700,52.963,52.887,0,0.01
30.03.2021 06:38:09.276 GMT-0700,52.983000000000004,52.927,0.01,0.01
30.03.2021 06:38:09.326 GMT-0700,52.983000000000004,52.917,0.01,0.01
30.03.2021 06:38:09.987 GMT-0700,52.983000000000004,52.927,0.01,0
30.03.2021 06:38:10.088 GMT-0700,52.963,52.927,0.01,0.01
30.03.2021 06:38:10.138 GMT-0700,52.973000000000006,52.927,0.01,0.01
30.03.2021 06:38:10.189 GMT-0700,52.983000000000004,52.927,0.01,0.01
30.03.2021 06:38:10.239 GMT-0700,52.973000000000006,52.927,0.01,0.01
30.03.2021 06:38:10.555 GMT-0700,52.983000000000004,52.927,0.01,0.01
30.03.2021 06:38:10.605 GMT-0700,52.963,52.927,0.01,0.01
30.03.2021 06:38:10.707 GMT-0700,52.973000000000006,52.927,0.01,0.01
30.03.2021 06:38:10.971 GMT-0700,52.973000000000006,52.917,0.01,0.01
30.03.2021 06:38:11.162 GMT-0700,52.964,52.916000000000004,0,0.01
30.03.2021 06:38:11.263 GMT-0700,52.973000000000006,52.917,0.01,0.01
30.03.2021 06:38:11.520 GMT-0700,52.963,52.917,0,0.01
30.03.2021 06:38:11.570 GMT-0700,52.963,52.887,0.01,0.01
30.03.2021 06:38:11.626 GMT-0700,52.963,52.917,0.01,0
30.03.2021 06:38:11.677 GMT-0700,53.003,52.927,0.0075,0.01
30.03.2021 06:38:11.792 GMT-0700,53.013000000000005,52.917,0.01,0.01
30.03.2021 06:38:13.498 GMT-0700,53.013000000000005,52.957,0.01,0.01
30.03.2021 06:38:13.549 GMT-0700,53.003,52.917,0.01,0.01
30.03.2021 06:38:13.649 GMT-0700,53.004,52.956,0.01,0.01
30.03.2021 06:38:13.869 GMT-0700,52.993,52.957,0.01,0.01
30.03.2021 06:38:13.920 GMT-0700,53.003,52.957,0.01,0.01
30.03.2021 06:38:13.972 GMT-0700,52.993,52.957,0,0.01
30.03.2021 06:38:14.138 GMT-0700,53.003,52.957,0.01,0.01
30.03.2021 06:38:14.188 GMT-0700,52.993,52.957,0.01,0.01
30.03.2021 06:38:14.403 GMT-0700,53.003,52.957,0.01,0.01
30.03.2021 06:38:15.198 GMT-0700,52.993,52.957,0.01,0.01
30.03.2021 06:38:15.354 GMT-0700,52.953,52.917,0.01,0.01
30.03.2021 06:38:15.404 GMT-0700,52.983000000000004,52.917,0.01,0.01
30.03.2021 06:38:16.110 GMT-0700,53.013000000000005,52.917,0.01,0.01
30.03.2021 06:38:16.160 GMT-0700,53.013000000000005,52.937,0.01,0.01
30.03.2021 06:38:16.857 GMT-0700,52.983000000000004,52.937,0.01,0.01
30.03.2021 06:38:17.047 GMT-0700,52.983000000000004,52.917,0.01,0.01
30.03.2021 06:38:17.653 GMT-0700,53.013000000000005,52.917,0.01,0.01
30.03.2021 06:38:17.789 GMT-0700,53.013000000000005,52.947,0.01,0
30.03.2021 06:38:17.839 GMT-0700,53.013000000000005,52.937,0.01,0.01
30.03.2021 06:38:17.913 GMT-0700,53.013000000000005,52.947,0.01,0
30.03.2021 06:38:17.963 GMT-0700,53.013000000000005,52.937,0.01,0.01
30.03.2021 06:38:18.014 GMT-0700,53.013000000000005,52.957,0.01,0.01
30.03.2021 06:38:18.429 GMT-0700,53.013000000000005,52.937,0.01,0.01
30.03.2021 06:38:18.944 GMT-0700,53.013000000000005,52.977,0.0075,0
30.03.2021 06:38:18.994 GMT-0700,53.013999999999996,52.93600000000001,0.01,0.01
30.03.2021 06:38:19.058 GMT-0700,53.013000000000005,52.967,0.0075,0
30.03.2021 06:38:19.108 GMT-0700,53.053000000000004,52.977,0.01,0.01
30.03.2021 06:38:19.210 GMT-0700,53.044,52.976000000000006,0,0.01
30.03.2021 06:38:19.519 GMT-0700,53.043000000000006,52.997,0.0075,0
30.03.2021 06:38:19.569 GMT-0700,53.043000000000006,52.977,0.01,0.01
30.03.2021 06:38:19.619 GMT-0700,53.033,52.977,0.01,0.01
30.03.2021 06:38:19.796 GMT-0700,53.043000000000006,52.977,0.01,0.01
30.03.2021 06:38:20.066 GMT-0700,53.013000000000005,52.977,0.0075,0
30.03.2021 06:38:20.116 GMT-0700,53.033,52.977,0.01,0.01
30.03.2021 06:38:20.217 GMT-0700,53.043000000000006,52.977,0.01,0.01
30.03.2021 06:38:20.298 GMT-0700,53.043000000000006,52.987,0.0075,0
30.03.2021 06:38:20.348 GMT-0700,53.063,52.977,0.01,0.01
30.03.2021 06:38:24.022 GMT-0700,53.063,52.997,0.01,0
30.03.2021 06:38:24.179 GMT-0700,53.063,53.027,0.0075,0
30.03.2021 06:38:24.230 GMT-0700,53.083000000000006,53.016999999999996,0.01,0.01
30.03.2021 06:38:24.280 GMT-0700,53.083000000000006,53.027,0.01,0.01
30.03.2021 06:38:24.690 GMT-0700,53.053000000000004,53.027,0.0075,0.01
30.03.2021 06:38:24.967 GMT-0700,53.053000000000004,53.016999999999996,0.01,0.01
30.03.2021 06:38:25.018 GMT-0700,53.053999999999995,53.026,0.01,0.01
30.03.2021 06:38:25.224 GMT-0700,53.053000000000004,53.016999999999996,0.01,0.01
30.03.2021 06:38:25.612 GMT-0700,53.043000000000006,53.007,0.01,0.01
30.03.2021 06:38:25.779 GMT-0700,53.053000000000004,53.007,0.01,0.01
30.03.2021 06:38:26.065 GMT-0700,53.043000000000006,53.007,0.0075,0.01
30.03.2021 06:38:26.115 GMT-0700,53.053000000000004,53.007,0.01,0.01
30.03.2021 06:38:26.632 GMT-0700,53.083000000000006,53.007,0.01,0.01
30.03.2021 06:38:26.704 GMT-0700,53.063,53.007,0,0.01
30.03.2021 06:38:27.924 GMT-0700,53.083000000000006,53.007,0.01,0.01
30.03.2021 06:38:28.078 GMT-0700,53.064,53.00600000000001,0.01,0.01
30.03.2021 06:38:28.656 GMT-0700,53.083000000000006,53.007,0.01,0.01
30.03.2021 06:38:29.676 GMT-0700,53.073,53.007,0,0.01
30.03.2021 06:38:29.839 GMT-0700,53.083000000000006,53.007,0.01,0.01
30.03.2021 06:38:31.884 GMT-0700,53.083000000000006,53.016999999999996,0.01,0.01
30.03.2021 06:38:31.934 GMT-0700,53.083000000000006,53.007,0.01,0.01
30.03.2021 06:38:32.238 GMT-0700,53.053000000000004,53.007,0,0.01
30.03.2021 06:38:32.701 GMT-0700,53.083000000000006,53.007,0.01,0.01
30.03.2021 06:38:33.260 GMT-0700,53.073,53.007,0,0.01
30.03.2021 06:38:33.360 GMT-0700,53.033,52.957,0.01,0.01
30.03.2021 06:38:34.162 GMT-0700,53.053000000000004,52.957,0.01,0.01
30.03.2021 06:38:34.962 GMT-0700,53.053000000000004,52.967,0.01,0.0075
30.03.2021 06:38:35.104 GMT-0700,53.053000000000004,52.957,0.01,0.01
30.03.2021 06:38:36.315 GMT-0700,53.013000000000005,52.967,0.0075,0.0075
30.03.2021 06:38:36.365 GMT-0700,53.043000000000006,52.967,0.01,0.01
30.03.2021 06:38:36.814 GMT-0700,53.023,52.957,0,0.01
30.03.2021 06:38:36.915 GMT-0700,53.023,52.947,0.01,0.01
30.03.2021 06:38:37.619 GMT-0700,53.013000000000005,52.937,0,0.01
30.03.2021 06:38:37.980 GMT-0700,53.023,52.937,0.01,0.01
30.03.2021 06:38:38.030 GMT-0700,52.983000000000004,52.927,0.01,0.01
30.03.2021 06:38:38.081 GMT-0700,53.013999999999996,52.916000000000004,0.01,0.01
30.03.2021 06:38:38.400 GMT-0700,52.983000000000004,52.917,0.01,0.01
30.03.2021 06:38:39.146 GMT-0700,52.983000000000004,52.887,0.01,0.01
30.03.2021 06:38:39.719 GMT-0700,52.983000000000004,52.917,0.01,0.01
30.03.2021 06:38:40.036 GMT-0700,52.983000000000004,52.937,0.0075,0
30.03.2021 06:38:40.087 GMT-0700,52.983000000000004,52.917,0.01,0.01
30.03.2021 06:38:40.142 GMT-0700,52.973000000000006,52.917,0.0075,0
30.03.2021 06:38:40.193 GMT-0700,52.983000000000004,52.917,0.01,0.01
30.03.2021 06:38:40.484 GMT-0700,52.993,52.917,0.01,0.01
30.03.2021 06:38:41.061 GMT-0700,52.983000000000004,52.917,0,0.01
30.03.2021 06:38:41.161 GMT-0700,53.023,52.937,0.01,0.01
30.03.2021 06:38:41.460 GMT-0700,53.003,52.937,0,0.01
30.03.2021 06:38:41.568 GMT-0700,52.993,52.937,0,0.0075
30.03.2021 06:38:41.618 GMT-0700,52.993,52.917,0.01,0.01
30.03.2021 06:38:41.733 GMT-0700,52.993,52.947,0.0075,0
30.03.2021 06:38:41.783 GMT-0700,53.003,52.947,0.01,0.01
30.03.2021 06:38:41.862 GMT-0700,53.013999999999996,52.956,0.01,0.01
30.03.2021 06:38:41.996 GMT-0700,53.003,52.947,0.01,0.01
30.03.2021 06:38:42.277 GMT-0700,53.023,52.947,0.01,0.01
30.03.2021 06:38:42.391 GMT-0700,53.023,52.977,0,0.0075
30.03.2021 06:38:42.441 GMT-0700,53.053000000000004,52.987,0.01,0.01
30.03.2021 06:38:42.553 GMT-0700,53.053000000000004,52.967,0.01,0.0075
30.03.2021 06:38:42.604 GMT-0700,53.053000000000004,52.987,0.01,0.01
30.03.2021 06:38:43.164 GMT-0700,53.063,52.987,0.01,0.01
30.03.2021 06:38:44.089 GMT-0700,53.053000000000004,52.987,0.0075,0.01
30.03.2021 06:38:44.559 GMT-0700,53.063,52.987,0.01,0.01
30.03.2021 06:38:45.056 GMT-0700,53.063,53.007,0.01,0.01
30.03.2021 06:38:45.207 GMT-0700,53.063,52.987,0.01,0.01
30.03.2021 06:38:45.504 GMT-0700,53.053000000000004,52.987,0,0.01
30.03.2021 06:38:45.682 GMT-0700,53.033,52.997,0,0.01
30.03.2021 06:38:45.835 GMT-0700,53.053000000000004,52.997,0.01,0.01
30.03.2021 06:38:46.450 GMT-0700,53.063,52.997,0.01,0.01
30.03.2021 06:38:46.907 GMT-0700,53.053000000000004,52.997,0,0.01
30.03.2021 06:38:47.279 GMT-0700,53.063,52.997,0.01,0.01
30.03.2021 06:38:47.905 GMT-0700,53.053000000000004,52.997,0.01,0.01
30.03.2021 06:38:48.397 GMT-0700,53.033,52.997,0.01,0.01
30.03.2021 06:38:48.447 GMT-0700,53.053000000000004,52.997,0.01,0.01
30.03.2021 06:38:48.548 GMT-0700,53.033,52.997,0,0.01
30.03.2021 06:38:48.598 GMT-0700,53.053000000000004,52.997,0.01,0.01
30.03.2021 06:38:48.979 GMT-0700,53.053000000000004,53.007,0.0075,0
30.03.2021 06:38:49.029 GMT-0700,53.063,53.007,0.01,0.01
30.03.2021 06:38:49.079 GMT-0700,53.053999999999995,53.00600000000001,0.01,0.01
30.03.2021 06:38:52.164 GMT-0700,53.063,53.007,0.01,0.01
30.03.2021 06:38:52.331 GMT-0700,53.063,53.016999999999996,0.01,0
30.03.2021 06:38:52.483 GMT-0700,53.083000000000006,53.027,0.01,0.01
30.03.2021 06:38:53.048 GMT-0700,53.093,53.027,0.01,0.01
30.03.2021 06:38:53.189 GMT-0700,53.103,53.027,0.01,0.01
30.03.2021 06:38:53.355 GMT-0700,53.093,53.037,0.01,0.01
30.03.2021 06:38:53.629 GMT-0700,53.083000000000006,53.037,0,0.01
30.03.2021 06:38:53.679 GMT-0700,53.103,53.037,0.01,0.01
30.03.2021 06:38:54.631 GMT-0700,53.103,53.085,0,0.0075
30.03.2021 06:38:54.681 GMT-0700,53.123000000000005,53.097,0.01,0.01
30.03.2021 06:38:54.735 GMT-0700,53.103,53.092,0,0.0075
30.03.2021 06:38:54.785 GMT-0700,53.103,53.037,0.01,0.01
30.03.2021 06:38:55.162 GMT-0700,53.113,53.037,0.01,0.01
30.03.2021 06:38:55.312 GMT-0700,53.143,53.067,0.01,0.01
30.03.2021 06:38:55.413 GMT-0700,53.153000000000006,53.077,0.01,0.01
30.03.2021 06:38:55.514 GMT-0700,53.143,53.107,0.01,0.01
30.03.2021 06:38:55.632 GMT-0700,53.153000000000006,53.107,0.01,0.01
30.03.2021 06:38:55.976 GMT-0700,53.153000000000006,53.117,0,0.0075
30.03.2021 06:38:56.026 GMT-0700,53.163000000000004,53.117,0.01,0.01
30.03.2021 06:38:56.181 GMT-0700,53.173,53.117,0.01,0.01
30.03.2021 06:38:56.937 GMT-0700,53.184,53.11600000000001,0.01,0.01
30.03.2021 06:38:57.951 GMT-0700,53.173,53.117,0,0.01
30.03.2021 06:38:58.051 GMT-0700,53.184,53.11600000000001,0.01,0.01
30.03.2021 06:38:59.873 GMT-0700,53.173,53.117,0.0075,0.01
30.03.2021 06:39:00.343 GMT-0700,53.133,53.117,0.0075,0
30.03.2021 06:39:00.393 GMT-0700,53.163000000000004,53.077,0.01,0.01
30.03.2021 06:39:00.493 GMT-0700,53.143,53.067,0.01,0.01
30.03.2021 06:39:01.246 GMT-0700,53.113,53.037,0.01,0.01
30.03.2021 06:39:01.371 GMT-0700,53.133,53.037,0.01,0.01
30.03.2021 06:39:01.517 GMT-0700,53.114,53.036,0,0.01
30.03.2021 06:39:01.994 GMT-0700,53.114,53.07600000000001,0.0075,0
30.03.2021 06:39:02.049 GMT-0700,53.143,53.037,0.01,0.01
30.03.2021 06:39:02.099 GMT-0700,53.143,53.067,0.01,0.01
30.03.2021 06:39:02.404 GMT-0700,53.143,53.086999999999996,0.01,0
30.03.2021 06:39:02.810 GMT-0700,53.143,53.067,0.01,0.01
30.03.2021 06:39:03.967 GMT-0700,53.153000000000006,53.097,0.01,0.01
30.03.2021 06:39:04.068 GMT-0700,53.163000000000004,53.117,0.01,0.01
30.03.2021 06:39:04.224 GMT-0700,53.183,53.117,0.01,0.01
30.03.2021 06:39:04.467 GMT-0700,53.173,53.117,0,0.01
30.03.2021 06:39:04.617 GMT-0700,53.163000000000004,53.117,0.01,0.01
30.03.2021 06:39:04.814 GMT-0700,53.183,53.117,0.01,0.01
30.03.2021 06:39:04.877 GMT-0700,53.163000000000004,53.117,0.01,0.01
30.03.2021 06:39:04.927 GMT-0700,53.184,53.11600000000001,0.01,0.01
30.03.2021 06:39:04.978 GMT-0700,53.163000000000004,53.117,0.01,0.01
30.03.2021 06:39:05.035 GMT-0700,53.183,53.117,0.01,0.01
30.03.2021 06:39:05.239 GMT-0700,53.163000000000004,53.117,0.01,0.01
30.03.2021 06:39:05.412 GMT-0700,53.184,53.11600000000001,0.01,0.01
30.03.2021 06:39:05.659 GMT-0700,53.173,53.117,0.0075,0.01
30.03.2021 06:39:05.809 GMT-0700,53.183,53.117,0.01,0.01
30.03.2021 06:39:05.977 GMT-0700,53.174,53.11600000000001,0.0075,0.01
30.03.2021 06:39:06.146 GMT-0700,53.193000000000005,53.117,0.01,0.01
30.03.2021 06:39:06.249 GMT-0700,53.193000000000005,53.127,0.01,0
30.03.2021 06:39:08.085 GMT-0700,53.223000000000006,53.187,0.01,0.01
30.03.2021 06:39:08.136 GMT-0700,53.223000000000006,53.167,0.01,0.01
30.03.2021 06:39:08.186 GMT-0700,53.243,53.187,0.01,0.01
30.03.2021 06:39:08.331 GMT-0700,53.223000000000006,53.187,0.01,0.01
30.03.2021 06:39:08.382 GMT-0700,53.243,53.187,0.01,0.01
30.03.2021 06:39:08.777 GMT-0700,53.203,53.187,0.0075,0
30.03.2021 06:39:08.827 GMT-0700,53.223000000000006,53.157,0.01,0.01
30.03.2021 06:39:09.179 GMT-0700,53.243,53.157,0.01,0.01
30.03.2021 06:39:09.255 GMT-0700,53.233000000000004,53.157,0,0.01
30.03.2021 06:39:09.405 GMT-0700,53.243,53.157,0.01,0.01
30.03.2021 06:39:09.484 GMT-0700,53.243,53.187,0.01,0.0075
30.03.2021 06:39:10.067 GMT-0700,53.243,53.157,0.01,0.01
30.03.2021 06:39:10.159 GMT-0700,53.243,53.187,0.01,0
30.03.2021 06:39:10.463 GMT-0700,53.243,53.157,0.01,0.01
30.03.2021 06:39:10.776 GMT-0700,53.243,53.207,0,0.0075
30.03.2021 06:39:10.826 GMT-0700,53.263000000000005,53.207,0.01,0.01
30.03.2021 06:39:10.961 GMT-0700,53.254,53.206,0,0.01
30.03.2021 06:39:11.011 GMT-0700,53.263000000000005,53.207,0.01,0.01
30.03.2021 06:39:11.117 GMT-0700,53.263999999999996,53.236000000000004,0.0075,0
30.03.2021 06:39:11.167 GMT-0700,53.283,53.217,0.01,0.01
30.03.2021 06:39:11.217 GMT-0700,53.283,53.237,0.01,0.01
30.03.2021 06:39:11.275 GMT-0700,53.293000000000006,53.217,0.01,0.01
30.03.2021 06:39:12.083 GMT-0700,53.283,53.217,0,0.01
30.03.2021 06:39:12.312 GMT-0700,53.293000000000006,53.217,0.01,0.01
30.03.2021 06:39:13.563 GMT-0700,53.283,53.217,0,0.01
30.03.2021 06:39:13.939 GMT-0700,53.293000000000006,53.217,0.01,0.01
30.03.2021 06:39:14.327 GMT-0700,53.314,53.246,0.01,0.01
30.03.2021 06:39:14.710 GMT-0700,53.313,53.217,0.01,0.01
30.03.2021 06:39:14.980 GMT-0700,53.313,53.247,0.01,0.01
30.03.2021 06:39:15.129 GMT-0700,53.313,53.257,0.0075,0
30.03.2021 06:39:15.179 GMT-0700,53.323,53.257,0.01,0.01
30.03.2021 06:39:15.957 GMT-0700,53.324,53.246,0.01,0.01
30.03.2021 06:39:16.729 GMT-0700,53.323,53.257,0.01,0
30.03.2021 06:39:16.780 GMT-0700,53.323,53.247,0.01,0.01
30.03.2021 06:39:18.650 GMT-0700,53.283,53.247,0.0075,0.01
30.03.2021 06:39:18.700 GMT-0700,53.323,53.247,0.01,0.01
30.03.2021 06:39:20.396 GMT-0700,53.333000000000006,53.266999999999996,0.01,0.01
30.03.2021 06:39:20.446 GMT-0700,53.333000000000006,53.257,0.01,0.01
30.03.2021 06:39:21.110 GMT-0700,53.313,53.247,0.01,0.01
30.03.2021 06:39:23.766 GMT-0700,53.273,53.247,0.0075,0
30.03.2021 06:39:23.817 GMT-0700,53.313,53.207,0.01,0.01
30.03.2021 06:39:23.900 GMT-0700,53.313,53.217,0.01,0.0075
30.03.2021 06:39:24.562 GMT-0700,53.303000000000004,53.217,0,0.01
30.03.2021 06:39:24.828 GMT-0700,53.314,53.21600000000001,0.01,0.01
30.03.2021 06:39:25.199 GMT-0700,53.273,53.207,0.01,0.01
30.03.2021 06:39:25.615 GMT-0700,53.313,53.207,0.01,0.01
30.03.2021 06:39:25.728 GMT-0700,53.273,53.207,0,0.01
30.03.2021 06:39:25.925 GMT-0700,53.273,53.187,0.01,0.01
30.03.2021 06:39:26.103 GMT-0700,53.273,53.217,0.0075,0
30.03.2021 06:39:26.154 GMT-0700,53.273,53.197,0.01,0.01
30.03.2021 06:39:26.254 GMT-0700,53.273,53.217,0.01,0.01
30.03.2021 06:39:26.307 GMT-0700,53.273,53.187,0.01,0.01
30.03.2021 06:39:26.861 GMT-0700,53.273,53.217,0.0075,0
