Local time,Ask,Bid,AskVolume,BidVolume
01.04.2021 06:30:00.635 GMT-0700,55.683,55.586999999999996,0.01,0.01
01.04.2021 06:30:01.072 GMT-0700,55.623000000000005,55.586999999999996,0,0.01
01.04.2021 06:30:01.173 GMT-0700,55.613,55.597,0.01,0.01
01.04.2021 06:30:01.223 GMT-0700,55.683,55.467,0.01,0.01
01.04.2021 06:30:01.285 GMT-0700,55.583999999999996,55.46600000000001,0,0.01
01.04.2021 06:30:01.335 GMT-0700,55.683,55.467,0.01,0.01
01.04.2021 06:30:01.544 GMT-0700,55.593,55.467,0,0.01
01.04.2021 06:30:01.694 GMT-0700,55.533,55.467,0.01,0.01
01.04.2021 06:30:01.945 GMT-0700,55.493,54.997,0.01,0.01
01.04.2021 06:30:02.141 GMT-0700,55.473000000000006,54.997,0.01,0.01
01.04.2021 06:30:02.414 GMT-0700,55.453,54.997,0,0.01
01.04.2021 06:30:03.248 GMT-0700,55.453,55.407,0.01,0
01.04.2021 06:30:03.298 GMT-0700,55.493,54.997,0.01,0.01
01.04.2021 06:30:03.348 GMT-0700,55.464,54.996,0.01,0.01
01.04.2021 06:30:03.449 GMT-0700,55.453,55.367,0.01,0.01
01.04.2021 06:30:03.724 GMT-0700,55.433,55.367,0,0.01
01.04.2021 06:30:03.775 GMT-0700,55.363,54.997,0.01,0.01
01.04.2021 06:30:03.830 GMT-0700,55.353,54.997,0.01,0.01
01.04.2021 06:30:03.968 GMT-0700,55.313,55.016999999999996,0.01,0.01
01.04.2021 06:30:04.156 GMT-0700,55.303000000000004,55.247,0.01,0.01
01.04.2021 06:30:04.256 GMT-0700,55.263000000000005,55.016999999999996,0.01,0.01
01.04.2021 06:30:04.463 GMT-0700,55.263999999999996,55.187,0.01,0
01.04.2021 06:30:04.563 GMT-0700,55.263000000000005,55.016999999999996,0.01,0.01
01.04.2021 06:30:04.816 GMT-0700,55.263000000000005,55.177,0.01,0.0075
01.04.2021 06:30:04.867 GMT-0700,55.303000000000004,55.207,0.01,0.01
01.04.2021 06:30:05.181 GMT-0700,55.283,55.207,0.01,0.01
01.04.2021 06:30:05.371 GMT-0700,55.303999999999995,55.266000000000005,0.0075,0.01
01.04.2021 06:30:05.421 GMT-0700,55.333999999999996,55.276,0.01,0.01
01.04.2021 06:30:05.517 GMT-0700,55.333000000000006,55.297,0.0075,0
01.04.2021 06:30:05.567 GMT-0700,55.343,55.297,0.01,0.01
01.04.2021 06:30:05.852 GMT-0700,55.343,55.307,0.01,0
01.04.2021 06:30:06.143 GMT-0700,55.273,55.217,0.01,0.01
01.04.2021 06:30:06.618 GMT-0700,55.273,55.207,0.01,0.01
01.04.2021 06:30:06.849 GMT-0700,55.263000000000005,55.207,0.0075,0.01
01.04.2021 06:30:07.077 GMT-0700,55.273,55.207,0.01,0.01
01.04.2021 06:30:07.142 GMT-0700,55.253,55.207,0.01,0.01
01.04.2021 06:30:07.329 GMT-0700,55.263000000000005,55.207,0.01,0.01
01.04.2021 06:30:07.653 GMT-0700,55.263000000000005,55.187,0.01,0.01
01.04.2021 06:30:07.906 GMT-0700,55.253,55.187,0,0.01
01.04.2021 06:30:07.956 GMT-0700,55.213,55.117,0.01,0.01
01.04.2021 06:30:08.007 GMT-0700,55.204,55.14600000000001,0.01,0.01
01.04.2021 06:30:08.126 GMT-0700,55.193000000000005,55.147,0.01,0.01
01.04.2021 06:30:09.129 GMT-0700,55.183,55.147,0.01,0.01
01.04.2021 06:30:09.276 GMT-0700,55.163000000000004,55.067,0.01,0.01
01.04.2021 06:30:09.409 GMT-0700,55.163000000000004,55.086999999999996,0.01,0.01
01.04.2021 06:30:09.510 GMT-0700,55.133,55.086999999999996,0.01,0.01
01.04.2021 06:30:09.712 GMT-0700,55.143,55.086999999999996,0.01,0.01
01.04.2021 06:30:09.816 GMT-0700,55.143,55.077,0.01,0.01
01.04.2021 06:30:09.898 GMT-0700,55.143,55.097,0.01,0
01.04.2021 06:30:10.668 GMT-0700,55.145,55.117,0.0075,0
01.04.2021 06:30:10.719 GMT-0700,55.203,55.097,0.01,0.01
01.04.2021 06:30:10.769 GMT-0700,55.153000000000006,55.097,0.01,0.01
01.04.2021 06:30:12.224 GMT-0700,55.155,55.127,0,0.0075
01.04.2021 06:30:12.274 GMT-0700,55.153000000000006,55.097,0.01,0.01
01.04.2021 06:30:12.325 GMT-0700,55.223000000000006,55.097,0.01,0.01
01.04.2021 06:30:12.447 GMT-0700,55.153000000000006,55.097,0.01,0.01
01.04.2021 06:30:12.610 GMT-0700,55.144,55.096000000000004,0,0.01
01.04.2021 06:30:12.721 GMT-0700,55.145,55.117,0.0075,0
01.04.2021 06:30:12.772 GMT-0700,55.263999999999996,55.196000000000005,0.01,0.01
01.04.2021 06:30:13.263 GMT-0700,55.263000000000005,55.236000000000004,0.0075,0
01.04.2021 06:30:13.314 GMT-0700,55.314,55.226000000000006,0.01,0.01
01.04.2021 06:30:13.448 GMT-0700,55.313,55.197,0.01,0.01
01.04.2021 06:30:14.347 GMT-0700,55.303000000000004,55.197,0.0075,0.01
01.04.2021 06:30:14.924 GMT-0700,55.313,55.197,0.01,0.01
01.04.2021 06:30:14.997 GMT-0700,55.293000000000006,55.197,0,0.01
01.04.2021 06:30:15.624 GMT-0700,55.313,55.197,0.01,0.01
01.04.2021 06:30:15.680 GMT-0700,55.283,55.197,0.01,0.01
01.04.2021 06:30:15.831 GMT-0700,55.243,55.177,0.01,0.01
01.04.2021 06:30:15.881 GMT-0700,55.263000000000005,55.147,0.01,0.01
01.04.2021 06:30:15.982 GMT-0700,55.243,55.107,0.01,0.01
01.04.2021 06:30:16.032 GMT-0700,55.193000000000005,55.107,0.01,0.01
01.04.2021 06:30:16.083 GMT-0700,55.193000000000005,55.077,0.01,0.01
01.04.2021 06:30:16.422 GMT-0700,55.193000000000005,55.086999999999996,0.01,0.01
01.04.2021 06:30:16.487 GMT-0700,55.193000000000005,55.067,0.01,0.01
01.04.2021 06:30:16.537 GMT-0700,55.193000000000005,55.077,0.01,0.01
01.04.2021 06:30:17.853 GMT-0700,55.193000000000005,55.107,0.01,0.0075
01.04.2021 06:30:18.267 GMT-0700,55.193000000000005,55.077,0.01,0.01
01.04.2021 06:30:18.491 GMT-0700,55.193000000000005,55.086999999999996,0.01,0.0075
01.04.2021 06:30:18.541 GMT-0700,55.193000000000005,55.077,0.01,0.01
01.04.2021 06:30:18.722 GMT-0700,55.193000000000005,55.127,0.01,0
01.04.2021 06:30:19.914 GMT-0700,55.145,55.127,0.0075,0
01.04.2021 06:30:19.965 GMT-0700,55.163000000000004,55.117,0.01,0.01
01.04.2021 06:30:20.018 GMT-0700,55.143,55.117,0.0075,0
01.04.2021 06:30:20.068 GMT-0700,55.123000000000005,55.016999999999996,0.01,0.01
01.04.2021 06:30:20.187 GMT-0700,55.113,55.007,0.01,0.01
01.04.2021 06:30:21.970 GMT-0700,55.123000000000005,55.027,0.01,0.01
01.04.2021 06:30:23.973 GMT-0700,55.163000000000004,55.027,0.01,0.01
01.04.2021 06:30:24.026 GMT-0700,55.153000000000006,55.007,0.01,0.01
01.04.2021 06:30:24.088 GMT-0700,55.163000000000004,55.007,0.01,0.01
01.04.2021 06:30:24.825 GMT-0700,55.153000000000006,55.007,0.0075,0.01
01.04.2021 06:30:25.163 GMT-0700,55.113,55.007,0.01,0.01
01.04.2021 06:30:25.441 GMT-0700,55.103,55.007,0.0075,0
01.04.2021 06:30:25.491 GMT-0700,55.103,54.997,0.01,0.01
01.04.2021 06:30:26.899 GMT-0700,55.103,55.047,0.01,0
01.04.2021 06:30:28.660 GMT-0700,55.083000000000006,55.047,0.01,0.01
01.04.2021 06:30:29.579 GMT-0700,55.083000000000006,55.027,0.01,0.01
01.04.2021 06:30:29.630 GMT-0700,55.193000000000005,55.067,0.01,0.01
01.04.2021 06:30:29.680 GMT-0700,55.163000000000004,55.047,0.01,0.01
01.04.2021 06:30:29.785 GMT-0700,55.153000000000006,55.086999999999996,0.01,0.01
01.04.2021 06:30:29.936 GMT-0700,55.133,55.086999999999996,0.01,0.01
01.04.2021 06:30:30.080 GMT-0700,55.153000000000006,55.027,0.01,0.01
01.04.2021 06:30:30.181 GMT-0700,55.133,55.027,0.01,0.01
01.04.2021 06:30:30.379 GMT-0700,55.103,55.027,0.01,0.01
01.04.2021 06:30:30.623 GMT-0700,55.083000000000006,55.007,0.01,0.01
01.04.2021 06:30:30.724 GMT-0700,55.093,55.007,0.01,0.01
01.04.2021 06:30:30.774 GMT-0700,55.083000000000006,55.007,0.01,0.01
01.04.2021 06:30:30.824 GMT-0700,54.993,54.917,0.01,0.01
01.04.2021 06:30:30.968 GMT-0700,54.983000000000004,54.917,0.01,0.01
01.04.2021 06:30:31.082 GMT-0700,54.973000000000006,54.917,0,0.01
01.04.2021 06:30:31.133 GMT-0700,54.943999999999996,54.836000000000006,0.01,0.01
01.04.2021 06:30:31.183 GMT-0700,54.943000000000005,54.887,0.01,0.01
01.04.2021 06:30:31.590 GMT-0700,54.923,54.887,0.01,0.01
01.04.2021 06:30:31.723 GMT-0700,54.973000000000006,54.887,0.01,0.01
01.04.2021 06:30:31.774 GMT-0700,54.973000000000006,54.836999999999996,0.01,0.01
01.04.2021 06:30:31.824 GMT-0700,54.913000000000004,54.827,0.01,0.01
01.04.2021 06:30:31.874 GMT-0700,54.973000000000006,54.827,0.01,0.01
01.04.2021 06:30:31.924 GMT-0700,54.903000000000006,54.827,0.01,0.01
01.04.2021 06:30:32.098 GMT-0700,54.894,54.846000000000004,0.01,0.01
01.04.2021 06:30:32.246 GMT-0700,54.893,54.827,0.01,0.01
01.04.2021 06:30:32.297 GMT-0700,54.903000000000006,54.827,0.01,0.01
01.04.2021 06:30:32.432 GMT-0700,54.873000000000005,54.827,0.0075,0
01.04.2021 06:30:32.482 GMT-0700,54.903000000000006,54.757,0.01,0.01
01.04.2021 06:30:32.532 GMT-0700,54.903000000000006,54.766999999999996,0.01,0.01
01.04.2021 06:30:33.483 GMT-0700,54.903000000000006,54.817,0.01,0
01.04.2021 06:30:35.687 GMT-0700,54.903000000000006,54.836999999999996,0.01,0.0075
01.04.2021 06:30:35.737 GMT-0700,54.893,54.817,0.01,0.01
01.04.2021 06:30:35.875 GMT-0700,54.893,54.877,0,0.0075
01.04.2021 06:30:35.925 GMT-0700,54.943000000000005,54.867,0.01,0.01
01.04.2021 06:30:35.976 GMT-0700,54.953,54.857,0.01,0.01
01.04.2021 06:30:36.076 GMT-0700,54.973000000000006,54.877,0.01,0.01
01.04.2021 06:30:36.214 GMT-0700,54.913000000000004,54.827,0.01,0.01
01.04.2021 06:30:36.264 GMT-0700,54.943000000000005,54.827,0.01,0.01
01.04.2021 06:30:36.355 GMT-0700,55.033,54.897,0.01,0.01
01.04.2021 06:30:36.406 GMT-0700,55.033,54.957,0.01,0
01.04.2021 06:30:36.456 GMT-0700,55.013000000000005,54.887,0.01,0.01
01.04.2021 06:30:36.718 GMT-0700,55.033,54.887,0.01,0.0075
01.04.2021 06:30:36.769 GMT-0700,55.033,54.927,0.01,0
01.04.2021 06:30:36.869 GMT-0700,55.033,54.897,0.01,0.01
01.04.2021 06:30:36.944 GMT-0700,55.003,54.897,0,0.01
01.04.2021 06:30:37.514 GMT-0700,54.973000000000006,54.897,0,0.01
01.04.2021 06:30:37.738 GMT-0700,55.023,54.897,0.01,0.01
01.04.2021 06:30:37.839 GMT-0700,55.023,54.937,0.01,0.01
01.04.2021 06:30:37.889 GMT-0700,55.023,54.897,0.01,0.01
01.04.2021 06:30:37.940 GMT-0700,55.023,54.937,0.01,0.01
01.04.2021 06:30:37.990 GMT-0700,55.023,54.897,0.01,0.01
01.04.2021 06:30:38.085 GMT-0700,55.023,54.977,0.0075,0
01.04.2021 06:30:38.186 GMT-0700,55.153000000000006,55.007,0.01,0.01
01.04.2021 06:30:38.514 GMT-0700,55.153000000000006,54.987,0.01,0.01
01.04.2021 06:30:38.564 GMT-0700,55.153000000000006,55.007,0.01,0.01
01.04.2021 06:30:39.130 GMT-0700,55.143,55.007,0,0.01
01.04.2021 06:30:39.231 GMT-0700,55.153000000000006,55.007,0.01,0.01
01.04.2021 06:30:39.427 GMT-0700,55.153000000000006,55.057,0.01,0
01.04.2021 06:30:40.002 GMT-0700,55.133,55.077,0.01,0.01
01.04.2021 06:30:40.053 GMT-0700,55.153999999999996,55.036,0.01,0.01
01.04.2021 06:30:40.386 GMT-0700,55.153000000000006,55.067,0.01,0
01.04.2021 06:30:40.537 GMT-0700,55.143,55.067,0.01,0.01
01.04.2021 06:30:40.587 GMT-0700,55.153000000000006,55.067,0.01,0.01
01.04.2021 06:30:40.637 GMT-0700,55.163000000000004,55.107,0.01,0.01
01.04.2021 06:30:40.687 GMT-0700,55.233000000000004,55.107,0.01,0.01
01.04.2021 06:30:41.284 GMT-0700,55.223000000000006,55.107,0,0.01
01.04.2021 06:30:41.396 GMT-0700,55.233000000000004,55.107,0.01,0.01
01.04.2021 06:30:42.129 GMT-0700,55.223000000000006,55.107,0.0075,0.01
01.04.2021 06:30:42.324 GMT-0700,55.233000000000004,55.107,0.01,0.01
01.04.2021 06:30:42.749 GMT-0700,55.233000000000004,55.097,0.01,0.01
01.04.2021 06:30:42.799 GMT-0700,55.233000000000004,55.107,0.01,0.01
01.04.2021 06:30:43.244 GMT-0700,55.223000000000006,55.137,0.0075,0.0075
01.04.2021 06:30:43.345 GMT-0700,55.203,55.137,0.01,0.01
01.04.2021 06:30:43.395 GMT-0700,55.233000000000004,55.137,0.01,0.01
01.04.2021 06:30:44.070 GMT-0700,55.223000000000006,55.137,0.0075,0.01
01.04.2021 06:30:44.171 GMT-0700,55.233000000000004,55.137,0.01,0.01
01.04.2021 06:30:44.221 GMT-0700,55.173,55.107,0.01,0.01
01.04.2021 06:30:44.272 GMT-0700,55.153000000000006,55.037,0.01,0.01
01.04.2021 06:30:44.517 GMT-0700,55.103,54.987,0.01,0.01
01.04.2021 06:30:44.618 GMT-0700,55.113,54.987,0.01,0.01
01.04.2021 06:30:45.183 GMT-0700,55.113,55.007,0.01,0
01.04.2021 06:30:46.167 GMT-0700,55.113,55.047,0.0075,0
01.04.2021 06:30:46.397 GMT-0700,55.123000000000005,55.047,0.01,0.01
01.04.2021 06:30:46.939 GMT-0700,55.073,55.047,0,0.0075
01.04.2021 06:30:46.989 GMT-0700,55.123000000000005,55.027,0.01,0.01
01.04.2021 06:30:48.460 GMT-0700,55.123000000000005,55.016999999999996,0.01,0.01
01.04.2021 06:30:48.957 GMT-0700,55.113,55.016999999999996,0.0075,0
01.04.2021 06:30:49.007 GMT-0700,55.133,54.997,0.01,0.01
01.04.2021 06:30:49.210 GMT-0700,55.123000000000005,55.067,0,0
01.04.2021 06:30:49.261 GMT-0700,55.133,55.067,0.01,0.01
01.04.2021 06:30:49.408 GMT-0700,55.123999999999995,55.066,0,0.0075
01.04.2021 06:30:49.458 GMT-0700,55.133,55.016999999999996,0.01,0.01
01.04.2021 06:30:49.508 GMT-0700,55.133,55.027,0.01,0.01
01.04.2021 06:30:49.559 GMT-0700,55.133,55.016999999999996,0.01,0.01
01.04.2021 06:30:49.609 GMT-0700,55.133,55.057,0.01,0.01
01.04.2021 06:30:49.786 GMT-0700,55.113,55.057,0.01,0.01
01.04.2021 06:30:49.906 GMT-0700,55.123000000000005,55.057,0.01,0.01
01.04.2021 06:30:50.118 GMT-0700,55.073,54.997,0.01,0.01
01.04.2021 06:30:50.277 GMT-0700,55.093999999999994,54.996,0.01,0.01
01.04.2021 06:30:50.328 GMT-0700,55.064,54.996,0.01,0.01
01.04.2021 06:30:50.428 GMT-0700,55.093,54.997,0.01,0.01
01.04.2021 06:30:50.504 GMT-0700,55.063,54.997,0.01,0.01
01.04.2021 06:30:50.836 GMT-0700,55.063,54.987,0.01,0.01
01.04.2021 06:30:51.165 GMT-0700,55.063,55.007,0.01,0.0075
01.04.2021 06:30:51.216 GMT-0700,55.093,55.007,0.01,0.01
01.04.2021 06:30:52.003 GMT-0700,55.063,55.007,0,0.01
01.04.2021 06:30:52.104 GMT-0700,55.123000000000005,55.007,0.01,0.01
01.04.2021 06:30:53.063 GMT-0700,55.123000000000005,55.077,0.01,0
01.04.2021 06:30:53.114 GMT-0700,55.163000000000004,55.077,0.01,0.01
01.04.2021 06:30:53.525 GMT-0700,55.224,55.11600000000001,0.01,0
01.04.2021 06:30:53.626 GMT-0700,55.223000000000006,55.077,0.01,0.01
01.04.2021 06:30:54.243 GMT-0700,55.213,55.086999999999996,0,0
01.04.2021 06:30:54.293 GMT-0700,55.223000000000006,55.077,0.01,0.01
01.04.2021 06:30:54.595 GMT-0700,55.223000000000006,55.117,0.01,0
01.04.2021 06:30:54.912 GMT-0700,55.223000000000006,55.077,0.01,0.01
01.04.2021 06:30:55.067 GMT-0700,55.213,55.086999999999996,0,0
01.04.2021 06:30:55.168 GMT-0700,55.223000000000006,55.077,0.01,0.01
01.04.2021 06:30:55.218 GMT-0700,55.223000000000006,55.117,0.01,0.01
01.04.2021 06:30:55.531 GMT-0700,55.213,55.117,0.01,0.01
01.04.2021 06:30:55.631 GMT-0700,55.223000000000006,55.086999999999996,0.01,0.01
01.04.2021 06:30:55.749 GMT-0700,55.213,55.086999999999996,0,0.01
01.04.2021 06:30:55.850 GMT-0700,55.213,55.147,0.01,0.01
01.04.2021 06:30:56.018 GMT-0700,55.223000000000006,55.167,0,0.0075
01.04.2021 06:30:56.068 GMT-0700,55.313,55.157,0.01,0.01
01.04.2021 06:30:56.324 GMT-0700,55.313,55.167,0.01,0
01.04.2021 06:30:56.375 GMT-0700,55.313,55.157,0.01,0.01
01.04.2021 06:30:56.425 GMT-0700,55.313,55.187,0.01,0.01
01.04.2021 06:30:56.576 GMT-0700,55.233000000000004,55.157,0.01,0.01
01.04.2021 06:30:56.727 GMT-0700,55.233000000000004,55.167,0.01,0.01
01.04.2021 06:30:56.940 GMT-0700,55.233000000000004,55.177,0.01,0.01
01.04.2021 06:30:56.990 GMT-0700,55.243,55.167,0.01,0.01
01.04.2021 06:30:57.220 GMT-0700,55.233000000000004,55.177,0.01,0.01
01.04.2021 06:30:57.279 GMT-0700,55.243,55.177,0.01,0.01
01.04.2021 06:30:57.525 GMT-0700,55.243,55.157,0.01,0.01
01.04.2021 06:30:58.429 GMT-0700,55.243,55.167,0.0075,0
01.04.2021 06:30:58.479 GMT-0700,55.263000000000005,55.167,0.01,0.01
01.04.2021 06:30:58.530 GMT-0700,55.243,55.157,0.01,0.01
01.04.2021 06:30:58.580 GMT-0700,55.263999999999996,55.156000000000006,0.01,0.01
01.04.2021 06:30:58.630 GMT-0700,55.233000000000004,55.157,0.01,0.01
01.04.2021 06:30:58.680 GMT-0700,55.263000000000005,55.157,0.01,0.01
01.04.2021 06:30:58.731 GMT-0700,55.233000000000004,55.157,0.01,0.01
01.04.2021 06:30:58.841 GMT-0700,55.233000000000004,55.187,0.01,0.01
01.04.2021 06:30:58.891 GMT-0700,55.263000000000005,55.187,0.01,0.01
01.04.2021 06:30:58.977 GMT-0700,55.243,55.187,0.0075,0.01
01.04.2021 06:30:59.127 GMT-0700,55.263000000000005,55.187,0.01,0.01
01.04.2021 06:30:59.178 GMT-0700,55.253,55.187,0.01,0.01
01.04.2021 06:31:00.079 GMT-0700,55.233999999999995,55.18600000000001,0.01,0.01
01.04.2021 06:31:00.186 GMT-0700,55.233000000000004,55.197,0.01,0.01
01.04.2021 06:31:00.236 GMT-0700,55.253,55.187,0.01,0.01
01.04.2021 06:31:01.142 GMT-0700,55.253,55.207,0.0075,0
01.04.2021 06:31:01.192 GMT-0700,55.263000000000005,55.207,0.01,0.01
01.04.2021 06:31:01.319 GMT-0700,55.218,55.207,0,0.0075
01.04.2021 06:31:01.370 GMT-0700,55.233000000000004,55.187,0.01,0.01
01.04.2021 06:31:01.470 GMT-0700,55.223000000000006,55.187,0.01,0.01
01.04.2021 06:31:01.616 GMT-0700,55.213,55.187,0,0.0075
01.04.2021 06:31:01.667 GMT-0700,55.193000000000005,55.097,0.01,0.01
01.04.2021 06:31:01.767 GMT-0700,55.214,55.126000000000005,0.01,0.01
01.04.2021 06:31:01.920 GMT-0700,55.213,55.086999999999996,0.01,0.01
01.04.2021 06:31:01.998 GMT-0700,55.193000000000005,55.086999999999996,0,0.01
01.04.2021 06:31:02.153 GMT-0700,55.173,55.086999999999996,0,0.01
01.04.2021 06:31:02.303 GMT-0700,55.163000000000004,55.086999999999996,0.01,0.01
01.04.2021 06:31:02.354 GMT-0700,55.173,55.086999999999996,0.01,0.01
01.04.2021 06:31:02.638 GMT-0700,55.133,55.086999999999996,0,0.0075
01.04.2021 06:31:02.689 GMT-0700,55.173,55.077,0.01,0.01
01.04.2021 06:31:02.891 GMT-0700,55.153000000000006,55.077,0,0.01
01.04.2021 06:31:03.083 GMT-0700,55.173,55.077,0.01,0.01
01.04.2021 06:31:03.237 GMT-0700,55.123000000000005,55.077,0,0.01
01.04.2021 06:31:03.615 GMT-0700,55.173,55.077,0.01,0.01
01.04.2021 06:31:04.010 GMT-0700,55.173,55.127,0.0075,0
01.04.2021 06:31:04.060 GMT-0700,55.184,55.11600000000001,0.01,0.01
01.04.2021 06:31:05.072 GMT-0700,55.163000000000004,55.117,0.0075,0.01
01.04.2021 06:31:05.244 GMT-0700,55.213,55.117,0.01,0.01
01.04.2021 06:31:05.640 GMT-0700,55.204,55.11600000000001,0,0.01
01.04.2021 06:31:05.752 GMT-0700,55.213,55.117,0.01,0.01
01.04.2021 06:31:06.120 GMT-0700,55.163000000000004,55.117,0,0.01
01.04.2021 06:31:06.585 GMT-0700,55.193000000000005,55.147,0.01,0.01
01.04.2021 06:31:07.091 GMT-0700,55.193000000000005,55.117,0.01,0.01
01.04.2021 06:31:07.197 GMT-0700,55.193000000000005,55.147,0.01,0.01
01.04.2021 06:31:07.493 GMT-0700,55.203,55.147,0.01,0.01
01.04.2021 06:31:07.658 GMT-0700,55.163000000000004,55.077,0.01,0.01
01.04.2021 06:31:07.711 GMT-0700,55.173,55.077,0.01,0.01
01.04.2021 06:31:07.761 GMT-0700,55.173,55.117,0.01,0.01
01.04.2021 06:31:07.811 GMT-0700,55.183,55.077,0.01,0.01
01.04.2021 06:31:08.277 GMT-0700,55.183,55.086999999999996,0.01,0
01.04.2021 06:31:08.856 GMT-0700,55.183,55.117,0.0075,0.01
01.04.2021 06:31:08.956 GMT-0700,55.213,55.127,0.01,0.01
01.04.2021 06:31:09.006 GMT-0700,55.233000000000004,55.157,0.01,0.01
01.04.2021 06:31:09.107 GMT-0700,55.233999999999995,55.166000000000004,0.01,0.01
01.04.2021 06:31:09.213 GMT-0700,55.213,55.167,0,0.01
01.04.2021 06:31:09.263 GMT-0700,55.193999999999996,55.126000000000005,0.01,0.01
01.04.2021 06:31:09.338 GMT-0700,55.193000000000005,55.147,0.0075,0
01.04.2021 06:31:09.388 GMT-0700,55.203,55.147,0.01,0.01
01.04.2021 06:31:09.439 GMT-0700,55.193000000000005,55.147,0.01,0.01
01.04.2021 06:31:09.489 GMT-0700,55.203,55.147,0.01,0.01
01.04.2021 06:31:10.095 GMT-0700,55.183,55.147,0,0.0075
01.04.2021 06:31:10.146 GMT-0700,55.203,55.127,0.01,0.01
01.04.2021 06:31:10.199 GMT-0700,55.204,55.14600000000001,0.01,0
01.04.2021 06:31:11.529 GMT-0700,55.183,55.147,0.0075,0
01.04.2021 06:31:11.580 GMT-0700,55.193000000000005,55.127,0.01,0.01
01.04.2021 06:31:11.630 GMT-0700,55.204,55.14600000000001,0.01,0.01
01.04.2021 06:31:11.875 GMT-0700,55.203,55.127,0.01,0.01
01.04.2021 06:31:11.925 GMT-0700,55.203,55.147,0.01,0.01
01.04.2021 06:31:12.063 GMT-0700,55.193000000000005,55.147,0.01,0.01
01.04.2021 06:31:12.163 GMT-0700,55.203,55.147,0.01,0.01
01.04.2021 06:31:13.205 GMT-0700,55.203,55.167,0.01,0
01.04.2021 06:31:13.255 GMT-0700,55.203,55.147,0.01,0.01
01.04.2021 06:31:13.306 GMT-0700,55.203,55.167,0.01,0.01
01.04.2021 06:31:13.356 GMT-0700,55.233000000000004,55.147,0.01,0.01
01.04.2021 06:31:13.469 GMT-0700,55.233000000000004,55.167,0.01,0.01
01.04.2021 06:31:14.831 GMT-0700,55.233999999999995,55.14600000000001,0.01,0.01
01.04.2021 06:31:14.942 GMT-0700,55.233999999999995,55.166000000000004,0.01,0
01.04.2021 06:31:15.143 GMT-0700,55.233000000000004,55.187,0.01,0
01.04.2021 06:31:15.194 GMT-0700,55.233000000000004,55.177,0.01,0.01
01.04.2021 06:31:15.572 GMT-0700,55.213,55.177,0,0.0075
01.04.2021 06:31:15.625 GMT-0700,55.213,55.137,0.01,0.01
01.04.2021 06:31:15.810 GMT-0700,55.193000000000005,55.117,0.01,0.01
01.04.2021 06:31:16.205 GMT-0700,55.193999999999996,55.136,0,0.0075
01.04.2021 06:31:16.255 GMT-0700,55.213,55.137,0.01,0.01
01.04.2021 06:31:16.482 GMT-0700,55.203,55.137,0.0075,0.01
01.04.2021 06:31:16.583 GMT-0700,55.193000000000005,55.137,0.01,0.01
01.04.2021 06:31:16.793 GMT-0700,55.213,55.137,0.01,0.01
01.04.2021 06:31:16.995 GMT-0700,55.213,55.157,0.0075,0
01.04.2021 06:31:17.046 GMT-0700,55.213,55.137,0.01,0.01
01.04.2021 06:31:18.089 GMT-0700,55.193000000000005,55.137,0,0.01
01.04.2021 06:31:18.139 GMT-0700,55.213,55.137,0.01,0.01
01.04.2021 06:31:18.916 GMT-0700,55.193000000000005,55.137,0.0075,0
01.04.2021 06:31:18.967 GMT-0700,55.193000000000005,55.117,0.01,0.01
01.04.2021 06:31:19.115 GMT-0700,55.193999999999996,55.136,0.01,0
01.04.2021 06:31:19.166 GMT-0700,55.213,55.137,0.01,0.01
01.04.2021 06:31:19.849 GMT-0700,55.213,55.157,0.01,0.0075
01.04.2021 06:31:19.899 GMT-0700,55.193000000000005,55.117,0.01,0.01
01.04.2021 06:31:20.037 GMT-0700,55.193000000000005,55.137,0.01,0
01.04.2021 06:31:20.138 GMT-0700,55.193000000000005,55.117,0.01,0.01
01.04.2021 06:31:20.347 GMT-0700,55.193999999999996,55.136,0.01,0
01.04.2021 06:31:20.397 GMT-0700,55.204,55.136,0.01,0.01
01.04.2021 06:31:20.447 GMT-0700,55.203,55.147,0.01,0.01
01.04.2021 06:31:20.692 GMT-0700,55.203,55.157,0.01,0.0075
01.04.2021 06:31:20.742 GMT-0700,55.213,55.137,0.01,0.01
01.04.2021 06:31:22.922 GMT-0700,55.223000000000006,55.137,0.01,0.01
01.04.2021 06:31:23.401 GMT-0700,55.223000000000006,55.167,0.01,0
01.04.2021 06:31:23.537 GMT-0700,55.223000000000006,55.177,0.01,0.01
01.04.2021 06:31:24.942 GMT-0700,55.233000000000004,55.177,0.01,0.01
01.04.2021 06:31:25.099 GMT-0700,55.193000000000005,55.177,0,0.0075
01.04.2021 06:31:25.149 GMT-0700,55.223000000000006,55.167,0.01,0.01
01.04.2021 06:31:25.200 GMT-0700,55.233000000000004,55.137,0.01,0.01
01.04.2021 06:31:25.250 GMT-0700,55.233000000000004,55.167,0.01,0.01
01.04.2021 06:31:26.116 GMT-0700,55.203,55.167,0.01,0.01
01.04.2021 06:31:26.166 GMT-0700,55.233000000000004,55.167,0.01,0.01
01.04.2021 06:31:26.596 GMT-0700,55.203,55.167,0.0075,0.01
01.04.2021 06:31:27.219 GMT-0700,55.163000000000004,55.097,0.01,0.01
01.04.2021 06:31:27.356 GMT-0700,55.133,55.097,0,0.0075
01.04.2021 06:31:27.407 GMT-0700,55.153000000000006,55.097,0.01,0.01
01.04.2021 06:31:27.507 GMT-0700,55.203,55.097,0.01,0.01
01.04.2021 06:31:27.934 GMT-0700,55.174,55.096000000000004,0.0075,0.01
01.04.2021 06:31:28.224 GMT-0700,55.173,55.117,0,0.0075
01.04.2021 06:31:28.275 GMT-0700,55.173,55.107,0.01,0.01
01.04.2021 06:31:28.376 GMT-0700,55.173,55.097,0.01,0.01
01.04.2021 06:31:28.476 GMT-0700,55.204,55.11600000000001,0.01,0.01
01.04.2021 06:31:28.548 GMT-0700,55.183,55.117,0.01,0.01
01.04.2021 06:31:29.666 GMT-0700,55.203,55.117,0.01,0.01
01.04.2021 06:31:30.758 GMT-0700,55.183,55.117,0,0.01
01.04.2021 06:31:30.859 GMT-0700,55.203,55.117,0.01,0.01
01.04.2021 06:31:31.149 GMT-0700,55.183,55.117,0.0075,0.01
01.04.2021 06:31:31.534 GMT-0700,55.204,55.11600000000001,0.01,0.01
01.04.2021 06:31:31.584 GMT-0700,55.133,55.057,0.01,0.01
01.04.2021 06:31:31.735 GMT-0700,55.093,55.037,0.01,0.01
01.04.2021 06:31:31.885 GMT-0700,55.063,54.997,0.01,0.01
01.04.2021 06:31:31.935 GMT-0700,55.063,55.007,0.01,0.01
01.04.2021 06:31:31.986 GMT-0700,55.063,54.997,0.01,0.01
01.04.2021 06:31:32.036 GMT-0700,55.063,55.007,0.01,0.01
01.04.2021 06:31:32.086 GMT-0700,55.063,54.997,0.01,0.01
01.04.2021 06:31:32.256 GMT-0700,55.063,55.016999999999996,0.01,0
01.04.2021 06:31:32.357 GMT-0700,55.063,54.997,0.01,0.01
01.04.2021 06:31:32.523 GMT-0700,55.043000000000006,54.997,0.01,0.01
01.04.2021 06:31:32.573 GMT-0700,55.064,54.996,0.01,0.01
01.04.2021 06:31:32.934 GMT-0700,55.043000000000006,54.997,0.01,0.01
01.04.2021 06:31:33.022 GMT-0700,55.063,54.997,0.01,0.01
01.04.2021 06:31:34.581 GMT-0700,55.063,55.016999999999996,0.01,0.0075
01.04.2021 06:31:34.682 GMT-0700,55.063,54.997,0.01,0.01
01.04.2021 06:31:34.936 GMT-0700,55.064,55.00600000000001,0.01,0
01.04.2021 06:31:35.123 GMT-0700,55.063,54.997,0.01,0.01
01.04.2021 06:31:35.174 GMT-0700,55.033,54.997,0,0.01
01.04.2021 06:31:35.225 GMT-0700,55.063,54.997,0.01,0.01
01.04.2021 06:31:37.388 GMT-0700,55.044,54.996,0.01,0.01
01.04.2021 06:31:37.813 GMT-0700,55.063,54.997,0.01,0.01
01.04.2021 06:31:38.016 GMT-0700,55.063,55.007,0,0.0075
01.04.2021 06:31:38.166 GMT-0700,55.043000000000006,54.997,0.01,0.01
01.04.2021 06:31:38.267 GMT-0700,55.013000000000005,54.937,0.01,0.01
01.04.2021 06:31:38.368 GMT-0700,54.993,54.927,0.0075,0.01
01.04.2021 06:31:38.418 GMT-0700,55.003,54.927,0.01,0.01
01.04.2021 06:31:38.498 GMT-0700,54.983000000000004,54.927,0.01,0.01
01.04.2021 06:31:38.888 GMT-0700,54.983999999999995,54.89600000000001,0.01,0.01
01.04.2021 06:31:38.939 GMT-0700,54.983999999999995,54.916000000000004,0.01,0.01
01.04.2021 06:31:39.526 GMT-0700,54.953,54.917,0,0.0075
01.04.2021 06:31:39.576 GMT-0700,54.963,54.897,0.01,0.01
01.04.2021 06:31:40.064 GMT-0700,54.964,54.916000000000004,0,0.0075
01.04.2021 06:31:40.115 GMT-0700,54.983000000000004,54.917,0.01,0.01
01.04.2021 06:31:40.172 GMT-0700,54.983000000000004,54.967,0.0075,0
01.04.2021 06:31:40.222 GMT-0700,55.013000000000005,54.957,0.01,0.01
01.04.2021 06:31:40.323 GMT-0700,55.033,54.987,0.01,0.01
01.04.2021 06:31:40.373 GMT-0700,55.034,54.976000000000006,0,0.01
01.04.2021 06:31:40.532 GMT-0700,55.043000000000006,54.977,0.01,0.01
01.04.2021 06:31:40.582 GMT-0700,55.023,54.977,0.01,0.01
01.04.2021 06:31:40.632 GMT-0700,55.033,54.977,0.01,0.01
01.04.2021 06:31:40.690 GMT-0700,55.023,54.977,0,0.01
01.04.2021 06:31:40.914 GMT-0700,55.013000000000005,54.977,0.01,0.01
01.04.2021 06:31:40.964 GMT-0700,55.023,54.977,0.01,0.01
01.04.2021 06:31:41.311 GMT-0700,55.043000000000006,54.977,0.01,0.01
01.04.2021 06:31:41.675 GMT-0700,55.033,54.977,0.0075,0.01
01.04.2021 06:31:42.207 GMT-0700,55.013000000000005,54.977,0,0.0075
01.04.2021 06:31:42.257 GMT-0700,55.013000000000005,54.967,0.01,0.01
01.04.2021 06:31:42.308 GMT-0700,55.013000000000005,54.947,0.01,0.01
01.04.2021 06:31:42.358 GMT-0700,55.013000000000005,54.967,0.01,0.01
01.04.2021 06:31:43.642 GMT-0700,55.043000000000006,54.977,0.01,0.01
01.04.2021 06:31:44.125 GMT-0700,55.033,54.977,0.0075,0.01
01.04.2021 06:31:44.542 GMT-0700,55.043000000000006,54.977,0.01,0.01
01.04.2021 06:31:44.592 GMT-0700,55.043000000000006,55.027,0.01,0.01
01.04.2021 06:31:44.776 GMT-0700,55.045,55.037,0.0075,0
01.04.2021 06:31:44.826 GMT-0700,55.073,55.037,0.01,0.01
01.04.2021 06:31:45.373 GMT-0700,55.083000000000006,55.037,0.01,0.01
01.04.2021 06:31:47.622 GMT-0700,55.103,55.037,0.01,0.01
01.04.2021 06:31:47.673 GMT-0700,55.083000000000006,55.037,0.01,0.01
01.04.2021 06:31:47.877 GMT-0700,55.048,55.037,0,0.0075
01.04.2021 06:31:47.929 GMT-0700,55.043000000000006,55.027,0.01,0.01
01.04.2021 06:31:48.038 GMT-0700,55.083000000000006,55.037,0.01,0.01
01.04.2021 06:31:48.254 GMT-0700,55.113,55.037,0.01,0.01
01.04.2021 06:31:48.305 GMT-0700,55.113,55.057,0.01,0.01
01.04.2021 06:31:48.681 GMT-0700,55.113,55.067,0.01,0.01
01.04.2021 06:31:49.845 GMT-0700,55.143,55.086999999999996,0.01,0.01
01.04.2021 06:31:49.896 GMT-0700,55.153000000000006,55.077,0.01,0.01
01.04.2021 06:31:50.011 GMT-0700,55.153000000000006,55.097,0.01,0.0075
01.04.2021 06:31:50.259 GMT-0700,55.143,55.067,0.01,0.01
01.04.2021 06:31:50.359 GMT-0700,55.173,55.097,0.01,0.01
01.04.2021 06:31:50.460 GMT-0700,55.173,55.107,0.01,0.01
01.04.2021 06:31:51.768 GMT-0700,55.173,55.127,0.0075,0
01.04.2021 06:31:51.818 GMT-0700,55.203,55.147,0.01,0.01
01.04.2021 06:31:51.936 GMT-0700,55.203,55.157,0.01,0.01
01.04.2021 06:31:52.186 GMT-0700,55.203,55.177,0.0075,0
01.04.2021 06:31:52.237 GMT-0700,55.233000000000004,55.167,0.01,0.01
01.04.2021 06:31:52.337 GMT-0700,55.233000000000004,55.187,0.01,0.01
01.04.2021 06:31:53.815 GMT-0700,55.263000000000005,55.187,0.01,0.01
01.04.2021 06:31:54.359 GMT-0700,55.263000000000005,55.217,0.0075,0
01.04.2021 06:31:54.409 GMT-0700,55.273,55.187,0.01,0.01
01.04.2021 06:31:54.459 GMT-0700,55.273,55.197,0.01,0.01
01.04.2021 06:31:54.510 GMT-0700,55.313,55.217,0.01,0.01
01.04.2021 06:31:54.560 GMT-0700,55.313,55.227,0.01,0.01
01.04.2021 06:31:54.661 GMT-0700,55.313,55.237,0.01,0.01
01.04.2021 06:31:54.792 GMT-0700,55.313,55.257,0,0.0075
01.04.2021 06:31:54.842 GMT-0700,55.333000000000006,55.257,0.01,0.01
01.04.2021 06:31:54.908 GMT-0700,55.303000000000004,55.257,0,0.0075
01.04.2021 06:31:54.959 GMT-0700,55.303000000000004,55.237,0.01,0.01
01.04.2021 06:31:55.009 GMT-0700,55.274,55.206,0.01,0.01
01.04.2021 06:31:55.060 GMT-0700,55.283,55.207,0.01,0.01
01.04.2021 06:31:55.110 GMT-0700,55.283,55.227,0.01,0.01
01.04.2021 06:31:55.228 GMT-0700,55.283,55.217,0.01,0.01
01.04.2021 06:31:55.624 GMT-0700,55.263000000000005,55.217,0.01,0.01
01.04.2021 06:31:55.675 GMT-0700,55.283,55.217,0.01,0.01
01.04.2021 06:31:55.725 GMT-0700,55.263999999999996,55.21600000000001,0.01,0.01
01.04.2021 06:31:55.775 GMT-0700,55.283,55.217,0.01,0.01
01.04.2021 06:31:55.909 GMT-0700,55.263000000000005,55.217,0.01,0.01
01.04.2021 06:31:56.059 GMT-0700,55.283,55.217,0.01,0.01
01.04.2021 06:31:56.988 GMT-0700,55.223000000000006,55.167,0.01,0.01
01.04.2021 06:31:57.039 GMT-0700,55.223000000000006,55.157,0.01,0.01
01.04.2021 06:31:57.093 GMT-0700,55.223000000000006,55.147,0.01,0.01
01.04.2021 06:31:57.194 GMT-0700,55.193000000000005,55.147,0.01,0.01
01.04.2021 06:31:59.336 GMT-0700,55.198,55.187,0.0075,0
01.04.2021 06:31:59.386 GMT-0700,55.263000000000005,55.167,0.01,0.01
01.04.2021 06:31:59.437 GMT-0700,55.223000000000006,55.137,0.01,0.01
01.04.2021 06:31:59.597 GMT-0700,55.214,55.166000000000004,0.01,0.01
01.04.2021 06:31:59.783 GMT-0700,55.223000000000006,55.167,0.01,0.01
01.04.2021 06:32:00.128 GMT-0700,55.223000000000006,55.137,0.01,0.01
01.04.2021 06:32:00.179 GMT-0700,55.223000000000006,55.167,0.01,0.01
01.04.2021 06:32:00.471 GMT-0700,55.223000000000006,55.157,0.01,0.01
01.04.2021 06:32:01.096 GMT-0700,55.223000000000006,55.167,0.01,0.01
01.04.2021 06:32:01.432 GMT-0700,55.193000000000005,55.167,0.0075,0
01.04.2021 06:32:01.482 GMT-0700,55.203,55.137,0.01,0.01
01.04.2021 06:32:01.533 GMT-0700,55.203,55.167,0.01,0.01
01.04.2021 06:32:01.811 GMT-0700,55.173,55.107,0.01,0.01
01.04.2021 06:32:01.862 GMT-0700,55.193000000000005,55.107,0.01,0.01
01.04.2021 06:32:01.912 GMT-0700,55.173,55.097,0.01,0.01
01.04.2021 06:32:01.962 GMT-0700,55.174,55.066,0.01,0.01
01.04.2021 06:32:02.013 GMT-0700,55.173,55.107,0.01,0.01
01.04.2021 06:32:02.063 GMT-0700,55.173,55.067,0.01,0.01
01.04.2021 06:32:02.113 GMT-0700,55.173,55.097,0.01,0.01
01.04.2021 06:32:02.264 GMT-0700,55.153000000000006,55.097,0.01,0.01
01.04.2021 06:32:02.660 GMT-0700,55.153000000000006,55.107,0.01,0
01.04.2021 06:32:03.085 GMT-0700,55.153000000000006,55.127,0.01,0.01
01.04.2021 06:32:03.391 GMT-0700,55.123000000000005,55.067,0.01,0.01
01.04.2021 06:32:03.442 GMT-0700,55.133,55.067,0.01,0.01
01.04.2021 06:32:03.492 GMT-0700,55.123000000000005,55.067,0.01,0.01
01.04.2021 06:32:03.712 GMT-0700,55.093,55.027,0.01,0.01
01.04.2021 06:32:03.863 GMT-0700,55.113,55.037,0.01,0.01
01.04.2021 06:32:04.309 GMT-0700,55.093,55.037,0.01,0.01
01.04.2021 06:32:04.579 GMT-0700,55.093,55.027,0.01,0.01
01.04.2021 06:32:04.679 GMT-0700,55.093,55.037,0.01,0.01
01.04.2021 06:32:04.729 GMT-0700,55.093,55.027,0.01,0.01
01.04.2021 06:32:04.780 GMT-0700,55.134,55.07600000000001,0.01,0.01
01.04.2021 06:32:04.830 GMT-0700,55.143,55.077,0.01,0.01
01.04.2021 06:32:05.115 GMT-0700,55.113,55.077,0.01,0.01
01.04.2021 06:32:05.268 GMT-0700,55.143,55.077,0.01,0.01
01.04.2021 06:32:05.503 GMT-0700,55.143,55.086999999999996,0.01,0
01.04.2021 06:32:05.604 GMT-0700,55.174,55.096000000000004,0.01,0.01
01.04.2021 06:32:05.755 GMT-0700,55.143,55.097,0,0.01
01.04.2021 06:32:06.059 GMT-0700,55.173,55.097,0.01,0.01
01.04.2021 06:32:06.155 GMT-0700,55.143,55.097,0.01,0.01
01.04.2021 06:32:06.205 GMT-0700,55.173,55.097,0.01,0.01
01.04.2021 06:32:06.256 GMT-0700,55.204,55.11600000000001,0.01,0.01
01.04.2021 06:32:06.735 GMT-0700,55.173,55.117,0,0.01
01.04.2021 06:32:06.951 GMT-0700,55.203,55.117,0.01,0.01
01.04.2021 06:32:07.600 GMT-0700,55.173,55.117,0,0.0075
01.04.2021 06:32:07.650 GMT-0700,55.173,55.097,0.01,0.01
01.04.2021 06:32:07.895 GMT-0700,55.173,55.117,0.01,0
01.04.2021 06:32:08.371 GMT-0700,55.203,55.117,0.01,0.01
01.04.2021 06:32:08.421 GMT-0700,55.173,55.117,0.01,0.01
01.04.2021 06:32:08.472 GMT-0700,55.173,55.097,0.01,0.01
01.04.2021 06:32:08.762 GMT-0700,55.203,55.137,0.01,0.01
01.04.2021 06:32:08.812 GMT-0700,55.203,55.127,0.01,0.01
01.04.2021 06:32:09.229 GMT-0700,55.203,55.157,0,0.0075
01.04.2021 06:32:09.279 GMT-0700,55.233000000000004,55.157,0.01,0.01
01.04.2021 06:32:09.385 GMT-0700,55.213,55.157,0.01,0.01
01.04.2021 06:32:09.435 GMT-0700,55.233000000000004,55.157,0.01,0.01
01.04.2021 06:32:09.517 GMT-0700,55.213,55.157,0,0.0075
01.04.2021 06:32:09.568 GMT-0700,55.213,55.127,0.01,0.01
01.04.2021 06:32:10.459 GMT-0700,55.193000000000005,55.127,0,0.01
01.04.2021 06:32:10.560 GMT-0700,55.213,55.137,0.01,0.01
01.04.2021 06:32:10.660 GMT-0700,55.173,55.117,0.01,0.01
01.04.2021 06:32:11.093 GMT-0700,55.173,55.097,0.01,0.01
01.04.2021 06:32:12.386 GMT-0700,55.173,55.117,0.01,0
01.04.2021 06:32:12.486 GMT-0700,55.183,55.117,0.01,0.01
01.04.2021 06:32:13.770 GMT-0700,55.203,55.137,0.01,0.01
01.04.2021 06:32:14.590 GMT-0700,55.173,55.147,0.01,0
01.04.2021 06:32:14.640 GMT-0700,55.173,55.117,0.01,0.01
01.04.2021 06:32:14.691 GMT-0700,55.203,55.117,0.01,0.01
01.04.2021 06:32:14.796 GMT-0700,55.203,55.167,0.0075,0
01.04.2021 06:32:14.846 GMT-0700,55.233000000000004,55.167,0.01,0.01
01.04.2021 06:32:15.267 GMT-0700,55.233000000000004,55.147,0.01,0.01
01.04.2021 06:32:15.747 GMT-0700,55.233000000000004,55.177,0.01,0.01
01.04.2021 06:32:15.847 GMT-0700,55.233000000000004,55.147,0.01,0.01
01.04.2021 06:32:16.027 GMT-0700,55.233000000000004,55.157,0.01,0.0075
01.04.2021 06:32:16.195 GMT-0700,55.233000000000004,55.177,0.01,0.0075
01.04.2021 06:32:16.246 GMT-0700,55.243,55.177,0.01,0.01
01.04.2021 06:32:16.346 GMT-0700,55.263000000000005,55.187,0.01,0.01
01.04.2021 06:32:16.623 GMT-0700,55.263000000000005,55.177,0.01,0.01
01.04.2021 06:32:17.255 GMT-0700,55.263999999999996,55.21600000000001,0.01,0.01
01.04.2021 06:32:17.305 GMT-0700,55.263000000000005,55.187,0.01,0.01
01.04.2021 06:32:17.469 GMT-0700,55.283,55.227,0.01,0.01
01.04.2021 06:32:17.519 GMT-0700,55.283,55.207,0.01,0.01
01.04.2021 06:32:17.570 GMT-0700,55.283,55.237,0.01,0.01
01.04.2021 06:32:17.674 GMT-0700,55.283,55.207,0.01,0.01
01.04.2021 06:32:17.884 GMT-0700,55.283,55.217,0.01,0
01.04.2021 06:32:17.985 GMT-0700,55.283,55.207,0.01,0.01
01.04.2021 06:32:18.213 GMT-0700,55.274,55.206,0.01,0.01
01.04.2021 06:32:18.846 GMT-0700,55.303000000000004,55.207,0.01,0.01
01.04.2021 06:32:19.201 GMT-0700,55.293000000000006,55.207,0.0075,0.01
01.04.2021 06:32:19.251 GMT-0700,55.303000000000004,55.207,0.01,0.01
01.04.2021 06:32:19.338 GMT-0700,55.283,55.207,0.0075,0.01
01.04.2021 06:32:19.864 GMT-0700,55.273,55.207,0.01,0.01
01.04.2021 06:32:20.073 GMT-0700,55.243,55.207,0,0.0075
01.04.2021 06:32:20.123 GMT-0700,55.243,55.187,0.01,0.01
01.04.2021 06:32:20.174 GMT-0700,55.253,55.187,0.01,0.01
01.04.2021 06:32:20.432 GMT-0700,55.233000000000004,55.187,0.0075,0.01
01.04.2021 06:32:20.655 GMT-0700,55.233000000000004,55.177,0.01,0.01
01.04.2021 06:32:21.340 GMT-0700,55.213,55.177,0,0.01
01.04.2021 06:32:22.019 GMT-0700,55.203,55.127,0.01,0.01
01.04.2021 06:32:22.070 GMT-0700,55.213,55.147,0.01,0.01
01.04.2021 06:32:22.355 GMT-0700,55.213,55.157,0.0075,0
01.04.2021 06:32:22.407 GMT-0700,55.233000000000004,55.147,0.01,0.01
01.04.2021 06:32:22.551 GMT-0700,55.214,55.156000000000006,0.0075,0.0075
01.04.2021 06:32:22.602 GMT-0700,55.233999999999995,55.14600000000001,0.01,0.01
01.04.2021 06:32:22.652 GMT-0700,55.233000000000004,55.167,0.01,0.01
01.04.2021 06:32:22.703 GMT-0700,55.233000000000004,55.147,0.01,0.01
01.04.2021 06:32:22.753 GMT-0700,55.213,55.147,0.01,0.01
01.04.2021 06:32:22.861 GMT-0700,55.213,55.127,0.01,0.01
01.04.2021 06:32:22.911 GMT-0700,55.213,55.137,0.01,0.01
01.04.2021 06:32:22.962 GMT-0700,55.213,55.127,0.01,0.01
01.04.2021 06:32:23.012 GMT-0700,55.214,55.14600000000001,0.01,0.01
01.04.2021 06:32:23.465 GMT-0700,55.233000000000004,55.147,0.01,0.01
01.04.2021 06:32:24.005 GMT-0700,55.243,55.147,0.01,0.01
01.04.2021 06:32:25.078 GMT-0700,55.203,55.147,0,0.0075
01.04.2021 06:32:25.128 GMT-0700,55.203,55.127,0.01,0.01
01.04.2021 06:32:25.564 GMT-0700,55.203,55.137,0.01,0
01.04.2021 06:32:25.665 GMT-0700,55.243,55.147,0.01,0.01
01.04.2021 06:32:25.715 GMT-0700,55.213,55.147,0.01,0.01
01.04.2021 06:32:25.766 GMT-0700,55.243,55.157,0.01,0.01
01.04.2021 06:32:25.816 GMT-0700,55.213,55.147,0.01,0.01
01.04.2021 06:32:25.929 GMT-0700,55.233999999999995,55.14600000000001,0.01,0.01
01.04.2021 06:32:25.979 GMT-0700,55.213,55.147,0.01,0.01
01.04.2021 06:32:26.183 GMT-0700,55.213,55.137,0.01,0.01
01.04.2021 06:32:26.234 GMT-0700,55.213,55.147,0.01,0.01
01.04.2021 06:32:26.598 GMT-0700,55.183,55.147,0.01,0.01
01.04.2021 06:32:26.649 GMT-0700,55.213,55.147,0.01,0.01
01.04.2021 06:32:26.790 GMT-0700,55.163000000000004,55.147,0,0.0075
01.04.2021 06:32:26.841 GMT-0700,55.163000000000004,55.086999999999996,0.01,0.01
01.04.2021 06:32:26.941 GMT-0700,55.153000000000006,55.086999999999996,0.01,0.01
01.04.2021 06:32:27.331 GMT-0700,55.173,55.097,0.01,0.01
01.04.2021 06:32:27.552 GMT-0700,55.183,55.086999999999996,0.01,0.01
01.04.2021 06:32:27.602 GMT-0700,55.173,55.117,0.01,0.01
01.04.2021 06:32:27.653 GMT-0700,55.184,55.11600000000001,0.01,0.01
01.04.2021 06:32:27.793 GMT-0700,55.183,55.086999999999996,0.01,0.01
01.04.2021 06:32:27.847 GMT-0700,55.183,55.117,0.01,0.0075
01.04.2021 06:32:28.058 GMT-0700,55.173,55.117,0,0.0075
01.04.2021 06:32:28.109 GMT-0700,55.183,55.097,0.01,0.01
01.04.2021 06:32:28.159 GMT-0700,55.173,55.097,0.01,0.01
01.04.2021 06:32:28.209 GMT-0700,55.183,55.086999999999996,0.01,0.01
01.04.2021 06:32:28.260 GMT-0700,55.153000000000006,55.086999999999996,0.01,0.01
01.04.2021 06:32:28.746 GMT-0700,55.173,55.086999999999996,0.01,0.01
01.04.2021 06:32:28.986 GMT-0700,55.183,55.086999999999996,0.01,0.01
01.04.2021 06:32:30.110 GMT-0700,55.183,55.117,0.01,0.01
01.04.2021 06:32:30.468 GMT-0700,55.163000000000004,55.137,0,0
01.04.2021 06:32:30.518 GMT-0700,55.163000000000004,55.117,0.01,0.01
01.04.2021 06:32:30.568 GMT-0700,55.183,55.137,0.01,0.01
01.04.2021 06:32:30.618 GMT-0700,55.183,55.117,0.01,0.01
01.04.2021 06:32:31.882 GMT-0700,55.183,55.127,0.0075,0
01.04.2021 06:32:31.990 GMT-0700,55.173,55.127,0.0075,0.01
01.04.2021 06:32:32.040 GMT-0700,55.203,55.127,0.01,0.01
01.04.2021 06:32:32.090 GMT-0700,55.203,55.137,0.01,0.01
01.04.2021 06:32:32.567 GMT-0700,55.213,55.147,0.01,0.0075
01.04.2021 06:32:32.618 GMT-0700,55.213,55.127,0.01,0.01
01.04.2021 06:32:33.249 GMT-0700,55.193000000000005,55.127,0.01,0.01
01.04.2021 06:32:34.705 GMT-0700,55.214,55.166000000000004,0,0.01
01.04.2021 06:32:35.053 GMT-0700,55.213,55.157,0.01,0.01
01.04.2021 06:32:35.700 GMT-0700,55.213,55.147,0.01,0.01
01.04.2021 06:32:37.118 GMT-0700,55.214,55.176,0.01,0.01
01.04.2021 06:32:37.229 GMT-0700,55.243,55.187,0.01,0.01
01.04.2021 06:32:39.456 GMT-0700,55.213,55.187,0.0075,0
01.04.2021 06:32:39.506 GMT-0700,55.214,55.14600000000001,0.01,0.01
01.04.2021 06:32:40.007 GMT-0700,55.244,55.14600000000001,0.01,0.01
01.04.2021 06:32:40.369 GMT-0700,55.213,55.147,0.01,0.01
01.04.2021 06:32:40.677 GMT-0700,55.213,55.137,0.01,0.01
01.04.2021 06:32:41.860 GMT-0700,55.213,55.157,0.01,0.01
01.04.2021 06:32:41.910 GMT-0700,55.213,55.137,0.01,0.01
01.04.2021 06:32:42.012 GMT-0700,55.214,55.156000000000006,0.01,0
01.04.2021 06:32:42.063 GMT-0700,55.243,55.157,0.01,0.01
01.04.2021 06:32:43.900 GMT-0700,55.243,55.187,0.01,0
01.04.2021 06:32:44.062 GMT-0700,55.213,55.187,0.0075,0
01.04.2021 06:32:44.112 GMT-0700,55.213,55.137,0.01,0.01
01.04.2021 06:32:44.163 GMT-0700,55.183,55.137,0.01,0.01
01.04.2021 06:32:44.870 GMT-0700,55.183,55.177,0,0.0075
01.04.2021 06:32:44.921 GMT-0700,55.243,55.167,0.01,0.01
01.04.2021 06:32:45.021 GMT-0700,55.233000000000004,55.167,0.01,0.01
01.04.2021 06:32:45.614 GMT-0700,55.244,55.166000000000004,0.01,0.01
01.04.2021 06:32:45.671 GMT-0700,55.233000000000004,55.167,0,0.01
01.04.2021 06:32:45.774 GMT-0700,55.213,55.167,0.0075,0.01
01.04.2021 06:32:45.824 GMT-0700,55.243,55.157,0.01,0.01
01.04.2021 06:32:45.925 GMT-0700,55.213,55.157,0,0.01
01.04.2021 06:32:46.111 GMT-0700,55.233000000000004,55.157,0.01,0.01
01.04.2021 06:32:46.493 GMT-0700,55.243,55.157,0.01,0.01
01.04.2021 06:32:46.549 GMT-0700,55.233000000000004,55.157,0.0075,0.01
01.04.2021 06:32:46.756 GMT-0700,55.193999999999996,55.156000000000006,0.0075,0
01.04.2021 06:32:46.806 GMT-0700,55.233000000000004,55.157,0.01,0.01
01.04.2021 06:32:46.858 GMT-0700,55.233000000000004,55.167,0,0.01
01.04.2021 06:32:46.959 GMT-0700,55.213,55.157,0.01,0.01
01.04.2021 06:32:47.009 GMT-0700,55.213,55.147,0.01,0.01
01.04.2021 06:32:47.060 GMT-0700,55.213,55.117,0.01,0.01
01.04.2021 06:32:51.205 GMT-0700,55.193999999999996,55.11600000000001,0,0.01
01.04.2021 06:32:52.068 GMT-0700,55.163000000000004,55.147,0.0075,0
01.04.2021 06:32:52.118 GMT-0700,55.163000000000004,55.117,0.01,0.01
01.04.2021 06:32:52.494 GMT-0700,55.143,55.117,0.0075,0.01
01.04.2021 06:32:52.544 GMT-0700,55.173,55.137,0.01,0.01
01.04.2021 06:32:53.794 GMT-0700,55.184,55.136,0.01,0.01
01.04.2021 06:32:53.991 GMT-0700,55.163000000000004,55.137,0.0075,0.01
01.04.2021 06:32:54.042 GMT-0700,55.173,55.137,0.01,0.01
01.04.2021 06:32:54.093 GMT-0700,55.163000000000004,55.137,0.01,0.01
01.04.2021 06:32:54.324 GMT-0700,55.173,55.137,0.01,0.01
01.04.2021 06:32:54.490 GMT-0700,55.163000000000004,55.137,0,0.01
01.04.2021 06:32:54.591 GMT-0700,55.173,55.137,0.01,0.01
01.04.2021 06:32:54.706 GMT-0700,55.163000000000004,55.137,0,0.01
01.04.2021 06:32:54.806 GMT-0700,55.173,55.137,0.01,0.01
01.04.2021 06:32:54.916 GMT-0700,55.163000000000004,55.137,0.01,0.01
01.04.2021 06:32:54.966 GMT-0700,55.173,55.137,0.01,0.01
01.04.2021 06:32:55.415 GMT-0700,55.183,55.137,0.01,0.01
01.04.2021 06:32:55.516 GMT-0700,55.173,55.137,0,0.01
01.04.2021 06:32:56.347 GMT-0700,55.173,55.147,0.0075,0
01.04.2021 06:32:56.398 GMT-0700,55.183,55.147,0.01,0.01
01.04.2021 06:32:57.077 GMT-0700,55.173,55.147,0.0075,0
01.04.2021 06:32:57.127 GMT-0700,55.173,55.097,0.01,0.01
01.04.2021 06:32:57.178 GMT-0700,55.163000000000004,55.086999999999996,0.01,0.01
01.04.2021 06:32:57.558 GMT-0700,55.173,55.086999999999996,0.01,0.01
01.04.2021 06:32:58.030 GMT-0700,55.163000000000004,55.086999999999996,0,0.01
01.04.2021 06:32:58.080 GMT-0700,55.173,55.086999999999996,0.01,0.01
01.04.2021 06:32:58.196 GMT-0700,55.173,55.137,0,0.0075
01.04.2021 06:32:58.247 GMT-0700,55.173,55.127,0.01,0.01
01.04.2021 06:32:58.297 GMT-0700,55.163000000000004,55.127,0.01,0.01
01.04.2021 06:32:58.401 GMT-0700,55.183,55.127,0.01,0.01
01.04.2021 06:32:58.932 GMT-0700,55.163000000000004,55.127,0.01,0.01
01.04.2021 06:32:59.754 GMT-0700,55.163999999999994,55.14600000000001,0.01,0.0075
01.04.2021 06:32:59.804 GMT-0700,55.163000000000004,55.127,0.01,0.01
01.04.2021 06:33:00.214 GMT-0700,55.163000000000004,55.157,0.0075,0
01.04.2021 06:33:00.265 GMT-0700,55.203,55.127,0.01,0.01
01.04.2021 06:33:00.315 GMT-0700,55.203,55.147,0.01,0.01
01.04.2021 06:33:01.016 GMT-0700,55.213,55.147,0.01,0.01
01.04.2021 06:33:01.098 GMT-0700,55.183,55.147,0.0075,0.01
01.04.2021 06:33:01.148 GMT-0700,55.213,55.147,0.01,0.01
01.04.2021 06:33:01.199 GMT-0700,55.183,55.147,0.01,0.01
01.04.2021 06:33:01.760 GMT-0700,55.175000000000004,55.167,0,0.0075
01.04.2021 06:33:01.811 GMT-0700,55.183,55.127,0.01,0.01
01.04.2021 06:33:02.115 GMT-0700,55.203,55.127,0.01,0.01
01.04.2021 06:33:02.576 GMT-0700,55.183,55.127,0,0.01
01.04.2021 06:33:03.032 GMT-0700,55.183,55.157,0.0075,0
01.04.2021 06:33:03.083 GMT-0700,55.213,55.157,0.01,0.01
01.04.2021 06:33:03.300 GMT-0700,55.183,55.157,0,0.01
01.04.2021 06:33:03.401 GMT-0700,55.213,55.157,0.01,0.01
01.04.2021 06:33:03.451 GMT-0700,55.183,55.157,0.01,0.01
01.04.2021 06:33:03.866 GMT-0700,55.163000000000004,55.155,0.0075,0
01.04.2021 06:33:03.917 GMT-0700,55.163000000000004,55.127,0.01,0.01
01.04.2021 06:33:04.204 GMT-0700,55.163000000000004,55.147,0,0.0075
01.04.2021 06:33:04.255 GMT-0700,55.213,55.137,0.01,0.01
01.04.2021 06:33:04.832 GMT-0700,55.213,55.157,0.01,0.01
01.04.2021 06:33:04.930 GMT-0700,55.213,55.137,0.01,0.01
01.04.2021 06:33:05.084 GMT-0700,55.213,55.157,0.01,0
01.04.2021 06:33:05.135 GMT-0700,55.213,55.127,0.01,0.01
01.04.2021 06:33:05.218 GMT-0700,55.173,55.127,0.0075,0.01
01.04.2021 06:33:05.269 GMT-0700,55.193000000000005,55.127,0.01,0.01
01.04.2021 06:33:05.829 GMT-0700,55.213,55.137,0.01,0.01
01.04.2021 06:33:06.236 GMT-0700,55.213,55.127,0.01,0.01
01.04.2021 06:33:09.373 GMT-0700,55.163000000000004,55.117,0.01,0.01
01.04.2021 06:33:09.423 GMT-0700,55.213,55.137,0.01,0.01
01.04.2021 06:33:09.600 GMT-0700,55.213,55.127,0.01,0.01
01.04.2021 06:33:09.650 GMT-0700,55.173,55.127,0.01,0.01
01.04.2021 06:33:09.701 GMT-0700,55.203,55.127,0.01,0.01
01.04.2021 06:33:10.071 GMT-0700,55.173,55.127,0.0075,0.01
01.04.2021 06:33:10.121 GMT-0700,55.163000000000004,55.097,0.01,0.01
01.04.2021 06:33:10.172 GMT-0700,55.133,55.097,0.01,0
01.04.2021 06:33:10.222 GMT-0700,55.143,55.086999999999996,0.01,0.01
01.04.2021 06:33:10.368 GMT-0700,55.123000000000005,55.057,0.01,0.01
01.04.2021 06:33:10.418 GMT-0700,55.114,55.056000000000004,0.01,0.01
01.04.2021 06:33:10.640 GMT-0700,55.103,55.057,0.01,0.01
01.04.2021 06:33:10.741 GMT-0700,55.114,55.056000000000004,0.01,0.01
01.04.2021 06:33:10.918 GMT-0700,55.103,55.057,0.01,0.01
01.04.2021 06:33:10.969 GMT-0700,55.113,55.057,0.01,0.01
01.04.2021 06:33:11.019 GMT-0700,55.103,55.057,0.01,0.01
01.04.2021 06:33:11.069 GMT-0700,55.113,55.057,0.01,0.01
01.04.2021 06:33:11.120 GMT-0700,55.143,55.057,0.01,0.01
01.04.2021 06:33:11.430 GMT-0700,55.144,55.086000000000006,0.01,0.01
01.04.2021 06:33:12.033 GMT-0700,55.113,55.086999999999996,0,0.01
01.04.2021 06:33:12.083 GMT-0700,55.143,55.086999999999996,0.01,0.01
01.04.2021 06:33:12.134 GMT-0700,55.144,55.096000000000004,0.01,0.01
01.04.2021 06:33:12.184 GMT-0700,55.143,55.086999999999996,0.01,0.01
01.04.2021 06:33:12.284 GMT-0700,55.143,55.057,0.01,0.01
01.04.2021 06:33:12.335 GMT-0700,55.133,55.057,0.01,0.01
01.04.2021 06:33:12.540 GMT-0700,55.143,55.086999999999996,0.01,0.01
01.04.2021 06:33:12.701 GMT-0700,55.153999999999996,55.086000000000006,0.01,0.01
01.04.2021 06:33:12.835 GMT-0700,55.143,55.086999999999996,0,0.01
01.04.2021 06:33:13.032 GMT-0700,55.143,55.117,0.0075,0
01.04.2021 06:33:13.083 GMT-0700,55.163000000000004,55.086999999999996,0.01,0.01
01.04.2021 06:33:13.314 GMT-0700,55.173,55.086999999999996,0.01,0.01
01.04.2021 06:33:13.364 GMT-0700,55.183,55.127,0.01,0.01
01.04.2021 06:33:13.414 GMT-0700,55.183,55.117,0.01,0.01
01.04.2021 06:33:14.148 GMT-0700,55.193000000000005,55.117,0.01,0.01
01.04.2021 06:33:14.205 GMT-0700,55.183,55.117,0.0075,0.01
01.04.2021 06:33:14.255 GMT-0700,55.193000000000005,55.117,0.01,0.01
01.04.2021 06:33:14.306 GMT-0700,55.193000000000005,55.147,0.01,0
01.04.2021 06:33:14.407 GMT-0700,55.184,55.11600000000001,0.01,0.01
01.04.2021 06:33:14.489 GMT-0700,55.193000000000005,55.117,0.01,0.01
01.04.2021 06:33:14.539 GMT-0700,55.243,55.167,0.01,0.01
01.04.2021 06:33:14.589 GMT-0700,55.243,55.147,0.01,0.01
01.04.2021 06:33:14.640 GMT-0700,55.213,55.147,0.01,0.01
01.04.2021 06:33:14.690 GMT-0700,55.243,55.147,0.01,0.01
01.04.2021 06:33:14.797 GMT-0700,55.213,55.147,0.01,0.01
01.04.2021 06:33:15.032 GMT-0700,55.243,55.147,0.01,0.01
01.04.2021 06:33:15.169 GMT-0700,55.213,55.147,0.01,0.01
01.04.2021 06:33:15.220 GMT-0700,55.233000000000004,55.147,0.01,0.01
01.04.2021 06:33:15.320 GMT-0700,55.213,55.147,0.01,0.01
01.04.2021 06:33:15.829 GMT-0700,55.213,55.187,0.0075,0
01.04.2021 06:33:15.880 GMT-0700,55.243,55.147,0.01,0.01
01.04.2021 06:33:16.032 GMT-0700,55.213,55.147,0.01,0.01
01.04.2021 06:33:17.214 GMT-0700,55.203,55.147,0,0.01
01.04.2021 06:33:17.837 GMT-0700,55.213,55.147,0.01,0.01
01.04.2021 06:33:18.004 GMT-0700,55.233999999999995,55.176,0.01,0.01
01.04.2021 06:33:18.054 GMT-0700,55.243,55.167,0.01,0.01
01.04.2021 06:33:18.334 GMT-0700,55.213,55.167,0.01,0.01
01.04.2021 06:33:18.451 GMT-0700,55.243,55.167,0.01,0.01
01.04.2021 06:33:18.558 GMT-0700,55.213,55.167,0.0075,0.01
01.04.2021 06:33:18.921 GMT-0700,55.233000000000004,55.167,0.01,0.01
01.04.2021 06:33:19.206 GMT-0700,55.213,55.167,0,0.01
01.04.2021 06:33:19.532 GMT-0700,55.243,55.177,0.01,0.01
01.04.2021 06:33:21.138 GMT-0700,55.243,55.187,0.0075,0
01.04.2021 06:33:21.239 GMT-0700,55.273,55.227,0.01,0.01
01.04.2021 06:33:21.289 GMT-0700,55.263999999999996,55.196000000000005,0.01,0.01
01.04.2021 06:33:21.339 GMT-0700,55.273,55.207,0.01,0.01
01.04.2021 06:33:21.630 GMT-0700,55.263000000000005,55.197,0.01,0.01
01.04.2021 06:33:21.738 GMT-0700,55.273,55.207,0.01,0.01
01.04.2021 06:33:22.039 GMT-0700,55.273,55.217,0.0075,0
01.04.2021 06:33:22.089 GMT-0700,55.283,55.217,0.01,0.01
01.04.2021 06:33:22.140 GMT-0700,55.303000000000004,55.217,0.01,0.01
01.04.2021 06:33:22.975 GMT-0700,55.303000000000004,55.257,0.01,0.0075
01.04.2021 06:33:23.025 GMT-0700,55.383,55.287,0.01,0.01
01.04.2021 06:33:23.076 GMT-0700,55.343,55.287,0.01,0.01
01.04.2021 06:33:23.126 GMT-0700,55.393,55.347,0.01,0.01
01.04.2021 06:33:23.309 GMT-0700,55.403000000000006,55.347,0.01,0.01
01.04.2021 06:33:24.102 GMT-0700,55.403000000000006,55.336999999999996,0.01,0.01
01.04.2021 06:33:24.764 GMT-0700,55.383,55.307,0.01,0.01
01.04.2021 06:33:25.045 GMT-0700,55.373000000000005,55.307,0.01,0.01
01.04.2021 06:33:25.095 GMT-0700,55.393,55.307,0.01,0.01
01.04.2021 06:33:25.146 GMT-0700,55.393,55.336999999999996,0.01,0.01
01.04.2021 06:33:25.287 GMT-0700,55.393,55.307,0.01,0.01
01.04.2021 06:33:25.392 GMT-0700,55.393,55.336999999999996,0.01,0
01.04.2021 06:33:25.863 GMT-0700,55.393,55.307,0.01,0.01
01.04.2021 06:33:25.914 GMT-0700,55.373000000000005,55.307,0.01,0.01
01.04.2021 06:33:26.266 GMT-0700,55.393,55.307,0.01,0.01
01.04.2021 06:33:26.708 GMT-0700,55.394,55.336000000000006,0.0075,0
01.04.2021 06:33:27.216 GMT-0700,55.383,55.367,0.0075,0.01
01.04.2021 06:33:27.764 GMT-0700,55.383,55.336999999999996,0.01,0.01
01.04.2021 06:33:27.864 GMT-0700,55.413000000000004,55.336999999999996,0.01,0.01
01.04.2021 06:33:27.966 GMT-0700,55.393,55.336999999999996,0.0075,0.01
01.04.2021 06:33:28.067 GMT-0700,55.384,55.306000000000004,0.01,0.01
01.04.2021 06:33:28.217 GMT-0700,55.393,55.336999999999996,0.01,0.0075
01.04.2021 06:33:28.436 GMT-0700,55.413000000000004,55.336999999999996,0.01,0.01
01.04.2021 06:33:28.534 GMT-0700,55.413000000000004,55.357,0,0.0075
01.04.2021 06:33:28.584 GMT-0700,55.423,55.357,0.01,0.01
01.04.2021 06:33:29.032 GMT-0700,55.413000000000004,55.357,0.0075,0.01
01.04.2021 06:33:29.213 GMT-0700,55.383,55.336999999999996,0,0.0075
01.04.2021 06:33:29.264 GMT-0700,55.363,55.307,0.01,0.01
01.04.2021 06:33:29.364 GMT-0700,55.384,55.306000000000004,0.01,0.01
01.04.2021 06:33:29.568 GMT-0700,55.373000000000005,55.307,0,0.01
01.04.2021 06:33:29.835 GMT-0700,55.383,55.307,0.01,0.01
01.04.2021 06:33:29.948 GMT-0700,55.394,55.306000000000004,0.01,0.01
01.04.2021 06:33:29.998 GMT-0700,55.383,55.307,0.01,0.01
01.04.2021 06:33:30.149 GMT-0700,55.373999999999995,55.306000000000004,0.01,0.01
01.04.2021 06:33:30.199 GMT-0700,55.383,55.307,0.01,0.01
01.04.2021 06:33:30.460 GMT-0700,55.383,55.317,0.01,0
01.04.2021 06:33:30.655 GMT-0700,55.363,55.317,0,0.01
01.04.2021 06:33:30.705 GMT-0700,55.373000000000005,55.317,0.01,0.01
01.04.2021 06:33:32.249 GMT-0700,55.343,55.317,0,0.0075
01.04.2021 06:33:32.300 GMT-0700,55.373000000000005,55.297,0.01,0.01
01.04.2021 06:33:33.613 GMT-0700,55.373000000000005,55.317,0.01,0
01.04.2021 06:33:34.031 GMT-0700,55.373000000000005,55.336999999999996,0.0075,0
01.04.2021 06:33:34.082 GMT-0700,55.393,55.327,0.01,0.01
01.04.2021 06:33:34.240 GMT-0700,55.393,55.317,0.01,0.01
01.04.2021 06:33:34.466 GMT-0700,55.373000000000005,55.317,0.0075,0.01
01.04.2021 06:33:35.538 GMT-0700,55.364,55.316,0.0075,0
01.04.2021 06:33:35.588 GMT-0700,55.363,55.307,0.01,0.01
01.04.2021 06:33:35.639 GMT-0700,55.363,55.297,0.01,0.01
01.04.2021 06:33:35.689 GMT-0700,55.364,55.316,0.01,0.01
01.04.2021 06:33:36.195 GMT-0700,55.373000000000005,55.347,0.01,0.01
01.04.2021 06:33:36.245 GMT-0700,55.373000000000005,55.317,0.01,0.01
01.04.2021 06:33:39.338 GMT-0700,55.373000000000005,55.336999999999996,0.01,0
01.04.2021 06:33:39.438 GMT-0700,55.373000000000005,55.317,0.01,0.01
01.04.2021 06:33:41.836 GMT-0700,55.353,55.317,0,0.0075
01.04.2021 06:33:41.886 GMT-0700,55.353,55.297,0.01,0.01
01.04.2021 06:33:41.937 GMT-0700,55.363,55.297,0.01,0.01
01.04.2021 06:33:42.401 GMT-0700,55.373000000000005,55.297,0.01,0.01
01.04.2021 06:33:42.451 GMT-0700,55.373000000000005,55.307,0.01,0.01
01.04.2021 06:33:42.656 GMT-0700,55.343,55.307,0.0075,0.0075
01.04.2021 06:33:42.827 GMT-0700,55.343,55.297,0.01,0.01
01.04.2021 06:33:43.014 GMT-0700,55.343,55.277,0.01,0.01
01.04.2021 06:33:43.336 GMT-0700,55.373000000000005,55.277,0.01,0.01
01.04.2021 06:33:43.716 GMT-0700,55.373000000000005,55.297,0.01,0.0075
01.04.2021 06:33:44.622 GMT-0700,55.373000000000005,55.327,0.01,0.01
01.04.2021 06:33:44.673 GMT-0700,55.363,55.297,0.01,0.01
01.04.2021 06:33:44.826 GMT-0700,55.363,55.307,0.01,0.0075
01.04.2021 06:33:44.926 GMT-0700,55.363,55.297,0.01,0.01
01.04.2021 06:33:44.996 GMT-0700,55.363,55.317,0.01,0
01.04.2021 06:33:45.097 GMT-0700,55.363,55.297,0.01,0.01
01.04.2021 06:33:45.191 GMT-0700,55.363,55.317,0.01,0
01.04.2021 06:33:46.403 GMT-0700,55.364,55.29600000000001,0.01,0.01
01.04.2021 06:33:46.607 GMT-0700,55.363,55.317,0.01,0.0075
01.04.2021 06:33:47.057 GMT-0700,55.363,55.307,0.01,0.01
01.04.2021 06:33:47.308 GMT-0700,55.363,55.317,0.01,0.0075
01.04.2021 06:33:47.471 GMT-0700,55.363,55.336999999999996,0.01,0.01
01.04.2021 06:33:47.582 GMT-0700,55.373000000000005,55.357,0.01,0
01.04.2021 06:33:47.632 GMT-0700,55.373000000000005,55.347,0.01,0.01
01.04.2021 06:33:47.947 GMT-0700,55.373000000000005,55.327,0.01,0.01
01.04.2021 06:33:48.640 GMT-0700,55.353,55.327,0.0075,0
01.04.2021 06:33:48.691 GMT-0700,55.373000000000005,55.317,0.01,0.01
01.04.2021 06:33:48.842 GMT-0700,55.343,55.317,0.0075,0.01
01.04.2021 06:33:48.943 GMT-0700,55.373000000000005,55.317,0.01,0.01
01.04.2021 06:33:49.091 GMT-0700,55.343,55.317,0.01,0.01
01.04.2021 06:33:49.213 GMT-0700,55.373000000000005,55.317,0.01,0.01
01.04.2021 06:33:49.495 GMT-0700,55.364,55.32600000000001,0.01,0.01
01.04.2021 06:33:49.596 GMT-0700,55.373000000000005,55.327,0.01,0.01
01.04.2021 06:33:49.760 GMT-0700,55.373000000000005,55.336999999999996,0.01,0.01
01.04.2021 06:33:49.860 GMT-0700,55.373999999999995,55.32600000000001,0.01,0.01
01.04.2021 06:33:50.939 GMT-0700,55.363,55.327,0.01,0.01
01.04.2021 06:33:50.989 GMT-0700,55.373000000000005,55.327,0.01,0.01
01.04.2021 06:33:51.040 GMT-0700,55.363,55.327,0.01,0.01
01.04.2021 06:33:51.090 GMT-0700,55.373000000000005,55.327,0.01,0.01
01.04.2021 06:33:51.603 GMT-0700,55.353,55.327,0.0075,0.01
01.04.2021 06:33:51.815 GMT-0700,55.353,55.336999999999996,0.0075,0
01.04.2021 06:33:51.865 GMT-0700,55.363,55.336999999999996,0.01,0.01
01.04.2021 06:33:52.516 GMT-0700,55.364,55.356,0.0075,0
01.04.2021 06:33:52.567 GMT-0700,55.373000000000005,55.347,0.01,0.01
01.04.2021 06:33:54.889 GMT-0700,55.373000000000005,55.317,0.01,0.01
01.04.2021 06:33:55.124 GMT-0700,55.373000000000005,55.297,0.01,0.01
01.04.2021 06:33:55.176 GMT-0700,55.373000000000005,55.317,0.01,0
01.04.2021 06:33:55.654 GMT-0700,55.373000000000005,55.355000000000004,0.01,0
01.04.2021 06:33:55.705 GMT-0700,55.373000000000005,55.327,0.01,0.01
01.04.2021 06:33:56.385 GMT-0700,55.363,55.317,0,0.01
01.04.2021 06:33:56.742 GMT-0700,55.373000000000005,55.347,0.01,0.0075
01.04.2021 06:33:56.793 GMT-0700,55.373000000000005,55.317,0.01,0.01
01.04.2021 06:33:56.919 GMT-0700,55.373000000000005,55.347,0.01,0.0075
01.04.2021 06:33:56.969 GMT-0700,55.373000000000005,55.317,0.01,0.01
01.04.2021 06:33:57.210 GMT-0700,55.373000000000005,55.357,0.01,0.01
01.04.2021 06:33:57.483 GMT-0700,55.373000000000005,55.317,0.01,0.01
01.04.2021 06:33:59.137 GMT-0700,55.373000000000005,55.355000000000004,0.01,0
01.04.2021 06:33:59.565 GMT-0700,55.413000000000004,55.367,0.01,0.01
01.04.2021 06:33:59.802 GMT-0700,55.413000000000004,55.377,0,0.0075
01.04.2021 06:33:59.903 GMT-0700,55.403000000000006,55.377,0.01,0.01
01.04.2021 06:33:59.953 GMT-0700,55.424,55.356,0.01,0.01
01.04.2021 06:34:00.174 GMT-0700,55.413000000000004,55.357,0,0.01
01.04.2021 06:34:00.274 GMT-0700,55.423,55.357,0.01,0.01
01.04.2021 06:34:00.392 GMT-0700,55.423,55.347,0.01,0.01
01.04.2021 06:34:01.126 GMT-0700,55.423,55.367,0.01,0.0075
01.04.2021 06:34:01.176 GMT-0700,55.423,55.347,0.01,0.01
01.04.2021 06:34:01.996 GMT-0700,55.423,55.357,0.01,0.0075
01.04.2021 06:34:02.047 GMT-0700,55.423,55.347,0.01,0.01
01.04.2021 06:34:02.156 GMT-0700,55.423,55.387,0.01,0
01.04.2021 06:34:02.497 GMT-0700,55.423,55.347,0.01,0.01
01.04.2021 06:34:03.314 GMT-0700,55.423,55.377,0.01,0.0075
01.04.2021 06:34:03.635 GMT-0700,55.433,55.377,0.01,0.01
01.04.2021 06:34:03.736 GMT-0700,55.423,55.347,0.01,0.01
01.04.2021 06:34:04.039 GMT-0700,55.403000000000006,55.347,0,0.01
01.04.2021 06:34:04.235 GMT-0700,55.413000000000004,55.397,0,0.01
01.04.2021 06:34:04.542 GMT-0700,55.403000000000006,55.397,0,0.0075
01.04.2021 06:34:04.592 GMT-0700,55.403000000000006,55.377,0.01,0.01
01.04.2021 06:34:04.643 GMT-0700,55.413000000000004,55.387,0.01,0.01
01.04.2021 06:34:05.087 GMT-0700,55.413000000000004,55.397,0.01,0
01.04.2021 06:34:05.138 GMT-0700,55.434,55.406000000000006,0.01,0.01
01.04.2021 06:34:05.399 GMT-0700,55.443000000000005,55.407,0.01,0.01
01.04.2021 06:34:05.531 GMT-0700,55.464,55.416000000000004,0.01,0.01
01.04.2021 06:34:05.606 GMT-0700,55.423,55.397,0.01,0.01
01.04.2021 06:34:05.657 GMT-0700,55.443999999999996,55.39600000000001,0.01,0.01
01.04.2021 06:34:06.021 GMT-0700,55.453,55.407,0.01,0.01
01.04.2021 06:34:06.072 GMT-0700,55.483000000000004,55.407,0.01,0.01
01.04.2021 06:34:06.128 GMT-0700,55.473000000000006,55.407,0.01,0.01
01.04.2021 06:34:06.228 GMT-0700,55.483000000000004,55.407,0.01,0.01
01.04.2021 06:34:06.324 GMT-0700,55.473000000000006,55.407,0.01,0.01
01.04.2021 06:34:06.428 GMT-0700,55.453,55.397,0.01,0.01
01.04.2021 06:34:06.688 GMT-0700,55.453,55.407,0,0.0075
01.04.2021 06:34:06.738 GMT-0700,55.473000000000006,55.407,0.01,0.01
01.04.2021 06:34:07.025 GMT-0700,55.473000000000006,55.417,0.01,0.01
01.04.2021 06:34:07.125 GMT-0700,55.483000000000004,55.417,0.01,0.01
01.04.2021 06:34:07.304 GMT-0700,55.503,55.417,0.01,0.01
01.04.2021 06:34:07.354 GMT-0700,55.493,55.417,0.01,0.01
01.04.2021 06:34:07.456 GMT-0700,55.503,55.417,0.01,0.01
01.04.2021 06:34:07.506 GMT-0700,55.493,55.417,0.01,0.01
01.04.2021 06:34:07.607 GMT-0700,55.483000000000004,55.417,0.01,0.01
01.04.2021 06:34:07.666 GMT-0700,55.503,55.417,0.01,0.01
01.04.2021 06:34:07.717 GMT-0700,55.483000000000004,55.417,0.01,0.01
01.04.2021 06:34:07.767 GMT-0700,55.503,55.417,0.01,0.01
01.04.2021 06:34:08.071 GMT-0700,55.483000000000004,55.437,0,0
01.04.2021 06:34:09.009 GMT-0700,55.483000000000004,55.417,0.01,0.01
01.04.2021 06:34:09.113 GMT-0700,55.483000000000004,55.467,0.0075,0
01.04.2021 06:34:09.163 GMT-0700,55.533,55.487,0.01,0.01
01.04.2021 06:34:09.264 GMT-0700,55.543000000000006,55.477,0.01,0.01
01.04.2021 06:34:09.364 GMT-0700,55.563,55.497,0.01,0.01
01.04.2021 06:34:11.273 GMT-0700,55.563,55.507,0.01,0
01.04.2021 06:34:11.323 GMT-0700,55.583000000000006,55.516999999999996,0.01,0.01
01.04.2021 06:34:11.374 GMT-0700,55.563,55.497,0.01,0.01
01.04.2021 06:34:11.474 GMT-0700,55.583000000000006,55.497,0.01,0.01
01.04.2021 06:34:11.524 GMT-0700,55.583000000000006,55.527,0.01,0.01
01.04.2021 06:34:11.625 GMT-0700,55.593,55.537,0.01,0.01
01.04.2021 06:34:11.769 GMT-0700,55.633,55.537,0.01,0.01
01.04.2021 06:34:11.820 GMT-0700,55.613,55.537,0.01,0.01
01.04.2021 06:34:12.693 GMT-0700,55.613,55.557,0.01,0
01.04.2021 06:34:13.826 GMT-0700,55.613,55.537,0.01,0.01
01.04.2021 06:34:13.906 GMT-0700,55.603,55.537,0,0.01
01.04.2021 06:34:14.072 GMT-0700,55.593,55.537,0.0075,0.01
01.04.2021 06:34:14.122 GMT-0700,55.613,55.537,0.01,0.01
01.04.2021 06:34:14.349 GMT-0700,55.613,55.557,0.01,0.0075
01.04.2021 06:34:14.881 GMT-0700,55.643,55.557,0.01,0.01
01.04.2021 06:34:14.932 GMT-0700,55.633,55.557,0.01,0.01
01.04.2021 06:34:15.050 GMT-0700,55.614,55.536,0.01,0.01
01.04.2021 06:34:15.200 GMT-0700,55.613,55.557,0.01,0.01
01.04.2021 06:34:16.658 GMT-0700,55.633,55.557,0.01,0.01
01.04.2021 06:34:16.927 GMT-0700,55.613,55.557,0.01,0.01
01.04.2021 06:34:17.149 GMT-0700,55.633,55.557,0.01,0.01
01.04.2021 06:34:17.492 GMT-0700,55.613,55.557,0,0.01
01.04.2021 06:34:17.778 GMT-0700,55.633,55.557,0.01,0.01
01.04.2021 06:34:17.944 GMT-0700,55.613,55.557,0.0075,0.01
01.04.2021 06:34:18.188 GMT-0700,55.633,55.557,0.01,0.01
01.04.2021 06:34:18.239 GMT-0700,55.643,55.586999999999996,0.01,0.01
01.04.2021 06:34:18.289 GMT-0700,55.643,55.537,0.01,0.01
01.04.2021 06:34:18.339 GMT-0700,55.643,55.557,0.01,0.01
01.04.2021 06:34:18.864 GMT-0700,55.643,55.567,0.01,0
01.04.2021 06:34:18.915 GMT-0700,55.643,55.537,0.01,0.01
01.04.2021 06:34:18.980 GMT-0700,55.643,55.557,0.01,0
01.04.2021 06:34:19.519 GMT-0700,55.613,55.557,0.0075,0.01
01.04.2021 06:34:19.782 GMT-0700,55.613,55.586999999999996,0,0.0075
01.04.2021 06:34:19.833 GMT-0700,55.613,55.577,0.01,0.01
01.04.2021 06:34:19.933 GMT-0700,55.633,55.577,0.01,0.01
01.04.2021 06:34:20.061 GMT-0700,55.613,55.577,0.0075,0.01
01.04.2021 06:34:20.868 GMT-0700,55.633,55.577,0.01,0.01
01.04.2021 06:34:21.127 GMT-0700,55.613,55.577,0.0075,0.01
01.04.2021 06:34:21.302 GMT-0700,55.633,55.577,0.01,0.01
01.04.2021 06:34:22.008 GMT-0700,55.633,55.586999999999996,0.01,0.01
01.04.2021 06:34:22.058 GMT-0700,55.633,55.557,0.01,0.01
01.04.2021 06:34:22.238 GMT-0700,55.633,55.567,0.0075,0
01.04.2021 06:34:22.288 GMT-0700,55.673,55.586999999999996,0.01,0.01
01.04.2021 06:34:22.342 GMT-0700,55.653000000000006,55.597,0.01,0.01
01.04.2021 06:34:22.443 GMT-0700,55.683,55.607,0.01,0.01
01.04.2021 06:34:22.493 GMT-0700,55.703,55.657,0.01,0.01
01.04.2021 06:34:22.543 GMT-0700,55.683,55.607,0.01,0.01
01.04.2021 06:34:22.604 GMT-0700,55.683,55.627,0.01,0
01.04.2021 06:34:22.654 GMT-0700,55.703,55.627,0.01,0.01
01.04.2021 06:34:22.704 GMT-0700,55.703,55.647,0.01,0.01
01.04.2021 06:34:23.309 GMT-0700,55.684,55.64600000000001,0.0075,0.01
01.04.2021 06:34:23.512 GMT-0700,55.683,55.627,0.01,0.01
01.04.2021 06:34:23.615 GMT-0700,55.663000000000004,55.597,0.01,0.01
01.04.2021 06:34:23.665 GMT-0700,55.663000000000004,55.607,0.01,0.01
01.04.2021 06:34:23.773 GMT-0700,55.663000000000004,55.597,0.01,0.01
01.04.2021 06:34:23.919 GMT-0700,55.663000000000004,55.607,0.01,0
01.04.2021 06:34:23.969 GMT-0700,55.663000000000004,55.597,0.01,0.01
01.04.2021 06:34:24.350 GMT-0700,55.644,55.596000000000004,0.0075,0.01
01.04.2021 06:34:24.401 GMT-0700,55.643,55.586999999999996,0.01,0.01
01.04.2021 06:34:24.501 GMT-0700,55.623000000000005,55.586999999999996,0.01,0.01
01.04.2021 06:34:24.552 GMT-0700,55.663000000000004,55.607,0.01,0.01
01.04.2021 06:34:24.602 GMT-0700,55.633,55.577,0.01,0.01
01.04.2021 06:34:25.250 GMT-0700,55.613,55.557,0.01,0.01
01.04.2021 06:34:25.301 GMT-0700,55.634,55.556000000000004,0.01,0.01
01.04.2021 06:34:25.907 GMT-0700,55.633,55.586999999999996,0.01,0.0075
01.04.2021 06:34:25.958 GMT-0700,55.613,55.557,0.01,0.01
01.04.2021 06:34:26.344 GMT-0700,55.613,55.567,0.01,0
01.04.2021 06:34:26.394 GMT-0700,55.633,55.557,0.01,0.01
01.04.2021 06:34:26.445 GMT-0700,55.643,55.557,0.01,0.01
01.04.2021 06:34:26.606 GMT-0700,55.613,55.557,0,0.01
01.04.2021 06:34:26.656 GMT-0700,55.623000000000005,55.557,0.01,0.01
01.04.2021 06:34:26.707 GMT-0700,55.603,55.557,0.01,0.01
01.04.2021 06:34:26.916 GMT-0700,55.603,55.577,0.01,0
01.04.2021 06:34:26.966 GMT-0700,55.603,55.557,0.01,0.01
01.04.2021 06:34:27.067 GMT-0700,55.593,55.547,0,0.01
01.04.2021 06:34:27.117 GMT-0700,55.603,55.547,0.01,0.01
01.04.2021 06:34:27.168 GMT-0700,55.583000000000006,55.547,0.01,0.0075
01.04.2021 06:34:27.218 GMT-0700,55.583000000000006,55.537,0.01,0.01
01.04.2021 06:34:27.333 GMT-0700,55.573,55.527,0.0075,0
01.04.2021 06:34:27.384 GMT-0700,55.573,55.516999999999996,0.01,0.01
01.04.2021 06:34:27.471 GMT-0700,55.583000000000006,55.537,0.01,0.01
01.04.2021 06:34:27.834 GMT-0700,55.583000000000006,55.516999999999996,0.01,0.01
01.04.2021 06:34:28.480 GMT-0700,55.583000000000006,55.537,0.01,0
01.04.2021 06:34:29.042 GMT-0700,55.583000000000006,55.557,0.01,0
01.04.2021 06:34:29.093 GMT-0700,55.583000000000006,55.527,0.01,0.01
01.04.2021 06:34:29.143 GMT-0700,55.563,55.527,0.01,0.01
01.04.2021 06:34:29.193 GMT-0700,55.573,55.527,0.01,0.01
01.04.2021 06:34:29.269 GMT-0700,55.583000000000006,55.527,0.01,0.01
01.04.2021 06:34:29.862 GMT-0700,55.604,55.566,0.01,0.01
01.04.2021 06:34:29.913 GMT-0700,55.603,55.537,0.01,0.01
01.04.2021 06:34:30.776 GMT-0700,55.583000000000006,55.537,0.0075,0.01
01.04.2021 06:34:30.943 GMT-0700,55.603,55.537,0.01,0.01
01.04.2021 06:34:31.274 GMT-0700,55.593,55.537,0,0.01
01.04.2021 06:34:31.324 GMT-0700,55.593,55.516999999999996,0.01,0.01
01.04.2021 06:34:31.448 GMT-0700,55.573,55.516999999999996,0.0075,0.01
01.04.2021 06:34:31.655 GMT-0700,55.573,55.507,0.01,0.01
01.04.2021 06:34:31.706 GMT-0700,55.583000000000006,55.537,0.01,0.01
01.04.2021 06:34:31.756 GMT-0700,55.583000000000006,55.527,0.01,0.01
01.04.2021 06:34:31.807 GMT-0700,55.583999999999996,55.54600000000001,0.01,0.01
01.04.2021 06:34:32.167 GMT-0700,55.583000000000006,55.527,0.01,0.01
01.04.2021 06:34:32.482 GMT-0700,55.563,55.527,0,0.0075
01.04.2021 06:34:32.533 GMT-0700,55.573,55.507,0.01,0.01
01.04.2021 06:34:32.633 GMT-0700,55.553000000000004,55.497,0.01,0.01
01.04.2021 06:34:32.734 GMT-0700,55.574,55.516000000000005,0.01,0.01
01.04.2021 06:34:33.118 GMT-0700,55.574,55.496,0.01,0.01
01.04.2021 06:34:33.169 GMT-0700,55.573,55.516999999999996,0.01,0.01
01.04.2021 06:34:33.388 GMT-0700,55.573,55.497,0.01,0.01
01.04.2021 06:34:33.670 GMT-0700,55.573,55.516999999999996,0.01,0.01
01.04.2021 06:34:33.778 GMT-0700,55.573,55.547,0.0075,0
01.04.2021 06:34:33.828 GMT-0700,55.583000000000006,55.537,0.01,0.01
01.04.2021 06:34:34.086 GMT-0700,55.583000000000006,55.547,0.01,0.0075
01.04.2021 06:34:34.137 GMT-0700,55.583000000000006,55.537,0.01,0.01
01.04.2021 06:34:34.275 GMT-0700,55.583000000000006,55.547,0.01,0
01.04.2021 06:34:34.460 GMT-0700,55.583000000000006,55.537,0.01,0.01
01.04.2021 06:34:34.759 GMT-0700,55.583000000000006,55.516999999999996,0.01,0.01
01.04.2021 06:34:34.890 GMT-0700,55.583000000000006,55.537,0.01,0
01.04.2021 06:34:35.078 GMT-0700,55.583000000000006,55.516999999999996,0.01,0.01
01.04.2021 06:34:35.992 GMT-0700,55.583000000000006,55.547,0.01,0
01.04.2021 06:34:36.278 GMT-0700,55.583000000000006,55.516999999999996,0.01,0.01
01.04.2021 06:34:36.777 GMT-0700,55.583999999999996,55.536,0.01,0.01
01.04.2021 06:34:36.978 GMT-0700,55.583999999999996,55.516000000000005,0.01,0.01
01.04.2021 06:34:37.818 GMT-0700,55.583000000000006,55.537,0.01,0.0075
01.04.2021 06:34:37.918 GMT-0700,55.583000000000006,55.516999999999996,0.01,0.01
01.04.2021 06:34:38.015 GMT-0700,55.573,55.547,0.01,0.01
01.04.2021 06:34:38.166 GMT-0700,55.583000000000006,55.516999999999996,0.01,0.01
01.04.2021 06:34:38.759 GMT-0700,55.583000000000006,55.557,0.01,0.01
01.04.2021 06:34:38.860 GMT-0700,55.573,55.516999999999996,0.01,0.01
01.04.2021 06:34:39.384 GMT-0700,55.564,55.496,0.01,0.01
01.04.2021 06:34:39.768 GMT-0700,55.573,55.497,0.01,0.01
01.04.2021 06:34:40.378 GMT-0700,55.573,55.516999999999996,0.01,0
01.04.2021 06:34:41.441 GMT-0700,55.573,55.527,0.01,0.0075
01.04.2021 06:34:41.639 GMT-0700,55.573,55.516999999999996,0.01,0.01
01.04.2021 06:34:41.689 GMT-0700,55.573,55.527,0.01,0.01
01.04.2021 06:34:42.164 GMT-0700,55.573,55.537,0.01,0.0075
01.04.2021 06:34:42.214 GMT-0700,55.583000000000006,55.537,0.01,0.01
01.04.2021 06:34:42.265 GMT-0700,55.563,55.516999999999996,0.01,0.01
01.04.2021 06:34:42.315 GMT-0700,55.573,55.516999999999996,0.01,0.01
01.04.2021 06:34:43.048 GMT-0700,55.603,55.516999999999996,0.01,0.01
01.04.2021 06:34:43.098 GMT-0700,55.593,55.516999999999996,0.01,0.01
01.04.2021 06:34:43.234 GMT-0700,55.573,55.537,0.0075,0
01.04.2021 06:34:43.284 GMT-0700,55.563,55.516999999999996,0.01,0.01
01.04.2021 06:34:43.385 GMT-0700,55.563,55.497,0.01,0.01
01.04.2021 06:34:43.456 GMT-0700,55.563,55.516999999999996,0.0075,0
01.04.2021 06:34:43.507 GMT-0700,55.574,55.516000000000005,0.01,0.01
01.04.2021 06:34:43.607 GMT-0700,55.593,55.497,0.01,0.01
01.04.2021 06:34:43.657 GMT-0700,55.593,55.516999999999996,0.01,0.01
01.04.2021 06:34:43.902 GMT-0700,55.573,55.516999999999996,0,0.01
01.04.2021 06:34:44.454 GMT-0700,55.593,55.516999999999996,0.01,0.01
01.04.2021 06:34:44.505 GMT-0700,55.553999999999995,55.496,0.01,0.01
01.04.2021 06:34:44.805 GMT-0700,55.573,55.497,0.01,0.01
01.04.2021 06:34:45.106 GMT-0700,55.553000000000004,55.497,0.0075,0.01
01.04.2021 06:34:45.156 GMT-0700,55.573,55.497,0.01,0.01
01.04.2021 06:34:45.209 GMT-0700,55.563,55.497,0.0075,0.01
01.04.2021 06:34:45.259 GMT-0700,55.573,55.497,0.01,0.01
01.04.2021 06:34:45.602 GMT-0700,55.553000000000004,55.497,0,0.01
01.04.2021 06:34:45.703 GMT-0700,55.573,55.497,0.01,0.01
01.04.2021 06:34:45.875 GMT-0700,55.553000000000004,55.497,0,0.01
01.04.2021 06:34:45.926 GMT-0700,55.574,55.496,0.01,0.01
01.04.2021 06:34:46.530 GMT-0700,55.533,55.497,0,0.0075
01.04.2021 06:34:46.581 GMT-0700,55.533,55.467,0.01,0.01
01.04.2021 06:34:46.632 GMT-0700,55.533,55.487,0.01,0.0075
01.04.2021 06:34:46.733 GMT-0700,55.543000000000006,55.467,0.01,0.01
01.04.2021 06:34:46.783 GMT-0700,55.503,55.467,0.01,0.01
01.04.2021 06:34:46.912 GMT-0700,55.533,55.467,0.01,0.01
01.04.2021 06:34:47.362 GMT-0700,55.543000000000006,55.467,0.01,0.01
01.04.2021 06:34:47.496 GMT-0700,55.533,55.467,0,0.01
01.04.2021 06:34:47.603 GMT-0700,55.533,55.487,0,0.01
01.04.2021 06:34:47.821 GMT-0700,55.523,55.487,0.01,0.01
01.04.2021 06:34:48.324 GMT-0700,55.523,55.497,0.01,0.01
01.04.2021 06:34:50.228 GMT-0700,55.523,55.507,0.0075,0
01.04.2021 06:34:50.278 GMT-0700,55.553999999999995,55.50600000000001,0.01,0.01
01.04.2021 06:34:50.610 GMT-0700,55.553000000000004,55.527,0.0075,0
01.04.2021 06:34:50.660 GMT-0700,55.563,55.527,0.01,0.01
01.04.2021 06:34:51.063 GMT-0700,55.573,55.527,0.01,0.01
01.04.2021 06:34:51.898 GMT-0700,55.553000000000004,55.507,0.01,0.01
01.04.2021 06:34:52.674 GMT-0700,55.563,55.527,0.01,0.0075
01.04.2021 06:34:52.739 GMT-0700,55.563,55.507,0.01,0.01
01.04.2021 06:34:53.325 GMT-0700,55.563,55.516999999999996,0,0.0075
01.04.2021 06:34:53.427 GMT-0700,55.553000000000004,55.507,0.01,0.01
01.04.2021 06:34:55.258 GMT-0700,55.523,55.477,0.01,0.01
01.04.2021 06:34:55.308 GMT-0700,55.553000000000004,55.477,0.01,0.01
01.04.2021 06:34:55.992 GMT-0700,55.543000000000006,55.477,0.0075,0.01
01.04.2021 06:34:56.092 GMT-0700,55.553000000000004,55.477,0.01,0.01
01.04.2021 06:34:56.514 GMT-0700,55.533,55.477,0.01,0.01
01.04.2021 06:34:56.647 GMT-0700,55.534,55.496,0.01,0.01
01.04.2021 06:34:56.953 GMT-0700,55.533,55.477,0.01,0.01
01.04.2021 06:34:59.005 GMT-0700,55.533,55.467,0.01,0.01
01.04.2021 06:34:59.069 GMT-0700,55.513000000000005,55.467,0.0075,0.01
01.04.2021 06:34:59.119 GMT-0700,55.533,55.467,0.01,0.01
01.04.2021 06:35:00.464 GMT-0700,55.533,55.497,0.01,0.01
01.04.2021 06:35:03.053 GMT-0700,55.523,55.497,0.01,0.01
01.04.2021 06:35:03.103 GMT-0700,55.533,55.497,0.01,0.01
01.04.2021 06:35:03.153 GMT-0700,55.513000000000005,55.497,0.01,0.01
01.04.2021 06:35:03.254 GMT-0700,55.513000000000005,55.487,0.01,0.01
01.04.2021 06:35:03.413 GMT-0700,55.513000000000005,55.497,0.0075,0
01.04.2021 06:35:03.463 GMT-0700,55.524,55.496,0.01,0.01
01.04.2021 06:35:03.891 GMT-0700,55.533,55.497,0.01,0.01
01.04.2021 06:35:05.490 GMT-0700,55.523,55.497,0.01,0.01
01.04.2021 06:35:05.666 GMT-0700,55.513000000000005,55.497,0.01,0.01
01.04.2021 06:35:06.140 GMT-0700,55.504,55.496,0,0.0075
01.04.2021 06:35:06.190 GMT-0700,55.533,55.497,0.01,0.01
01.04.2021 06:35:06.666 GMT-0700,55.513000000000005,55.497,0,0.01
01.04.2021 06:35:07.202 GMT-0700,55.533,55.507,0.01,0.01
01.04.2021 06:35:08.136 GMT-0700,55.533,55.516999999999996,0.0075,0
01.04.2021 06:35:08.186 GMT-0700,55.593,55.547,0.01,0.01
01.04.2021 06:35:08.236 GMT-0700,55.583000000000006,55.547,0.01,0.01
01.04.2021 06:35:08.997 GMT-0700,55.643,55.586999999999996,0.01,0.01
01.04.2021 06:35:09.048 GMT-0700,55.633,55.586999999999996,0.01,0.01
01.04.2021 06:35:09.176 GMT-0700,55.633,55.607,0.0075,0
01.04.2021 06:35:09.541 GMT-0700,55.643,55.627,0.0075,0.01
01.04.2021 06:35:09.591 GMT-0700,55.703,55.647,0.01,0.01
01.04.2021 06:35:09.642 GMT-0700,55.703,55.657,0.01,0.01
01.04.2021 06:35:09.792 GMT-0700,55.693000000000005,55.637,0.01,0.01
01.04.2021 06:35:09.843 GMT-0700,55.703,55.647,0.01,0.01
01.04.2021 06:35:09.893 GMT-0700,55.713,55.637,0.01,0.01
01.04.2021 06:35:09.945 GMT-0700,55.693000000000005,55.627,0.01,0.01
01.04.2021 06:35:10.074 GMT-0700,55.693000000000005,55.637,0.01,0
01.04.2021 06:35:10.196 GMT-0700,55.665,55.647,0,0.0075
01.04.2021 06:35:10.246 GMT-0700,55.713,55.637,0.01,0.01
01.04.2021 06:35:10.308 GMT-0700,55.693000000000005,55.637,0,0.01
01.04.2021 06:35:10.409 GMT-0700,55.713,55.637,0.01,0.01
01.04.2021 06:35:10.839 GMT-0700,55.713,55.657,0.01,0.0075
01.04.2021 06:35:11.066 GMT-0700,55.713,55.637,0.01,0.01
01.04.2021 06:35:11.168 GMT-0700,55.703,55.657,0.0075,0.0075
01.04.2021 06:35:11.288 GMT-0700,55.704,55.636,0.01,0.01
01.04.2021 06:35:12.040 GMT-0700,55.703,55.657,0.01,0.0075
01.04.2021 06:35:12.191 GMT-0700,55.703,55.637,0.01,0.01
01.04.2021 06:35:12.241 GMT-0700,55.693000000000005,55.627,0.01,0.01
01.04.2021 06:35:12.291 GMT-0700,55.693999999999996,55.61600000000001,0.01,0.01
01.04.2021 06:35:12.342 GMT-0700,55.693000000000005,55.637,0.01,0.01
01.04.2021 06:35:13.799 GMT-0700,55.693000000000005,55.617,0.01,0.01
01.04.2021 06:35:14.358 GMT-0700,55.673,55.617,0,0.01
01.04.2021 06:35:14.408 GMT-0700,55.683,55.617,0.01,0.01
01.04.2021 06:35:14.657 GMT-0700,55.663999999999994,55.61600000000001,0,0.01
01.04.2021 06:35:14.707 GMT-0700,55.673,55.617,0.01,0.01
01.04.2021 06:35:14.962 GMT-0700,55.673,55.607,0.01,0.01
01.04.2021 06:35:15.572 GMT-0700,55.673,55.627,0.01,0
01.04.2021 06:35:15.623 GMT-0700,55.673,55.607,0.01,0.01
01.04.2021 06:35:15.751 GMT-0700,55.643,55.607,0.0075,0.01
01.04.2021 06:35:15.802 GMT-0700,55.653000000000006,55.607,0.01,0.01
01.04.2021 06:35:16.061 GMT-0700,55.633,55.607,0.0075,0
01.04.2021 06:35:16.112 GMT-0700,55.634,55.596000000000004,0.01,0.01
01.04.2021 06:35:17.934 GMT-0700,55.613,55.597,0.0075,0
01.04.2021 06:35:17.984 GMT-0700,55.613,55.567,0.01,0.01
01.04.2021 06:35:18.035 GMT-0700,55.613,55.547,0.01,0.01
01.04.2021 06:35:18.135 GMT-0700,55.613,55.567,0.01,0.01
01.04.2021 06:35:18.186 GMT-0700,55.613,55.557,0.01,0.01
01.04.2021 06:35:18.413 GMT-0700,55.614,55.54600000000001,0.01,0.01
01.04.2021 06:35:18.473 GMT-0700,55.593999999999994,55.556000000000004,0.01,0.01
01.04.2021 06:35:18.573 GMT-0700,55.613,55.557,0.01,0.01
01.04.2021 06:35:19.010 GMT-0700,55.603,55.557,0,0.01
01.04.2021 06:35:19.204 GMT-0700,55.593,55.557,0,0.0075
01.04.2021 06:35:19.255 GMT-0700,55.593,55.516999999999996,0.01,0.01
01.04.2021 06:35:19.305 GMT-0700,55.593,55.527,0.01,0.01
01.04.2021 06:35:19.355 GMT-0700,55.593,55.516999999999996,0.01,0.01
01.04.2021 06:35:19.405 GMT-0700,55.573,55.516999999999996,0.01,0.01
01.04.2021 06:35:19.522 GMT-0700,55.573,55.507,0.01,0.01
01.04.2021 06:35:19.572 GMT-0700,55.583000000000006,55.527,0.01,0.01
01.04.2021 06:35:20.030 GMT-0700,55.583000000000006,55.537,0.01,0.0075
01.04.2021 06:35:20.081 GMT-0700,55.583000000000006,55.527,0.01,0.01
01.04.2021 06:35:20.661 GMT-0700,55.583000000000006,55.516999999999996,0.01,0.01
01.04.2021 06:35:21.066 GMT-0700,55.543000000000006,55.516999999999996,0,0.0075
01.04.2021 06:35:21.116 GMT-0700,55.553000000000004,55.516999999999996,0.01,0.01
01.04.2021 06:35:21.216 GMT-0700,55.563,55.497,0.01,0.01
01.04.2021 06:35:22.597 GMT-0700,55.553000000000004,55.497,0,0.01
01.04.2021 06:35:22.830 GMT-0700,55.563,55.497,0.01,0.01
01.04.2021 06:35:23.207 GMT-0700,55.553000000000004,55.497,0.01,0.01
01.04.2021 06:35:23.527 GMT-0700,55.533,55.497,0.01,0.01
01.04.2021 06:35:23.577 GMT-0700,55.533,55.487,0.01,0.01
01.04.2021 06:35:23.628 GMT-0700,55.553000000000004,55.487,0.01,0.01
01.04.2021 06:35:23.728 GMT-0700,55.553000000000004,55.477,0.01,0.01
01.04.2021 06:35:23.779 GMT-0700,55.533,55.477,0.0075,0.01
01.04.2021 06:35:23.829 GMT-0700,55.553000000000004,55.477,0.01,0.01
01.04.2021 06:35:23.980 GMT-0700,55.533,55.477,0.01,0.01
01.04.2021 06:35:24.209 GMT-0700,55.523,55.477,0.01,0.01
01.04.2021 06:35:24.259 GMT-0700,55.513000000000005,55.457,0.01,0.01
01.04.2021 06:35:24.679 GMT-0700,55.513000000000005,55.467,0.01,0.01
01.04.2021 06:35:25.167 GMT-0700,55.513999999999996,55.456,0.01,0.01
01.04.2021 06:35:25.578 GMT-0700,55.513000000000005,55.467,0.01,0.01
01.04.2021 06:35:25.679 GMT-0700,55.513000000000005,55.457,0.01,0.01
01.04.2021 06:35:26.036 GMT-0700,55.513000000000005,55.467,0.01,0.01
01.04.2021 06:35:26.186 GMT-0700,55.513999999999996,55.476000000000006,0.01,0.01
01.04.2021 06:35:26.236 GMT-0700,55.573,55.507,0.01,0.01
01.04.2021 06:35:28.484 GMT-0700,55.573,55.516999999999996,0.01,0.0075
01.04.2021 06:35:28.566 GMT-0700,55.574,55.496,0.01,0.01
01.04.2021 06:35:31.103 GMT-0700,55.573,55.527,0.01,0
01.04.2021 06:35:31.204 GMT-0700,55.573,55.516999999999996,0.01,0.01
01.04.2021 06:35:31.304 GMT-0700,55.553000000000004,55.507,0.01,0.01
01.04.2021 06:35:31.354 GMT-0700,55.573,55.507,0.01,0.01
01.04.2021 06:35:31.485 GMT-0700,55.573,55.516999999999996,0.01,0
01.04.2021 06:35:31.650 GMT-0700,55.573,55.507,0.01,0.01
01.04.2021 06:35:31.720 GMT-0700,55.573,55.516999999999996,0.01,0.01
01.04.2021 06:35:32.482 GMT-0700,55.553000000000004,55.516999999999996,0.01,0.01
01.04.2021 06:35:32.957 GMT-0700,55.543000000000006,55.516999999999996,0,0.01
01.04.2021 06:35:33.878 GMT-0700,55.523,55.516999999999996,0.0075,0
01.04.2021 06:35:33.929 GMT-0700,55.523,55.507,0.01,0.01
01.04.2021 06:35:34.172 GMT-0700,55.533,55.507,0.01,0
01.04.2021 06:35:34.902 GMT-0700,55.533,55.477,0.01,0.01
01.04.2021 06:35:36.597 GMT-0700,55.533,55.457,0.01,0.01
01.04.2021 06:35:36.664 GMT-0700,55.533,55.497,0.01,0.0075
01.04.2021 06:35:36.715 GMT-0700,55.533,55.477,0.01,0.01
01.04.2021 06:35:37.028 GMT-0700,55.533,55.467,0.01,0.01
01.04.2021 06:35:38.665 GMT-0700,55.513999999999996,55.46600000000001,0.0075,0.01
01.04.2021 06:35:40.104 GMT-0700,55.515,55.507,0.0075,0
01.04.2021 06:35:40.155 GMT-0700,55.543000000000006,55.497,0.01,0.01
01.04.2021 06:35:40.219 GMT-0700,55.573,55.497,0.01,0.01
01.04.2021 06:35:41.307 GMT-0700,55.573,55.537,0.0075,0
01.04.2021 06:35:41.358 GMT-0700,55.583000000000006,55.537,0.01,0.01
01.04.2021 06:35:41.720 GMT-0700,55.623000000000005,55.557,0.01,0.01
01.04.2021 06:35:41.782 GMT-0700,55.614,55.556000000000004,0,0.01
01.04.2021 06:35:42.121 GMT-0700,55.623000000000005,55.557,0.01,0.01
01.04.2021 06:35:42.932 GMT-0700,55.613,55.557,0.0075,0
01.04.2021 06:35:42.983 GMT-0700,55.614,55.536,0.01,0.01
01.04.2021 06:35:43.045 GMT-0700,55.613,55.557,0.01,0
01.04.2021 06:35:43.505 GMT-0700,55.633,55.557,0.01,0.01
01.04.2021 06:35:43.686 GMT-0700,55.633,55.597,0.01,0.01
01.04.2021 06:35:43.737 GMT-0700,55.633,55.586999999999996,0.01,0.01
01.04.2021 06:35:44.804 GMT-0700,55.633,55.597,0.01,0.01
01.04.2021 06:35:45.111 GMT-0700,55.633,55.586999999999996,0.01,0.01
01.04.2021 06:35:45.247 GMT-0700,55.633,55.557,0.01,0.01
01.04.2021 06:35:46.119 GMT-0700,55.633,55.597,0.01,0.01
01.04.2021 06:35:47.065 GMT-0700,55.623000000000005,55.597,0,0.0075
01.04.2021 06:35:47.115 GMT-0700,55.623000000000005,55.557,0.01,0.01
01.04.2021 06:35:47.166 GMT-0700,55.633,55.557,0.01,0.01
01.04.2021 06:35:48.156 GMT-0700,55.633,55.577,0.01,0.01
01.04.2021 06:35:48.642 GMT-0700,55.633,55.557,0.01,0.01
01.04.2021 06:35:48.692 GMT-0700,55.633,55.567,0.01,0.01
01.04.2021 06:35:48.798 GMT-0700,55.633,55.557,0.01,0.01
01.04.2021 06:35:49.646 GMT-0700,55.633,55.586999999999996,0.01,0.01
01.04.2021 06:35:50.765 GMT-0700,55.684,55.636,0.01,0.01
01.04.2021 06:35:50.866 GMT-0700,55.693000000000005,55.637,0.01,0.01
01.04.2021 06:35:51.123 GMT-0700,55.693000000000005,55.647,0.01,0.01
01.04.2021 06:35:51.342 GMT-0700,55.693000000000005,55.657,0.01,0.01
01.04.2021 06:35:51.779 GMT-0700,55.693000000000005,55.677,0.0075,0
01.04.2021 06:35:51.829 GMT-0700,55.703,55.677,0.01,0.01
01.04.2021 06:35:53.662 GMT-0700,55.703,55.687,0.0075,0
01.04.2021 06:35:53.713 GMT-0700,55.753,55.707,0.01,0.01
01.04.2021 06:35:53.763 GMT-0700,55.733000000000004,55.707,0.01,0.01
01.04.2021 06:35:53.813 GMT-0700,55.743,55.707,0.01,0.01
01.04.2021 06:35:53.917 GMT-0700,55.753,55.707,0,0.01
01.04.2021 06:35:54.684 GMT-0700,55.774,55.71600000000001,0.01,0.01
01.04.2021 06:35:54.947 GMT-0700,55.753,55.717,0,0.01
01.04.2021 06:35:55.355 GMT-0700,55.763000000000005,55.717,0.01,0.01
01.04.2021 06:35:55.451 GMT-0700,55.753,55.717,0,0.01
01.04.2021 06:35:55.552 GMT-0700,55.763000000000005,55.727,0.01,0.01
01.04.2021 06:35:56.056 GMT-0700,55.743,55.717,0.01,0.01
01.04.2021 06:35:56.106 GMT-0700,55.753,55.697,0.01,0.01
01.04.2021 06:35:56.357 GMT-0700,55.743,55.697,0,0.01
01.04.2021 06:35:56.458 GMT-0700,55.733000000000004,55.687,0.01,0.01
01.04.2021 06:35:56.558 GMT-0700,55.754,55.68600000000001,0.01,0.01
01.04.2021 06:35:57.080 GMT-0700,55.733000000000004,55.687,0,0.0075
01.04.2021 06:35:57.131 GMT-0700,55.733999999999995,55.666000000000004,0.01,0.01
01.04.2021 06:35:58.324 GMT-0700,55.733000000000004,55.697,0,0.0075
01.04.2021 06:35:58.375 GMT-0700,55.743,55.697,0.01,0.01
01.04.2021 06:35:58.425 GMT-0700,55.743,55.717,0.01,0.01
01.04.2021 06:35:58.475 GMT-0700,55.743,55.707,0.01,0.01
01.04.2021 06:35:58.691 GMT-0700,55.744,55.726000000000006,0.01,0
01.04.2021 06:35:58.741 GMT-0700,55.743,55.707,0.01,0.01
01.04.2021 06:35:58.792 GMT-0700,55.743,55.687,0.01,0.01
01.04.2021 06:35:59.428 GMT-0700,55.743,55.697,0.01,0.01
01.04.2021 06:35:59.565 GMT-0700,55.743,55.687,0.01,0.01
01.04.2021 06:35:59.663 GMT-0700,55.743,55.717,0.01,0
01.04.2021 06:35:59.713 GMT-0700,55.743,55.707,0.01,0.01
01.04.2021 06:36:00.837 GMT-0700,55.753,55.727,0.01,0.01
01.04.2021 06:36:00.887 GMT-0700,55.773,55.737,0.01,0.01
01.04.2021 06:36:01.696 GMT-0700,55.773,55.727,0.01,0.01
01.04.2021 06:36:01.746 GMT-0700,55.763000000000005,55.737,0.01,0.01
01.04.2021 06:36:01.977 GMT-0700,55.763000000000005,55.747,0.01,0
01.04.2021 06:36:02.078 GMT-0700,55.763000000000005,55.737,0.01,0.01
01.04.2021 06:36:02.383 GMT-0700,55.763000000000005,55.707,0.01,0.01
01.04.2021 06:36:03.052 GMT-0700,55.763000000000005,55.737,0.01,0
01.04.2021 06:36:03.103 GMT-0700,55.763000000000005,55.707,0.01,0.01
01.04.2021 06:36:03.153 GMT-0700,55.793000000000006,55.757,0.01,0.01
01.04.2021 06:36:03.204 GMT-0700,55.784,55.726000000000006,0.01,0.01
01.04.2021 06:36:03.421 GMT-0700,55.783,55.747,0.01,0
01.04.2021 06:36:03.650 GMT-0700,55.783,55.737,0.01,0.01
01.04.2021 06:36:03.700 GMT-0700,55.783,55.747,0.01,0.01
01.04.2021 06:36:04.009 GMT-0700,55.783,55.737,0.01,0.01
01.04.2021 06:36:05.374 GMT-0700,55.783,55.747,0.01,0.0075
01.04.2021 06:36:06.346 GMT-0700,55.833000000000006,55.766999999999996,0.01,0.01
01.04.2021 06:36:06.446 GMT-0700,55.823,55.766999999999996,0.01,0.01
01.04.2021 06:36:06.949 GMT-0700,55.824,55.786,0.0075,0
01.04.2021 06:36:06.999 GMT-0700,55.833000000000006,55.777,0.01,0.01
01.04.2021 06:36:07.076 GMT-0700,55.854,55.786,0.01,0.01
01.04.2021 06:36:07.126 GMT-0700,55.833000000000006,55.777,0.01,0.01
01.04.2021 06:36:07.301 GMT-0700,55.833000000000006,55.766999999999996,0.01,0.01
01.04.2021 06:36:07.353 GMT-0700,55.823,55.766999999999996,0.0075,0
01.04.2021 06:36:07.404 GMT-0700,55.813,55.747,0.01,0.01
01.04.2021 06:36:07.703 GMT-0700,55.793000000000006,55.747,0.01,0.01
01.04.2021 06:36:07.856 GMT-0700,55.763000000000005,55.717,0.01,0.01
01.04.2021 06:36:07.906 GMT-0700,55.793000000000006,55.717,0.01,0.01
01.04.2021 06:36:07.957 GMT-0700,55.763000000000005,55.727,0.01,0.01
01.04.2021 06:36:08.066 GMT-0700,55.773,55.717,0.0075,0.01
01.04.2021 06:36:08.119 GMT-0700,55.763000000000005,55.727,0.01,0
01.04.2021 06:36:08.368 GMT-0700,55.793000000000006,55.727,0.01,0.01
01.04.2021 06:36:08.638 GMT-0700,55.773,55.727,0.01,0.01
01.04.2021 06:36:08.882 GMT-0700,55.773,55.737,0.01,0.01
01.04.2021 06:36:09.270 GMT-0700,55.783,55.737,0.01,0.01
01.04.2021 06:36:09.654 GMT-0700,55.813,55.747,0.01,0.01
01.04.2021 06:36:09.767 GMT-0700,55.813,55.737,0.01,0.01
01.04.2021 06:36:09.818 GMT-0700,55.833000000000006,55.757,0.01,0.01
01.04.2021 06:36:09.931 GMT-0700,55.833000000000006,55.766999999999996,0.01,0.01
01.04.2021 06:36:10.061 GMT-0700,55.833000000000006,55.777,0.01,0.01
01.04.2021 06:36:10.162 GMT-0700,55.833999999999996,55.746,0.01,0.01
01.04.2021 06:36:10.378 GMT-0700,55.813,55.757,0,0
01.04.2021 06:36:10.586 GMT-0700,55.814,55.746,0.01,0.01
01.04.2021 06:36:11.656 GMT-0700,55.803000000000004,55.777,0.0075,0.0075
01.04.2021 06:36:11.706 GMT-0700,55.803000000000004,55.766999999999996,0.01,0.01
01.04.2021 06:36:11.985 GMT-0700,55.803000000000004,55.757,0.01,0.01
01.04.2021 06:36:12.272 GMT-0700,55.833000000000006,55.766999999999996,0.01,0.01
01.04.2021 06:36:12.746 GMT-0700,55.833000000000006,55.757,0.01,0.01
01.04.2021 06:36:12.800 GMT-0700,55.823,55.757,0,0.01
01.04.2021 06:36:13.037 GMT-0700,55.813,55.757,0.01,0.01
01.04.2021 06:36:13.140 GMT-0700,55.793000000000006,55.737,0.0075,0.01
01.04.2021 06:36:13.241 GMT-0700,55.773,55.717,0.01,0.01
01.04.2021 06:36:13.291 GMT-0700,55.773,55.707,0.01,0.01
01.04.2021 06:36:13.565 GMT-0700,55.773,55.717,0.01,0
01.04.2021 06:36:14.067 GMT-0700,55.774,55.696000000000005,0.01,0.01
01.04.2021 06:36:15.356 GMT-0700,55.753,55.697,0,0.01
01.04.2021 06:36:15.710 GMT-0700,55.763000000000005,55.697,0.01,0.01
01.04.2021 06:36:15.869 GMT-0700,55.753,55.697,0,0.01
01.04.2021 06:36:16.314 GMT-0700,55.733000000000004,55.677,0.01,0.01
01.04.2021 06:36:16.415 GMT-0700,55.763000000000005,55.677,0.01,0.01
01.04.2021 06:36:16.465 GMT-0700,55.743,55.677,0.01,0.01
01.04.2021 06:36:17.005 GMT-0700,55.743,55.687,0.01,0
01.04.2021 06:36:17.056 GMT-0700,55.743,55.677,0.01,0.01
01.04.2021 06:36:17.106 GMT-0700,55.733000000000004,55.677,0.01,0.01
01.04.2021 06:36:17.184 GMT-0700,55.743,55.677,0.01,0.01
01.04.2021 06:36:17.284 GMT-0700,55.733000000000004,55.677,0.01,0.01
01.04.2021 06:36:17.349 GMT-0700,55.743,55.677,0.01,0.01
01.04.2021 06:36:18.264 GMT-0700,55.754,55.676,0.01,0.01
01.04.2021 06:36:18.660 GMT-0700,55.753,55.707,0.01,0.01
01.04.2021 06:36:18.734 GMT-0700,55.753,55.677,0.01,0.01
01.04.2021 06:36:20.065 GMT-0700,55.733000000000004,55.677,0,0.0075
01.04.2021 06:36:20.115 GMT-0700,55.733000000000004,55.667,0.01,0.01
01.04.2021 06:36:20.404 GMT-0700,55.723000000000006,55.667,0,0.01
01.04.2021 06:36:20.898 GMT-0700,55.713,55.667,0.01,0.01
01.04.2021 06:36:20.948 GMT-0700,55.703,55.647,0.01,0.01
01.04.2021 06:36:21.166 GMT-0700,55.703,55.687,0,0.0075
01.04.2021 06:36:21.217 GMT-0700,55.723000000000006,55.667,0.01,0.01
01.04.2021 06:36:21.711 GMT-0700,55.723000000000006,55.657,0.01,0.01
01.04.2021 06:36:25.862 GMT-0700,55.723000000000006,55.677,0.01,0.01
01.04.2021 06:36:26.068 GMT-0700,55.723000000000006,55.697,0.0075,0
01.04.2021 06:36:26.118 GMT-0700,55.713,55.657,0.01,0.01
01.04.2021 06:36:26.169 GMT-0700,55.743,55.707,0.01,0.01
01.04.2021 06:36:26.219 GMT-0700,55.723000000000006,55.657,0.01,0.01
01.04.2021 06:36:26.334 GMT-0700,55.713,55.657,0.0075,0.01
01.04.2021 06:36:26.508 GMT-0700,55.723000000000006,55.657,0.01,0.01
01.04.2021 06:36:26.638 GMT-0700,55.713,55.657,0,0.01
01.04.2021 06:36:26.739 GMT-0700,55.723000000000006,55.657,0.01,0.01
01.04.2021 06:36:26.870 GMT-0700,55.713,55.657,0.01,0.01
01.04.2021 06:36:27.007 GMT-0700,55.723000000000006,55.677,0.01,0.01
01.04.2021 06:36:27.239 GMT-0700,55.713,55.677,0,0.01
01.04.2021 06:36:27.520 GMT-0700,55.724,55.676,0.01,0.01
01.04.2021 06:36:28.480 GMT-0700,55.723000000000006,55.657,0.01,0.01
01.04.2021 06:36:28.651 GMT-0700,55.723000000000006,55.697,0.01,0.01
01.04.2021 06:36:28.701 GMT-0700,55.743,55.687,0.01,0.01
01.04.2021 06:36:30.268 GMT-0700,55.713,55.687,0.01,0.01
01.04.2021 06:36:30.327 GMT-0700,55.723000000000006,55.687,0.01,0.01
01.04.2021 06:36:30.378 GMT-0700,55.744,55.68600000000001,0.01,0.01
01.04.2021 06:36:33.074 GMT-0700,55.693000000000005,55.687,0,0.0075
01.04.2021 06:36:33.124 GMT-0700,55.693000000000005,55.657,0.01,0.01
01.04.2021 06:36:33.273 GMT-0700,55.703,55.647,0.01,0.01
01.04.2021 06:36:33.544 GMT-0700,55.693000000000005,55.647,0.01,0.01
01.04.2021 06:36:33.969 GMT-0700,55.703,55.647,0.01,0.01
01.04.2021 06:36:34.044 GMT-0700,55.703,55.657,0.01,0
01.04.2021 06:36:34.968 GMT-0700,55.703,55.667,0.01,0.0075
01.04.2021 06:36:35.081 GMT-0700,55.683,55.607,0.01,0.01
01.04.2021 06:36:35.131 GMT-0700,55.683,55.627,0.01,0.01
01.04.2021 06:36:35.254 GMT-0700,55.693000000000005,55.627,0.01,0.01
01.04.2021 06:36:35.713 GMT-0700,55.703,55.627,0.01,0.01
01.04.2021 06:36:36.009 GMT-0700,55.683,55.627,0,0.01
01.04.2021 06:36:36.110 GMT-0700,55.703,55.627,0.01,0.01
01.04.2021 06:36:37.466 GMT-0700,55.703,55.657,0.01,0.0075
01.04.2021 06:36:37.516 GMT-0700,55.743,55.677,0.01,0.01
01.04.2021 06:36:37.791 GMT-0700,55.743,55.657,0.01,0.01
01.04.2021 06:36:37.841 GMT-0700,55.713,55.657,0.01,0.01
01.04.2021 06:36:39.180 GMT-0700,55.713,55.687,0.01,0.01
01.04.2021 06:36:39.230 GMT-0700,55.743,55.697,0.01,0.01
01.04.2021 06:36:39.458 GMT-0700,55.743,55.687,0.01,0.01
01.04.2021 06:36:40.504 GMT-0700,55.763000000000005,55.687,0.01,0.01
01.04.2021 06:36:40.555 GMT-0700,55.773,55.687,0.01,0.01
01.04.2021 06:36:40.605 GMT-0700,55.803000000000004,55.747,0.01,0.01
01.04.2021 06:36:40.655 GMT-0700,55.803000000000004,55.717,0.01,0.01
01.04.2021 06:36:40.796 GMT-0700,55.803999999999995,55.75600000000001,0.01,0
01.04.2021 06:36:40.846 GMT-0700,55.813,55.737,0.01,0.01
01.04.2021 06:36:41.225 GMT-0700,55.793000000000006,55.737,0,0.01
01.04.2021 06:36:41.617 GMT-0700,55.793000000000006,55.717,0.01,0.01
01.04.2021 06:36:41.707 GMT-0700,55.793000000000006,55.737,0.01,0
01.04.2021 06:36:41.999 GMT-0700,55.814,55.736000000000004,0.01,0.01
01.04.2021 06:36:42.050 GMT-0700,55.843,55.797,0.01,0.01
01.04.2021 06:36:42.100 GMT-0700,55.833999999999996,55.766000000000005,0.01,0.01
01.04.2021 06:36:42.258 GMT-0700,55.833000000000006,55.757,0.01,0.01
01.04.2021 06:36:42.360 GMT-0700,55.843999999999994,55.75600000000001,0.01,0.01
01.04.2021 06:36:42.492 GMT-0700,55.843,55.787,0.01,0.0075
01.04.2021 06:36:42.887 GMT-0700,55.843,55.807,0.0075,0
01.04.2021 06:36:42.938 GMT-0700,55.853,55.787,0.01,0.01
01.04.2021 06:36:43.055 GMT-0700,55.843,55.787,0,0.01
01.04.2021 06:36:43.271 GMT-0700,55.833999999999996,55.786,0,0.0075
01.04.2021 06:36:43.322 GMT-0700,55.853,55.797,0.01,0.01
01.04.2021 06:36:44.180 GMT-0700,55.843,55.797,0,0.0075
01.04.2021 06:36:44.231 GMT-0700,55.843,55.787,0.01,0.01
01.04.2021 06:36:44.496 GMT-0700,55.853,55.787,0.01,0.01
01.04.2021 06:36:44.546 GMT-0700,55.843,55.787,0.01,0.01
01.04.2021 06:36:44.664 GMT-0700,55.853,55.787,0.01,0.01
01.04.2021 06:36:44.755 GMT-0700,55.853,55.797,0.01,0.0075
01.04.2021 06:36:45.085 GMT-0700,55.854,55.816,0.01,0.01
01.04.2021 06:36:45.135 GMT-0700,55.863,55.817,0.01,0.01
01.04.2021 06:36:46.650 GMT-0700,55.854,55.816,0.0075,0
01.04.2021 06:36:46.700 GMT-0700,55.853,55.787,0.01,0.01
01.04.2021 06:36:46.850 GMT-0700,55.854,55.806000000000004,0.0075,0
01.04.2021 06:36:46.950 GMT-0700,55.853,55.797,0.01,0.01
01.04.2021 06:36:47.125 GMT-0700,55.853,55.787,0.01,0.01
01.04.2021 06:36:47.744 GMT-0700,55.843,55.787,0.01,0.01
01.04.2021 06:36:47.795 GMT-0700,55.853,55.787,0.01,0.01
01.04.2021 06:36:49.738 GMT-0700,55.853,55.797,0.01,0
01.04.2021 06:36:49.788 GMT-0700,55.853,55.787,0.01,0.01
01.04.2021 06:36:49.939 GMT-0700,55.833999999999996,55.786,0,0.01
01.04.2021 06:36:49.990 GMT-0700,55.853,55.787,0.01,0.01
01.04.2021 06:36:51.317 GMT-0700,55.813,55.787,0,0.0075
01.04.2021 06:36:51.368 GMT-0700,55.833000000000006,55.777,0.01,0.01
01.04.2021 06:36:51.529 GMT-0700,55.833000000000006,55.766999999999996,0.01,0.01
01.04.2021 06:36:52.651 GMT-0700,55.833000000000006,55.787,0,0.0075
01.04.2021 06:36:52.701 GMT-0700,55.833000000000006,55.766999999999996,0.01,0.01
01.04.2021 06:36:52.751 GMT-0700,55.813,55.766999999999996,0.01,0.01
01.04.2021 06:36:52.802 GMT-0700,55.833000000000006,55.766999999999996,0.01,0.01
01.04.2021 06:36:53.729 GMT-0700,55.813,55.766999999999996,0,0.01
01.04.2021 06:36:53.829 GMT-0700,55.833000000000006,55.766999999999996,0.01,0.01
01.04.2021 06:36:53.879 GMT-0700,55.793000000000006,55.757,0.01,0.01
01.04.2021 06:36:53.933 GMT-0700,55.793000000000006,55.747,0.01,0.01
01.04.2021 06:36:54.125 GMT-0700,55.793000000000006,55.717,0.01,0.01
01.04.2021 06:36:54.191 GMT-0700,55.793000000000006,55.737,0.01,0.01
01.04.2021 06:36:59.127 GMT-0700,55.783,55.737,0.01,0.01
01.04.2021 06:36:59.228 GMT-0700,55.773,55.717,0.01,0.01
01.04.2021 06:36:59.278 GMT-0700,55.793000000000006,55.737,0.01,0.01
01.04.2021 06:36:59.419 GMT-0700,55.783,55.717,0.01,0.01
01.04.2021 06:36:59.500 GMT-0700,55.784,55.746,0.01,0
01.04.2021 06:36:59.910 GMT-0700,55.793000000000006,55.747,0.01,0.01
01.04.2021 06:37:00.114 GMT-0700,55.793000000000006,55.757,0.01,0
01.04.2021 06:37:00.164 GMT-0700,55.793000000000006,55.747,0.01,0.01
01.04.2021 06:37:00.405 GMT-0700,55.783,55.747,0.01,0.01
01.04.2021 06:37:00.518 GMT-0700,55.773,55.747,0,0.01
01.04.2021 06:37:01.425 GMT-0700,55.783,55.747,0.01,0.01
01.04.2021 06:37:02.708 GMT-0700,55.783,55.766999999999996,0.0075,0
01.04.2021 06:37:02.758 GMT-0700,55.794,55.75600000000001,0.01,0.01
01.04.2021 06:37:02.862 GMT-0700,55.793000000000006,55.777,0.0075,0
01.04.2021 06:37:02.912 GMT-0700,55.813,55.757,0.01,0.01
01.04.2021 06:37:03.063 GMT-0700,55.813,55.787,0.01,0.01
01.04.2021 06:37:03.308 GMT-0700,55.813,55.797,0,0.0075
01.04.2021 06:37:03.358 GMT-0700,55.843,55.797,0.01,0.01
01.04.2021 06:37:04.347 GMT-0700,55.853,55.797,0.01,0.01
01.04.2021 06:37:04.633 GMT-0700,55.873000000000005,55.807,0.01,0.01
01.04.2021 06:37:04.684 GMT-0700,55.873000000000005,55.817,0.01,0.01
01.04.2021 06:37:04.734 GMT-0700,55.883,55.807,0.01,0.01
01.04.2021 06:37:04.784 GMT-0700,55.883,55.836999999999996,0.01,0.01
01.04.2021 06:37:04.835 GMT-0700,55.883,55.827,0.01,0.01
01.04.2021 06:37:05.017 GMT-0700,55.884,55.816,0.01,0.01
01.04.2021 06:37:05.137 GMT-0700,55.903000000000006,55.847,0.01,0.01
01.04.2021 06:37:05.188 GMT-0700,55.903000000000006,55.827,0.01,0.01
01.04.2021 06:37:05.367 GMT-0700,55.894,55.836000000000006,0.01,0.01
01.04.2021 06:37:05.417 GMT-0700,55.903000000000006,55.827,0.01,0.01
01.04.2021 06:37:05.470 GMT-0700,55.903000000000006,55.836999999999996,0.01,0
01.04.2021 06:37:05.571 GMT-0700,55.903000000000006,55.847,0.01,0.01
01.04.2021 06:37:05.811 GMT-0700,55.903000000000006,55.836999999999996,0.01,0.01
01.04.2021 06:37:05.972 GMT-0700,55.893,55.827,0.01,0.01
01.04.2021 06:37:06.022 GMT-0700,55.903000000000006,55.827,0.01,0.01
01.04.2021 06:37:06.072 GMT-0700,55.903000000000006,55.857,0.01,0.01
01.04.2021 06:37:06.522 GMT-0700,55.903000000000006,55.867,0.0075,0
01.04.2021 06:37:06.572 GMT-0700,55.923,55.867,0.01,0.01
01.04.2021 06:37:06.784 GMT-0700,55.913000000000004,55.857,0.01,0.01
01.04.2021 06:37:06.884 GMT-0700,55.923,55.857,0.01,0.01
01.04.2021 06:37:07.538 GMT-0700,55.923,55.887,0.01,0
01.04.2021 06:37:07.589 GMT-0700,55.933,55.887,0.01,0.01
01.04.2021 06:37:07.820 GMT-0700,55.943000000000005,55.907,0.01,0
01.04.2021 06:37:07.870 GMT-0700,55.953,55.887,0.01,0.01
01.04.2021 06:37:08.789 GMT-0700,55.953,55.907,0.01,0.01
01.04.2021 06:37:09.497 GMT-0700,55.943000000000005,55.907,0.01,0.01
01.04.2021 06:37:10.565 GMT-0700,55.943000000000005,55.917,0.01,0
01.04.2021 06:37:10.615 GMT-0700,55.943000000000005,55.907,0.01,0.01
01.04.2021 06:37:10.763 GMT-0700,55.943000000000005,55.917,0.01,0.01
01.04.2021 06:37:11.550 GMT-0700,55.963,55.917,0.01,0.01
01.04.2021 06:37:11.637 GMT-0700,55.953,55.917,0.0075,0.01
01.04.2021 06:37:12.857 GMT-0700,55.943000000000005,55.917,0.01,0.01
01.04.2021 06:37:12.958 GMT-0700,55.933,55.907,0.01,0.01
01.04.2021 06:37:13.008 GMT-0700,55.943000000000005,55.907,0.01,0.01
01.04.2021 06:37:13.294 GMT-0700,55.923,55.877,0.01,0.01
01.04.2021 06:37:13.345 GMT-0700,55.953,55.897,0.01,0.01
01.04.2021 06:37:13.445 GMT-0700,55.963,55.887,0.01,0.01
01.04.2021 06:37:13.711 GMT-0700,55.973000000000006,55.917,0.01,0.01
01.04.2021 06:37:14.309 GMT-0700,55.963,55.917,0,0.01
01.04.2021 06:37:14.593 GMT-0700,55.973000000000006,55.917,0.01,0.01
01.04.2021 06:37:14.903 GMT-0700,55.963,55.917,0.0075,0.01
01.04.2021 06:37:15.036 GMT-0700,55.953,55.927,0.0075,0
01.04.2021 06:37:15.087 GMT-0700,55.973000000000006,55.917,0.01,0.01
01.04.2021 06:37:15.137 GMT-0700,55.963,55.917,0.01,0.01
01.04.2021 06:37:15.433 GMT-0700,55.973000000000006,55.917,0.01,0.01
01.04.2021 06:37:15.581 GMT-0700,55.963,55.917,0.01,0.01
01.04.2021 06:37:16.344 GMT-0700,55.933,55.887,0.01,0.01
01.04.2021 06:37:16.451 GMT-0700,55.933,55.877,0.01,0.01
01.04.2021 06:37:16.663 GMT-0700,55.933,55.887,0.01,0.01
01.04.2021 06:37:17.031 GMT-0700,55.963,55.897,0.01,0.01
01.04.2021 06:37:17.081 GMT-0700,55.953,55.887,0.01,0.01
01.04.2021 06:37:17.132 GMT-0700,55.963,55.887,0.01,0.01
01.04.2021 06:37:17.191 GMT-0700,55.953,55.887,0,0.01
01.04.2021 06:37:17.325 GMT-0700,55.953,55.907,0,0.0075
01.04.2021 06:37:17.375 GMT-0700,55.973000000000006,55.907,0.01,0.01
01.04.2021 06:37:17.814 GMT-0700,55.973000000000006,55.937,0.01,0.0075
01.04.2021 06:37:18.162 GMT-0700,55.963,55.937,0,0.01
01.04.2021 06:37:18.731 GMT-0700,55.953,55.937,0.01,0.01
01.04.2021 06:37:18.933 GMT-0700,55.943000000000005,55.937,0.0075,0
01.04.2021 06:37:18.983 GMT-0700,55.943000000000005,55.887,0.01,0.01
01.04.2021 06:37:19.144 GMT-0700,55.933,55.887,0.0075,0.01
01.04.2021 06:37:19.195 GMT-0700,55.943000000000005,55.887,0.01,0.01
01.04.2021 06:37:19.995 GMT-0700,55.943000000000005,55.907,0.01,0.01
01.04.2021 06:37:20.103 GMT-0700,55.943999999999996,55.916000000000004,0.0075,0
01.04.2021 06:37:20.154 GMT-0700,55.954,55.916000000000004,0.01,0.01
01.04.2021 06:37:20.761 GMT-0700,55.953,55.887,0.01,0.01
01.04.2021 06:37:20.811 GMT-0700,55.953,55.917,0.01,0.01
01.04.2021 06:37:22.064 GMT-0700,55.963,55.917,0.01,0.01
01.04.2021 06:37:22.145 GMT-0700,55.953,55.917,0,0.01
01.04.2021 06:37:22.424 GMT-0700,55.953,55.927,0.01,0.0075
01.04.2021 06:37:22.474 GMT-0700,55.953,55.917,0.01,0.01
01.04.2021 06:37:23.049 GMT-0700,55.933,55.917,0.0075,0.01
01.04.2021 06:37:23.099 GMT-0700,55.923,55.887,0.01,0.01
01.04.2021 06:37:23.782 GMT-0700,55.933,55.887,0.01,0.01
01.04.2021 06:37:23.994 GMT-0700,55.923,55.887,0,0.01
01.04.2021 06:37:24.138 GMT-0700,55.933,55.887,0.01,0.01
01.04.2021 06:37:24.275 GMT-0700,55.933,55.897,0.01,0
01.04.2021 06:37:24.326 GMT-0700,55.933,55.887,0.01,0.01
01.04.2021 06:37:24.916 GMT-0700,55.923,55.887,0.01,0.01
01.04.2021 06:37:26.159 GMT-0700,55.923,55.907,0.0075,0
01.04.2021 06:37:26.209 GMT-0700,55.933,55.887,0.01,0.01
01.04.2021 06:37:26.260 GMT-0700,55.943000000000005,55.887,0.01,0.01
01.04.2021 06:37:26.332 GMT-0700,55.943000000000005,55.897,0.01,0
01.04.2021 06:37:26.382 GMT-0700,55.943000000000005,55.887,0.01,0.01
01.04.2021 06:37:26.550 GMT-0700,55.933,55.887,0.01,0.01
01.04.2021 06:37:29.384 GMT-0700,55.943000000000005,55.887,0.01,0.01
01.04.2021 06:37:29.457 GMT-0700,55.933,55.887,0,0.01
01.04.2021 06:37:29.618 GMT-0700,55.943000000000005,55.907,0.01,0.01
01.04.2021 06:37:29.697 GMT-0700,55.943999999999996,55.89600000000001,0.01,0.01
01.04.2021 06:37:29.747 GMT-0700,55.943000000000005,55.907,0.01,0.01
01.04.2021 06:37:29.798 GMT-0700,55.943000000000005,55.897,0.01,0.01
01.04.2021 06:37:29.898 GMT-0700,55.943999999999996,55.906000000000006,0.01,0.01
01.04.2021 06:37:31.064 GMT-0700,55.923,55.907,0.0075,0
01.04.2021 06:37:31.114 GMT-0700,55.943000000000005,55.897,0.01,0.01
