Local time,Ask,Bid,AskVolume,BidVolume
31.03.2021 06:30:00.167 GMT-0700,54.403000000000006,53.917,0.01,0
31.03.2021 06:30:00.633 GMT-0700,54.093,53.927,0.0075,0.0075
31.03.2021 06:30:01.369 GMT-0700,54.043000000000006,53.927,0,0.01
31.03.2021 06:30:03.013 GMT-0700,54.093,53.977,0.01,0.01
31.03.2021 06:30:03.113 GMT-0700,53.973000000000006,53.917,0.01,0.01
31.03.2021 06:30:03.563 GMT-0700,53.963,53.917,0.01,0.01
31.03.2021 06:30:05.377 GMT-0700,53.953,53.897,0.01,0.01
31.03.2021 06:30:05.428 GMT-0700,53.923,53.887,0.01,0.01
31.03.2021 06:30:05.478 GMT-0700,54.093,53.887,0.01,0.01
31.03.2021 06:30:05.528 GMT-0700,53.923,53.887,0.01,0.01
31.03.2021 06:30:05.847 GMT-0700,54.093,53.887,0.01,0.01
31.03.2021 06:30:05.987 GMT-0700,53.953,53.887,0,0.01
31.03.2021 06:30:06.087 GMT-0700,53.943000000000005,53.516999999999996,0.01,0.01
31.03.2021 06:30:06.389 GMT-0700,53.943000000000005,53.677,0.01,0.01
31.03.2021 06:30:08.991 GMT-0700,53.963,53.516999999999996,0.01,0.01
31.03.2021 06:30:09.042 GMT-0700,54.093,53.516999999999996,0.01,0.01
31.03.2021 06:30:09.247 GMT-0700,54.093,53.897,0.01,0
31.03.2021 06:30:09.415 GMT-0700,53.953,53.897,0.01,0.01
31.03.2021 06:30:10.337 GMT-0700,53.953,53.927,0.01,0.01
31.03.2021 06:30:10.388 GMT-0700,53.963,53.917,0.01,0.01
31.03.2021 06:30:10.462 GMT-0700,53.978,53.937,0.0075,0
31.03.2021 06:30:10.512 GMT-0700,53.973000000000006,53.927,0.01,0.01
31.03.2021 06:30:11.120 GMT-0700,53.985,53.946000000000005,0,0.0075
31.03.2021 06:30:11.171 GMT-0700,54.093,53.947,0.01,0.01
31.03.2021 06:30:13.135 GMT-0700,54.003,53.957,0.0075,0.0075
31.03.2021 06:30:13.185 GMT-0700,54.003,53.927,0.01,0.01
31.03.2021 06:30:13.631 GMT-0700,54.093,53.977,0.01,0.01
31.03.2021 06:30:13.682 GMT-0700,54.093,53.667,0.01,0.01
31.03.2021 06:30:13.811 GMT-0700,54.093,53.997,0.01,0.01
31.03.2021 06:30:13.861 GMT-0700,54.093,53.667,0.01,0.01
31.03.2021 06:30:14.298 GMT-0700,54.093,54.027,0.01,0.0075
31.03.2021 06:30:14.617 GMT-0700,54.093,53.667,0.01,0.01
31.03.2021 06:30:14.894 GMT-0700,54.093999999999994,54.026,0.01,0.01
31.03.2021 06:30:15.795 GMT-0700,54.13,54.077,0.0075,0
31.03.2021 06:30:15.846 GMT-0700,54.173,54.107,0.01,0.01
31.03.2021 06:30:15.946 GMT-0700,54.403000000000006,54.157,0.01,0.01
31.03.2021 06:30:15.997 GMT-0700,54.403000000000006,54.027,0.01,0.01
31.03.2021 06:30:16.310 GMT-0700,54.403000000000006,54.177,0.01,0.01
31.03.2021 06:30:16.361 GMT-0700,54.403000000000006,54.027,0.01,0.01
31.03.2021 06:30:16.864 GMT-0700,54.403000000000006,54.047,0.01,0.01
31.03.2021 06:30:16.914 GMT-0700,54.403000000000006,54.027,0.01,0.01
31.03.2021 06:30:17.207 GMT-0700,54.403000000000006,54.187,0.01,0
31.03.2021 06:30:17.431 GMT-0700,54.258,54.187,0,0.01
31.03.2021 06:30:21.091 GMT-0700,54.393,54.037,0.01,0.01
31.03.2021 06:30:21.146 GMT-0700,54.193000000000005,54.037,0,0.0075
31.03.2021 06:30:21.196 GMT-0700,54.193000000000005,54.027,0.01,0.01
31.03.2021 06:30:21.349 GMT-0700,54.183,54.027,0.0075,0.01
31.03.2021 06:30:21.450 GMT-0700,54.133,54.027,0.01,0.01
31.03.2021 06:30:21.689 GMT-0700,54.133,54.037,0.01,0
31.03.2021 06:30:21.739 GMT-0700,54.173,54.027,0.01,0.01
31.03.2021 06:30:22.296 GMT-0700,54.133,54.027,0.01,0.01
31.03.2021 06:30:22.346 GMT-0700,54.173,54.027,0.01,0.01
31.03.2021 06:30:22.414 GMT-0700,54.163000000000004,54.027,0,0.01
31.03.2021 06:30:22.464 GMT-0700,54.173,54.027,0.01,0.01
31.03.2021 06:30:22.789 GMT-0700,54.173,53.697,0.01,0.01
31.03.2021 06:30:23.764 GMT-0700,54.173,54.016999999999996,0.01,0.0075
31.03.2021 06:30:25.081 GMT-0700,54.163000000000004,54.037,0.0075,0.0075
31.03.2021 06:30:25.131 GMT-0700,54.163000000000004,54.027,0.01,0.01
31.03.2021 06:30:25.703 GMT-0700,54.163000000000004,54.037,0.01,0
31.03.2021 06:30:25.971 GMT-0700,54.163000000000004,54.027,0.01,0.01
31.03.2021 06:30:26.534 GMT-0700,54.163000000000004,54.037,0.01,0.01
31.03.2021 06:30:26.828 GMT-0700,54.163000000000004,54.027,0.01,0.01
31.03.2021 06:30:27.286 GMT-0700,54.163000000000004,54.037,0.01,0.01
31.03.2021 06:30:27.444 GMT-0700,54.163999999999994,54.026,0.01,0.01
31.03.2021 06:30:27.929 GMT-0700,54.153000000000006,54.027,0,0.01
31.03.2021 06:30:28.030 GMT-0700,54.163000000000004,54.027,0.01,0.01
31.03.2021 06:30:28.080 GMT-0700,54.163000000000004,54.037,0.01,0.01
31.03.2021 06:30:28.130 GMT-0700,54.163999999999994,54.026,0.01,0.01
31.03.2021 06:30:30.214 GMT-0700,54.163000000000004,54.107,0.01,0
31.03.2021 06:30:30.269 GMT-0700,54.163000000000004,54.027,0.01,0.01
31.03.2021 06:30:30.700 GMT-0700,54.153000000000006,54.027,0.01,0.01
31.03.2021 06:30:30.750 GMT-0700,54.163000000000004,54.027,0.01,0.01
31.03.2021 06:30:30.800 GMT-0700,54.163000000000004,54.037,0.01,0.01
31.03.2021 06:30:30.851 GMT-0700,54.163000000000004,54.027,0.01,0.01
31.03.2021 06:30:31.128 GMT-0700,54.163000000000004,54.097,0.01,0.0075
31.03.2021 06:30:31.178 GMT-0700,54.163000000000004,54.086999999999996,0.01,0.01
31.03.2021 06:30:31.874 GMT-0700,54.163000000000004,54.117,0.01,0
31.03.2021 06:30:32.939 GMT-0700,54.163000000000004,54.137,0,0.0075
31.03.2021 06:30:32.990 GMT-0700,54.223000000000006,54.137,0.01,0.01
31.03.2021 06:30:33.090 GMT-0700,54.283,54.137,0.01,0.01
31.03.2021 06:30:33.295 GMT-0700,54.283,54.117,0.01,0.01
31.03.2021 06:30:35.108 GMT-0700,54.203,54.127,0,0
31.03.2021 06:30:35.208 GMT-0700,54.203,54.117,0.01,0.01
31.03.2021 06:30:36.212 GMT-0700,54.183,54.117,0,0.01
31.03.2021 06:30:36.263 GMT-0700,54.203,54.117,0.01,0.01
31.03.2021 06:30:36.745 GMT-0700,54.074,54.026,0.01,0.01
31.03.2021 06:30:38.534 GMT-0700,54.063,53.987,0.01,0.01
31.03.2021 06:30:38.634 GMT-0700,54.033,53.827,0.01,0.01
31.03.2021 06:30:38.699 GMT-0700,54.033,53.857,0.01,0.01
31.03.2021 06:30:39.111 GMT-0700,54.013000000000005,53.857,0.0075,0.01
31.03.2021 06:30:39.287 GMT-0700,53.993,53.857,0,0.01
31.03.2021 06:30:39.387 GMT-0700,54.004,53.856,0.01,0.01
31.03.2021 06:30:39.488 GMT-0700,54.003,53.827,0.01,0.01
31.03.2021 06:30:39.588 GMT-0700,54.003,53.927,0.01,0.01
31.03.2021 06:30:39.639 GMT-0700,54.004,53.82600000000001,0.01,0.01
31.03.2021 06:30:39.689 GMT-0700,54.003,53.857,0.01,0.01
31.03.2021 06:30:40.113 GMT-0700,54.004,53.86600000000001,0.01,0.01
31.03.2021 06:30:40.277 GMT-0700,53.994,53.86600000000001,0,0.0075
31.03.2021 06:30:40.328 GMT-0700,53.993,53.857,0.01,0.01
31.03.2021 06:30:40.631 GMT-0700,53.993,53.927,0.01,0.01
31.03.2021 06:30:45.256 GMT-0700,53.993,53.937,0.01,0.0075
31.03.2021 06:30:45.307 GMT-0700,53.993,53.927,0.01,0.01
31.03.2021 06:30:45.672 GMT-0700,53.993,53.847,0.01,0.01
31.03.2021 06:30:46.127 GMT-0700,53.994,53.82600000000001,0.01,0.01
31.03.2021 06:30:46.177 GMT-0700,53.993,53.857,0.01,0.01
31.03.2021 06:30:49.571 GMT-0700,53.993,53.867,0.01,0
31.03.2021 06:30:49.672 GMT-0700,53.993,53.857,0.01,0.01
31.03.2021 06:30:52.048 GMT-0700,53.983000000000004,53.857,0.01,0.01
31.03.2021 06:30:52.861 GMT-0700,53.983000000000004,53.867,0.01,0
31.03.2021 06:30:52.961 GMT-0700,53.983000000000004,53.857,0.01,0.01
31.03.2021 06:30:53.185 GMT-0700,53.983000000000004,53.867,0.01,0
31.03.2021 06:30:53.546 GMT-0700,53.983999999999995,53.876000000000005,0.01,0
31.03.2021 06:30:53.647 GMT-0700,53.983999999999995,53.86600000000001,0.01,0.01
31.03.2021 06:30:54.243 GMT-0700,53.983999999999995,53.856,0.01,0.01
31.03.2021 06:30:55.084 GMT-0700,53.983000000000004,53.867,0.01,0.0075
31.03.2021 06:30:55.665 GMT-0700,53.973000000000006,53.877,0.01,0
31.03.2021 06:30:55.715 GMT-0700,53.973000000000006,53.827,0.01,0.01
31.03.2021 06:30:55.768 GMT-0700,53.973000000000006,53.836999999999996,0.01,0
31.03.2021 06:30:55.819 GMT-0700,53.974,53.82600000000001,0.01,0.01
31.03.2021 06:30:56.461 GMT-0700,53.973000000000006,53.897,0.01,0.0075
31.03.2021 06:30:56.511 GMT-0700,53.963,53.827,0.01,0.01
31.03.2021 06:30:56.672 GMT-0700,53.973000000000006,53.827,0.01,0.01
31.03.2021 06:30:57.619 GMT-0700,53.974,53.836000000000006,0.01,0.0075
31.03.2021 06:30:57.669 GMT-0700,53.974,53.82600000000001,0.01,0.01
31.03.2021 06:30:59.337 GMT-0700,53.973000000000006,53.897,0.01,0
31.03.2021 06:30:59.760 GMT-0700,53.953,53.897,0.0075,0.01
31.03.2021 06:30:59.811 GMT-0700,53.973000000000006,53.897,0.01,0.01
31.03.2021 06:31:06.060 GMT-0700,53.963,53.897,0.01,0.01
31.03.2021 06:31:06.419 GMT-0700,53.973000000000006,53.897,0.01,0.01
31.03.2021 06:31:06.987 GMT-0700,53.963,53.897,0.01,0.01
31.03.2021 06:31:07.037 GMT-0700,53.973000000000006,53.897,0.01,0.01
31.03.2021 06:31:07.460 GMT-0700,53.903000000000006,53.897,0,0.0075
31.03.2021 06:31:07.511 GMT-0700,53.923,53.836999999999996,0.01,0.01
31.03.2021 06:31:09.248 GMT-0700,53.923,53.847,0.0075,0
31.03.2021 06:31:09.630 GMT-0700,53.943000000000005,53.867,0.01,0.0075
31.03.2021 06:31:09.906 GMT-0700,53.943000000000005,53.827,0.01,0.01
31.03.2021 06:31:09.956 GMT-0700,53.943000000000005,53.836999999999996,0.01,0.01
31.03.2021 06:31:10.007 GMT-0700,53.943000000000005,53.827,0.01,0.01
31.03.2021 06:31:10.488 GMT-0700,53.934,53.836000000000006,0,0
31.03.2021 06:31:10.651 GMT-0700,53.943000000000005,53.827,0.01,0.01
31.03.2021 06:31:11.064 GMT-0700,53.903000000000006,53.827,0,0.01
31.03.2021 06:31:11.114 GMT-0700,53.903000000000006,53.817,0.01,0.01
31.03.2021 06:31:11.168 GMT-0700,53.943000000000005,53.817,0.01,0.01
31.03.2021 06:31:11.776 GMT-0700,53.933,53.817,0,0.01
31.03.2021 06:31:11.826 GMT-0700,53.943999999999996,53.816,0.01,0.01
31.03.2021 06:31:12.278 GMT-0700,53.883,53.817,0.0075,0.01
31.03.2021 06:31:15.124 GMT-0700,53.883,53.807,0.01,0.01
31.03.2021 06:31:15.224 GMT-0700,53.883,53.766999999999996,0.01,0.01
31.03.2021 06:31:15.274 GMT-0700,53.883,53.807,0.01,0.01
31.03.2021 06:31:15.803 GMT-0700,53.883,53.766999999999996,0.01,0.01
31.03.2021 06:31:15.865 GMT-0700,53.883,53.797,0.01,0.01
31.03.2021 06:31:16.050 GMT-0700,53.883,53.807,0.01,0.0075
31.03.2021 06:31:16.151 GMT-0700,53.883,53.797,0.01,0.01
31.03.2021 06:31:16.825 GMT-0700,53.883,53.807,0.01,0.0075
31.03.2021 06:31:16.875 GMT-0700,53.883,53.797,0.01,0.01
31.03.2021 06:31:19.958 GMT-0700,53.883,53.817,0.01,0.0075
31.03.2021 06:31:20.626 GMT-0700,53.883,53.807,0.01,0.01
31.03.2021 06:31:21.721 GMT-0700,53.883,53.817,0.01,0
31.03.2021 06:31:22.525 GMT-0700,53.893,53.847,0.01,0.01
31.03.2021 06:31:22.914 GMT-0700,53.893,53.817,0.01,0.01
31.03.2021 06:31:23.874 GMT-0700,53.933,53.817,0.01,0.01
31.03.2021 06:31:23.951 GMT-0700,53.933,53.847,0.01,0
31.03.2021 06:31:24.168 GMT-0700,53.923,53.867,0.0075,0.0075
31.03.2021 06:31:24.218 GMT-0700,53.933,53.847,0.01,0.01
31.03.2021 06:31:24.344 GMT-0700,53.933,53.877,0,0.0075
31.03.2021 06:31:24.395 GMT-0700,53.943000000000005,53.877,0.01,0.01
31.03.2021 06:31:24.474 GMT-0700,53.893,53.877,0.0075,0
31.03.2021 06:31:24.525 GMT-0700,53.943000000000005,53.847,0.01,0.01
31.03.2021 06:31:26.153 GMT-0700,53.943000000000005,53.817,0.01,0.01
31.03.2021 06:31:26.207 GMT-0700,53.943000000000005,53.847,0.01,0.0075
31.03.2021 06:31:26.611 GMT-0700,53.943000000000005,53.817,0.01,0.01
31.03.2021 06:31:27.243 GMT-0700,53.943000000000005,53.847,0.01,0
31.03.2021 06:31:31.181 GMT-0700,54.023,53.897,0.01,0.01
31.03.2021 06:31:31.232 GMT-0700,54.003,53.897,0.01,0.01
31.03.2021 06:31:31.357 GMT-0700,53.953,53.897,0.01,0
31.03.2021 06:31:31.407 GMT-0700,53.953,53.847,0.01,0.01
31.03.2021 06:31:31.463 GMT-0700,53.953,53.897,0.01,0
31.03.2021 06:31:32.067 GMT-0700,53.963,53.897,0.01,0.01
31.03.2021 06:31:32.218 GMT-0700,54.003,53.897,0.01,0.01
31.03.2021 06:31:32.269 GMT-0700,53.963,53.897,0,0.01
31.03.2021 06:31:34.785 GMT-0700,53.963,53.847,0.01,0.01
31.03.2021 06:31:35.789 GMT-0700,53.963,53.897,0.01,0.01
31.03.2021 06:31:36.780 GMT-0700,53.963,53.847,0.01,0.01
31.03.2021 06:31:36.830 GMT-0700,53.963,53.857,0.01,0.01
31.03.2021 06:31:36.948 GMT-0700,53.963,53.897,0.01,0.01
31.03.2021 06:31:37.230 GMT-0700,53.963,53.847,0.01,0.01
31.03.2021 06:31:37.786 GMT-0700,53.963,53.897,0.01,0
31.03.2021 06:31:43.057 GMT-0700,53.963,53.907,0.01,0
31.03.2021 06:31:43.282 GMT-0700,53.963,53.897,0.01,0.01
31.03.2021 06:31:44.826 GMT-0700,53.993,53.897,0.01,0.01
31.03.2021 06:31:44.876 GMT-0700,53.973000000000006,53.897,0.01,0.01
31.03.2021 06:31:45.732 GMT-0700,53.973000000000006,53.917,0.01,0.0075
31.03.2021 06:31:45.866 GMT-0700,53.974,53.93600000000001,0,0.0075
31.03.2021 06:31:45.917 GMT-0700,53.983000000000004,53.917,0.01,0.01
31.03.2021 06:31:46.517 GMT-0700,53.994,53.916000000000004,0.01,0.01
31.03.2021 06:31:46.654 GMT-0700,53.994,53.93600000000001,0,0.0075
31.03.2021 06:31:46.704 GMT-0700,54.003,53.937,0.01,0.01
31.03.2021 06:31:46.900 GMT-0700,53.983000000000004,53.937,0,0.0075
31.03.2021 06:31:46.951 GMT-0700,53.993,53.917,0.01,0.01
31.03.2021 06:31:49.116 GMT-0700,53.993,53.937,0.01,0
31.03.2021 06:31:49.167 GMT-0700,53.993,53.917,0.01,0.01
31.03.2021 06:31:49.226 GMT-0700,53.993,53.937,0,0.0075
31.03.2021 06:31:49.277 GMT-0700,54.033,53.937,0.01,0.01
31.03.2021 06:31:49.332 GMT-0700,53.993,53.937,0,0.01
31.03.2021 06:31:49.548 GMT-0700,53.993,53.927,0.01,0.01
31.03.2021 06:31:49.873 GMT-0700,53.993,53.937,0.01,0.01
31.03.2021 06:31:50.028 GMT-0700,54.033,53.937,0.01,0.01
31.03.2021 06:31:50.078 GMT-0700,53.983000000000004,53.937,0.01,0.01
31.03.2021 06:31:50.179 GMT-0700,53.993,53.937,0.01,0.01
31.03.2021 06:31:50.374 GMT-0700,54.033,53.937,0.01,0.01
31.03.2021 06:31:50.887 GMT-0700,54.033,53.947,0.01,0.01
31.03.2021 06:31:50.988 GMT-0700,54.033,53.937,0.01,0.01
31.03.2021 06:31:51.088 GMT-0700,53.993,53.937,0.01,0.01
31.03.2021 06:31:51.979 GMT-0700,54.033,53.937,0.01,0.01
31.03.2021 06:31:52.080 GMT-0700,53.993,53.937,0.01,0.01
31.03.2021 06:31:52.183 GMT-0700,54.034,53.93600000000001,0.01,0.01
31.03.2021 06:31:52.283 GMT-0700,53.994,53.93600000000001,0.01,0.01
31.03.2021 06:31:53.746 GMT-0700,53.993,53.947,0.0075,0
31.03.2021 06:31:53.796 GMT-0700,54.033,53.937,0.01,0.01
31.03.2021 06:31:53.986 GMT-0700,53.993,53.937,0,0.01
31.03.2021 06:31:54.205 GMT-0700,54.034,53.93600000000001,0.01,0.01
31.03.2021 06:31:54.388 GMT-0700,54.023,53.937,0.01,0.01
31.03.2021 06:31:54.523 GMT-0700,54.033,53.937,0.01,0.01
31.03.2021 06:31:54.685 GMT-0700,53.993,53.937,0.0075,0.01
31.03.2021 06:31:55.817 GMT-0700,53.974,53.93600000000001,0,0.01
31.03.2021 06:31:55.867 GMT-0700,53.994,53.93600000000001,0.01,0.01
31.03.2021 06:31:57.735 GMT-0700,54.033,53.937,0.01,0.01
31.03.2021 06:31:57.785 GMT-0700,53.993,53.937,0.01,0.01
31.03.2021 06:31:57.891 GMT-0700,53.943000000000005,53.887,0.01,0.01
31.03.2021 06:31:57.941 GMT-0700,53.953,53.847,0.01,0.01
31.03.2021 06:31:57.992 GMT-0700,53.993,53.917,0.01,0.01
31.03.2021 06:31:58.142 GMT-0700,53.963,53.907,0.01,0.01
31.03.2021 06:31:58.307 GMT-0700,53.963,53.897,0.01,0.01
31.03.2021 06:31:58.440 GMT-0700,53.963,53.907,0.01,0.01
31.03.2021 06:32:00.081 GMT-0700,53.963,53.887,0.01,0.01
31.03.2021 06:32:01.194 GMT-0700,53.953,53.887,0,0.0075
31.03.2021 06:32:01.244 GMT-0700,53.953,53.877,0.01,0.01
31.03.2021 06:32:01.530 GMT-0700,53.964,53.876000000000005,0.01,0.01
31.03.2021 06:32:02.116 GMT-0700,53.964,53.89600000000001,0.01,0
31.03.2021 06:32:02.217 GMT-0700,53.983000000000004,53.897,0.01,0.01
31.03.2021 06:32:02.267 GMT-0700,53.983000000000004,53.907,0.01,0.01
31.03.2021 06:32:02.937 GMT-0700,53.983000000000004,53.897,0.01,0.01
31.03.2021 06:32:03.068 GMT-0700,53.983999999999995,53.906000000000006,0.01,0
31.03.2021 06:32:03.196 GMT-0700,53.953,53.897,0,0.0075
31.03.2021 06:32:03.246 GMT-0700,53.953,53.877,0.01,0.01
31.03.2021 06:32:03.495 GMT-0700,53.953,53.897,0.01,0.01
31.03.2021 06:32:03.545 GMT-0700,53.953,53.877,0.01,0.01
31.03.2021 06:32:04.994 GMT-0700,53.943000000000005,53.877,0.01,0.01
31.03.2021 06:32:05.114 GMT-0700,53.933,53.867,0.01,0.01
31.03.2021 06:32:05.868 GMT-0700,53.883,53.867,0.0075,0
31.03.2021 06:32:05.919 GMT-0700,53.884,53.816,0.01,0.01
31.03.2021 06:32:06.227 GMT-0700,53.903000000000006,53.817,0.01,0.01
31.03.2021 06:32:06.313 GMT-0700,53.853,53.817,0,0.0075
31.03.2021 06:32:06.364 GMT-0700,53.903000000000006,53.807,0.01,0.01
31.03.2021 06:32:06.464 GMT-0700,53.903000000000006,53.787,0.01,0.01
31.03.2021 06:32:06.535 GMT-0700,53.853,53.787,0.01,0.01
31.03.2021 06:32:06.585 GMT-0700,53.873000000000005,53.787,0.01,0.01
31.03.2021 06:32:06.752 GMT-0700,53.873000000000005,53.807,0.01,0
31.03.2021 06:32:06.802 GMT-0700,53.873000000000005,53.787,0.01,0.01
31.03.2021 06:32:06.902 GMT-0700,53.853,53.787,0.01,0.01
31.03.2021 06:32:07.004 GMT-0700,53.873000000000005,53.807,0.01,0.01
31.03.2021 06:32:07.055 GMT-0700,53.843,53.766999999999996,0.01,0.01
31.03.2021 06:32:07.105 GMT-0700,53.843,53.787,0.01,0.01
31.03.2021 06:32:07.509 GMT-0700,53.833000000000006,53.757,0.01,0.01
31.03.2021 06:32:07.559 GMT-0700,53.853,53.797,0.01,0.01
31.03.2021 06:32:07.862 GMT-0700,53.873999999999995,53.806000000000004,0.01,0.01
31.03.2021 06:32:09.234 GMT-0700,53.854,53.806000000000004,0.0075,0
31.03.2021 06:32:09.284 GMT-0700,53.854,53.79600000000001,0.01,0.01
31.03.2021 06:32:09.387 GMT-0700,53.853,53.807,0.0075,0
31.03.2021 06:32:09.437 GMT-0700,53.873000000000005,53.807,0.01,0.01
31.03.2021 06:32:09.620 GMT-0700,53.833000000000006,53.797,0.01,0.01
31.03.2021 06:32:09.671 GMT-0700,53.853,53.797,0.01,0.01
31.03.2021 06:32:10.079 GMT-0700,53.823,53.797,0,0.0075
31.03.2021 06:32:10.129 GMT-0700,53.833000000000006,53.757,0.01,0.01
31.03.2021 06:32:10.309 GMT-0700,53.813,53.757,0.01,0.01
31.03.2021 06:32:10.359 GMT-0700,53.833000000000006,53.757,0.01,0.01
31.03.2021 06:32:10.409 GMT-0700,53.833000000000006,53.777,0.01,0.01
31.03.2021 06:32:10.460 GMT-0700,53.823,53.757,0.01,0.01
31.03.2021 06:32:10.660 GMT-0700,53.833000000000006,53.777,0.01,0
31.03.2021 06:32:10.969 GMT-0700,53.853,53.777,0.01,0.01
31.03.2021 06:32:11.363 GMT-0700,53.853,53.797,0.01,0
31.03.2021 06:32:13.054 GMT-0700,53.853,53.777,0.01,0.01
31.03.2021 06:32:13.178 GMT-0700,53.853,53.797,0.01,0.01
31.03.2021 06:32:13.451 GMT-0700,53.854,53.776,0.01,0.01
31.03.2021 06:32:13.573 GMT-0700,53.853,53.797,0.01,0
31.03.2021 06:32:13.728 GMT-0700,53.853,53.777,0.01,0.01
31.03.2021 06:32:15.579 GMT-0700,53.824,53.776,0.0075,0
31.03.2021 06:32:15.629 GMT-0700,53.823,53.757,0.01,0.01
31.03.2021 06:32:16.597 GMT-0700,53.823,53.747,0.01,0.01
31.03.2021 06:32:16.751 GMT-0700,53.823,53.757,0.01,0.0075
31.03.2021 06:32:17.145 GMT-0700,53.823,53.777,0.01,0.0075
31.03.2021 06:32:17.195 GMT-0700,53.853,53.787,0.01,0.01
31.03.2021 06:32:17.246 GMT-0700,53.843,53.757,0.01,0.01
31.03.2021 06:32:17.296 GMT-0700,53.823,53.757,0.01,0.01
31.03.2021 06:32:17.649 GMT-0700,53.823,53.747,0.01,0.01
31.03.2021 06:32:17.750 GMT-0700,53.823,53.757,0.01,0.01
31.03.2021 06:32:18.078 GMT-0700,53.793000000000006,53.747,0.01,0.01
31.03.2021 06:32:18.128 GMT-0700,53.823,53.757,0.01,0.01
31.03.2021 06:32:18.179 GMT-0700,53.823,53.727,0.01,0.01
31.03.2021 06:32:18.229 GMT-0700,53.823,53.757,0.01,0.01
31.03.2021 06:32:18.330 GMT-0700,53.793000000000006,53.747,0.01,0.01
31.03.2021 06:32:18.380 GMT-0700,53.823,53.757,0.01,0.01
31.03.2021 06:32:18.851 GMT-0700,53.803000000000004,53.727,0.01,0.01
31.03.2021 06:32:18.902 GMT-0700,53.823,53.757,0.01,0.01
31.03.2021 06:32:19.043 GMT-0700,53.823,53.727,0.01,0.01
31.03.2021 06:32:19.094 GMT-0700,53.824,53.75600000000001,0.01,0.01
31.03.2021 06:32:19.375 GMT-0700,53.823,53.766999999999996,0.01,0.01
31.03.2021 06:32:19.476 GMT-0700,53.823,53.727,0.01,0.01
31.03.2021 06:32:19.526 GMT-0700,53.803000000000004,53.727,0.01,0.01
31.03.2021 06:32:19.627 GMT-0700,53.823,53.757,0.01,0.01
31.03.2021 06:32:19.733 GMT-0700,53.813,53.757,0,0.0075
31.03.2021 06:32:19.783 GMT-0700,53.813,53.727,0.01,0.01
31.03.2021 06:32:19.834 GMT-0700,53.813,53.757,0.01,0.01
31.03.2021 06:32:20.112 GMT-0700,53.823,53.757,0.01,0.01
31.03.2021 06:32:20.162 GMT-0700,53.833000000000006,53.766999999999996,0.01,0.01
31.03.2021 06:32:20.267 GMT-0700,53.813,53.766999999999996,0.0075,0
31.03.2021 06:32:20.317 GMT-0700,53.813,53.757,0.01,0.01
31.03.2021 06:32:20.491 GMT-0700,53.824,53.75600000000001,0.01,0.01
31.03.2021 06:32:20.542 GMT-0700,53.803000000000004,53.727,0.01,0.01
31.03.2021 06:32:20.647 GMT-0700,53.823,53.766999999999996,0.01,0.01
31.03.2021 06:32:20.697 GMT-0700,53.833999999999996,53.75600000000001,0.01,0.01
31.03.2021 06:32:20.747 GMT-0700,53.833000000000006,53.766999999999996,0.01,0.01
31.03.2021 06:32:20.798 GMT-0700,53.833000000000006,53.757,0.01,0.01
31.03.2021 06:32:20.848 GMT-0700,53.813,53.757,0.01,0.01
31.03.2021 06:32:20.898 GMT-0700,53.833000000000006,53.757,0.01,0.01
31.03.2021 06:32:20.948 GMT-0700,53.824,53.766000000000005,0.01,0.01
31.03.2021 06:32:20.999 GMT-0700,53.833000000000006,53.757,0.01,0.01
31.03.2021 06:32:21.062 GMT-0700,53.813,53.757,0.0075,0.01
31.03.2021 06:32:21.112 GMT-0700,53.833000000000006,53.757,0.01,0.01
31.03.2021 06:32:21.163 GMT-0700,53.813,53.757,0.01,0.01
31.03.2021 06:32:21.314 GMT-0700,53.833000000000006,53.757,0.01,0.01
31.03.2021 06:32:21.399 GMT-0700,53.813,53.757,0,0.01
31.03.2021 06:32:21.499 GMT-0700,53.833000000000006,53.757,0.01,0.01
31.03.2021 06:32:21.556 GMT-0700,53.813,53.757,0,0.01
31.03.2021 06:32:21.657 GMT-0700,53.833000000000006,53.757,0.01,0.01
31.03.2021 06:32:21.707 GMT-0700,53.853,53.797,0.01,0.01
31.03.2021 06:32:21.757 GMT-0700,53.853,53.777,0.01,0.01
31.03.2021 06:32:21.965 GMT-0700,53.833000000000006,53.777,0.0075,0.01
31.03.2021 06:32:22.228 GMT-0700,53.853,53.777,0.01,0.01
31.03.2021 06:32:22.279 GMT-0700,53.833000000000006,53.757,0.01,0.01
31.03.2021 06:32:22.379 GMT-0700,53.873000000000005,53.787,0.01,0.01
31.03.2021 06:32:22.613 GMT-0700,53.843,53.787,0.01,0.01
31.03.2021 06:32:23.842 GMT-0700,53.843,53.777,0.01,0.01
31.03.2021 06:32:23.935 GMT-0700,53.843999999999994,53.786,0.01,0
31.03.2021 06:32:24.035 GMT-0700,53.873000000000005,53.807,0.01,0.01
31.03.2021 06:32:24.136 GMT-0700,53.873999999999995,53.79600000000001,0.01,0.01
31.03.2021 06:32:24.236 GMT-0700,53.873000000000005,53.787,0.01,0.01
31.03.2021 06:32:24.312 GMT-0700,53.843999999999994,53.776,0.01,0.01
31.03.2021 06:32:24.511 GMT-0700,53.843,53.807,0.0075,0
31.03.2021 06:32:24.561 GMT-0700,53.843,53.797,0.01,0.01
31.03.2021 06:32:24.612 GMT-0700,53.873000000000005,53.787,0.01,0.01
31.03.2021 06:32:24.954 GMT-0700,53.873000000000005,53.807,0.01,0.01
31.03.2021 06:32:25.005 GMT-0700,53.873000000000005,53.787,0.01,0.01
31.03.2021 06:32:25.055 GMT-0700,53.873999999999995,53.806000000000004,0.01,0.01
31.03.2021 06:32:25.105 GMT-0700,53.873000000000005,53.787,0.01,0.01
31.03.2021 06:32:25.182 GMT-0700,53.873000000000005,53.807,0.01,0
31.03.2021 06:32:25.232 GMT-0700,53.873000000000005,53.797,0.01,0.01
31.03.2021 06:32:25.292 GMT-0700,53.843,53.797,0.0075,0
31.03.2021 06:32:25.342 GMT-0700,53.843999999999994,53.786,0.01,0.01
31.03.2021 06:32:25.393 GMT-0700,53.873000000000005,53.787,0.01,0.01
31.03.2021 06:32:25.443 GMT-0700,53.873000000000005,53.807,0.01,0.01
31.03.2021 06:32:25.872 GMT-0700,53.873000000000005,53.787,0.01,0.01
31.03.2021 06:32:26.087 GMT-0700,53.873000000000005,53.807,0.01,0.0075
31.03.2021 06:32:28.537 GMT-0700,53.843,53.807,0,0.0075
31.03.2021 06:32:28.587 GMT-0700,53.843,53.787,0.01,0.01
31.03.2021 06:32:28.638 GMT-0700,53.873000000000005,53.787,0.01,0.01
31.03.2021 06:32:28.706 GMT-0700,53.843,53.787,0,0.01
31.03.2021 06:32:29.073 GMT-0700,53.873000000000005,53.787,0.01,0.01
31.03.2021 06:32:29.515 GMT-0700,53.843,53.787,0,0.01
31.03.2021 06:32:29.817 GMT-0700,53.843,53.766999999999996,0.01,0.01
31.03.2021 06:32:30.070 GMT-0700,53.814,53.766000000000005,0,0.0075
31.03.2021 06:32:30.127 GMT-0700,53.814,53.75600000000001,0.01,0.01
31.03.2021 06:32:30.178 GMT-0700,53.843,53.777,0.01,0.01
31.03.2021 06:32:30.282 GMT-0700,53.813,53.777,0,0.01
31.03.2021 06:32:30.332 GMT-0700,53.843,53.777,0.01,0.01
31.03.2021 06:32:30.383 GMT-0700,53.813,53.777,0.01,0.01
31.03.2021 06:32:30.484 GMT-0700,53.843999999999994,53.776,0.01,0.01
31.03.2021 06:32:30.838 GMT-0700,53.813,53.777,0,0.01
31.03.2021 06:32:31.009 GMT-0700,53.814,53.746,0.01,0.01
31.03.2021 06:32:31.059 GMT-0700,53.813,53.757,0.01,0.01
31.03.2021 06:32:31.743 GMT-0700,53.793000000000006,53.757,0.0075,0.01
31.03.2021 06:32:31.793 GMT-0700,53.813,53.757,0.01,0.01
31.03.2021 06:32:31.844 GMT-0700,53.783,53.727,0.01,0.01
31.03.2021 06:32:32.016 GMT-0700,53.783,53.747,0.01,0
31.03.2021 06:32:32.147 GMT-0700,53.803000000000004,53.747,0.01,0.01
31.03.2021 06:32:32.235 GMT-0700,53.793000000000006,53.747,0,0.01
31.03.2021 06:32:32.832 GMT-0700,53.763000000000005,53.747,0,0.0075
31.03.2021 06:32:32.882 GMT-0700,53.763000000000005,53.717,0.01,0.01
31.03.2021 06:32:32.986 GMT-0700,53.763999999999996,53.726000000000006,0,0.0075
31.03.2021 06:32:33.036 GMT-0700,53.763000000000005,53.717,0.01,0.01
31.03.2021 06:32:33.146 GMT-0700,53.763000000000005,53.707,0.01,0.01
31.03.2021 06:32:33.364 GMT-0700,53.763000000000005,53.737,0.0075,0
31.03.2021 06:32:33.414 GMT-0700,53.794,53.706,0.01,0.01
31.03.2021 06:32:34.860 GMT-0700,53.763000000000005,53.687,0.01,0.01
31.03.2021 06:32:35.010 GMT-0700,53.763999999999996,53.71600000000001,0.0075,0
31.03.2021 06:32:35.064 GMT-0700,53.783,53.717,0.01,0.01
31.03.2021 06:32:35.114 GMT-0700,53.763000000000005,53.717,0.01,0.01
31.03.2021 06:32:35.373 GMT-0700,53.763000000000005,53.687,0.01,0.01
31.03.2021 06:32:35.792 GMT-0700,53.763000000000005,53.717,0.01,0
31.03.2021 06:32:36.750 GMT-0700,53.763000000000005,53.727,0.01,0
31.03.2021 06:32:36.851 GMT-0700,53.763000000000005,53.697,0.01,0.01
31.03.2021 06:32:36.974 GMT-0700,53.763999999999996,53.68600000000001,0.01,0.01
31.03.2021 06:32:37.273 GMT-0700,53.793000000000006,53.717,0.01,0.01
31.03.2021 06:32:37.672 GMT-0700,53.763000000000005,53.737,0,0.0075
31.03.2021 06:32:37.723 GMT-0700,53.783,53.727,0.01,0.01
31.03.2021 06:32:37.982 GMT-0700,53.783,53.717,0.01,0.01
31.03.2021 06:32:38.275 GMT-0700,53.793000000000006,53.747,0.01,0.01
31.03.2021 06:32:38.494 GMT-0700,53.793000000000006,53.717,0.01,0.01
31.03.2021 06:32:38.736 GMT-0700,53.793000000000006,53.747,0.01,0
31.03.2021 06:32:38.786 GMT-0700,53.783,53.727,0.01,0.01
31.03.2021 06:32:38.887 GMT-0700,53.813,53.727,0.01,0.01
31.03.2021 06:32:38.946 GMT-0700,53.783,53.727,0.0075,0.01
31.03.2021 06:32:39.047 GMT-0700,53.813,53.717,0.01,0.01
31.03.2021 06:32:39.097 GMT-0700,53.783,53.727,0.01,0.01
31.03.2021 06:32:39.147 GMT-0700,53.783,53.717,0.01,0.01
31.03.2021 06:32:39.302 GMT-0700,53.783,53.727,0.01,0.0075
31.03.2021 06:32:39.352 GMT-0700,53.813,53.717,0.01,0.01
31.03.2021 06:32:39.402 GMT-0700,53.763000000000005,53.717,0.01,0.01
31.03.2021 06:32:39.512 GMT-0700,53.793000000000006,53.717,0.01,0.01
31.03.2021 06:32:39.563 GMT-0700,53.794,53.736000000000004,0.01,0.01
31.03.2021 06:32:39.706 GMT-0700,53.793000000000006,53.747,0.01,0.01
31.03.2021 06:32:39.756 GMT-0700,53.813,53.747,0.01,0.01
31.03.2021 06:32:39.857 GMT-0700,53.843,53.747,0.01,0.01
31.03.2021 06:32:39.916 GMT-0700,53.813,53.747,0,0.01
31.03.2021 06:32:40.218 GMT-0700,53.813,53.757,0.01,0.01
31.03.2021 06:32:40.268 GMT-0700,53.813,53.747,0.01,0.01
31.03.2021 06:32:41.020 GMT-0700,53.813,53.757,0.01,0.0075
31.03.2021 06:32:41.120 GMT-0700,53.843999999999994,53.746,0.01,0.01
31.03.2021 06:32:41.179 GMT-0700,53.814,53.746,0.01,0.01
31.03.2021 06:32:42.084 GMT-0700,53.813,53.777,0.01,0.01
31.03.2021 06:32:42.497 GMT-0700,53.793000000000006,53.777,0.0075,0
31.03.2021 06:32:42.548 GMT-0700,53.813,53.757,0.01,0.01
31.03.2021 06:32:44.338 GMT-0700,53.813,53.777,0.0075,0
31.03.2021 06:32:44.388 GMT-0700,53.843,53.777,0.01,0.01
31.03.2021 06:32:44.438 GMT-0700,53.813,53.757,0.01,0.01
31.03.2021 06:32:44.750 GMT-0700,53.813,53.787,0,0.0075
31.03.2021 06:32:44.800 GMT-0700,53.843,53.777,0.01,0.01
31.03.2021 06:32:46.108 GMT-0700,53.843,53.817,0,0.0075
31.03.2021 06:32:46.159 GMT-0700,53.873000000000005,53.817,0.01,0.01
31.03.2021 06:32:46.625 GMT-0700,53.823,53.777,0.01,0.01
31.03.2021 06:32:46.675 GMT-0700,53.873000000000005,53.797,0.01,0.01
31.03.2021 06:32:47.653 GMT-0700,53.873000000000005,53.807,0.01,0.0075
31.03.2021 06:32:47.943 GMT-0700,53.873999999999995,53.79600000000001,0.01,0.01
31.03.2021 06:32:48.158 GMT-0700,53.873000000000005,53.827,0.01,0
31.03.2021 06:32:48.946 GMT-0700,53.873000000000005,53.836999999999996,0.0075,0
31.03.2021 06:32:48.997 GMT-0700,53.903000000000006,53.827,0.01,0.01
31.03.2021 06:32:49.459 GMT-0700,53.903000000000006,53.797,0.01,0.01
31.03.2021 06:32:49.553 GMT-0700,53.903000000000006,53.827,0.01,0
31.03.2021 06:32:51.195 GMT-0700,53.903000000000006,53.836999999999996,0.01,0.0075
31.03.2021 06:32:51.330 GMT-0700,53.903000000000006,53.847,0.01,0.0075
31.03.2021 06:32:51.380 GMT-0700,53.873000000000005,53.787,0.01,0.01
31.03.2021 06:32:51.971 GMT-0700,53.873000000000005,53.797,0.01,0.0075
31.03.2021 06:32:52.485 GMT-0700,53.873000000000005,53.787,0.01,0.01
31.03.2021 06:32:52.627 GMT-0700,53.833000000000006,53.787,0.0075,0
31.03.2021 06:32:52.677 GMT-0700,53.873000000000005,53.747,0.01,0.01
31.03.2021 06:32:52.727 GMT-0700,53.873999999999995,53.776,0.01,0.01
31.03.2021 06:32:52.838 GMT-0700,53.833000000000006,53.777,0,0.01
31.03.2021 06:32:53.482 GMT-0700,53.833999999999996,53.746,0.01,0.01
31.03.2021 06:32:53.787 GMT-0700,53.833000000000006,53.777,0.01,0.01
31.03.2021 06:32:53.888 GMT-0700,53.833000000000006,53.747,0.01,0.01
31.03.2021 06:32:54.320 GMT-0700,53.833000000000006,53.777,0.01,0
31.03.2021 06:32:54.608 GMT-0700,53.833000000000006,53.747,0.01,0.01
31.03.2021 06:32:54.930 GMT-0700,53.823,53.747,0.01,0.01
31.03.2021 06:32:56.166 GMT-0700,53.783,53.747,0.0075,0
31.03.2021 06:32:56.216 GMT-0700,53.793000000000006,53.727,0.01,0.01
31.03.2021 06:32:56.316 GMT-0700,53.793000000000006,53.687,0.01,0.01
31.03.2021 06:32:56.691 GMT-0700,53.773,53.687,0.0075,0.01
31.03.2021 06:32:56.742 GMT-0700,53.783,53.687,0.01,0.01
31.03.2021 06:32:58.567 GMT-0700,53.794,53.726000000000006,0.01,0
31.03.2021 06:33:00.223 GMT-0700,53.833000000000006,53.777,0.01,0.01
31.03.2021 06:33:00.752 GMT-0700,53.833000000000006,53.727,0.01,0.01
31.03.2021 06:33:01.317 GMT-0700,53.823,53.727,0.0075,0.01
31.03.2021 06:33:01.496 GMT-0700,53.833000000000006,53.727,0.01,0.01
31.03.2021 06:33:02.326 GMT-0700,53.793000000000006,53.727,0,0.01
31.03.2021 06:33:02.376 GMT-0700,53.833000000000006,53.727,0.01,0.01
31.03.2021 06:33:02.560 GMT-0700,53.773,53.727,0,0.0075
31.03.2021 06:33:02.610 GMT-0700,53.793000000000006,53.727,0.01,0.01
31.03.2021 06:33:02.661 GMT-0700,53.793000000000006,53.737,0.01,0.01
31.03.2021 06:33:02.902 GMT-0700,53.833000000000006,53.727,0.01,0.01
31.03.2021 06:33:03.257 GMT-0700,53.823,53.727,0,0.01
31.03.2021 06:33:03.307 GMT-0700,53.833000000000006,53.727,0.01,0.01
31.03.2021 06:33:03.878 GMT-0700,53.823,53.727,0.0075,0.01
31.03.2021 06:33:04.057 GMT-0700,53.793000000000006,53.737,0.01,0.01
31.03.2021 06:33:04.158 GMT-0700,53.793000000000006,53.727,0.01,0.01
31.03.2021 06:33:04.291 GMT-0700,53.783,53.687,0.01,0.01
31.03.2021 06:33:04.482 GMT-0700,53.793000000000006,53.697,0.01,0.0075
31.03.2021 06:33:04.583 GMT-0700,53.833000000000006,53.727,0.01,0.01
31.03.2021 06:33:04.633 GMT-0700,53.823,53.727,0.01,0.01
31.03.2021 06:33:04.782 GMT-0700,53.793000000000006,53.727,0,0.01
31.03.2021 06:33:04.833 GMT-0700,53.833000000000006,53.727,0.01,0.01
31.03.2021 06:33:05.076 GMT-0700,53.793000000000006,53.727,0.0075,0.01
31.03.2021 06:33:06.540 GMT-0700,53.833000000000006,53.727,0.01,0.01
31.03.2021 06:33:06.590 GMT-0700,53.793000000000006,53.727,0.01,0.01
31.03.2021 06:33:08.125 GMT-0700,53.783,53.727,0.01,0.01
31.03.2021 06:33:08.175 GMT-0700,53.793000000000006,53.717,0.01,0.01
31.03.2021 06:33:08.426 GMT-0700,53.783,53.717,0.01,0.01
31.03.2021 06:33:08.613 GMT-0700,53.773,53.717,0,0.01
31.03.2021 06:33:08.663 GMT-0700,53.783,53.717,0.01,0.01
31.03.2021 06:33:08.941 GMT-0700,53.793000000000006,53.717,0.01,0.01
31.03.2021 06:33:09.010 GMT-0700,53.793000000000006,53.747,0.01,0
31.03.2021 06:33:09.060 GMT-0700,53.793000000000006,53.717,0.01,0.01
31.03.2021 06:33:09.113 GMT-0700,53.774,53.71600000000001,0.01,0.01
31.03.2021 06:33:09.216 GMT-0700,53.793000000000006,53.747,0.01,0.01
31.03.2021 06:33:09.316 GMT-0700,53.793000000000006,53.737,0.01,0.01
31.03.2021 06:33:12.907 GMT-0700,53.755,53.736000000000004,0.0075,0.01
31.03.2021 06:33:12.958 GMT-0700,53.753,53.717,0.01,0.01
31.03.2021 06:33:13.156 GMT-0700,53.763000000000005,53.717,0.0075,0
31.03.2021 06:33:13.487 GMT-0700,53.743,53.717,0.0075,0.01
31.03.2021 06:33:13.587 GMT-0700,53.773,53.717,0.01,0.01
31.03.2021 06:33:13.666 GMT-0700,53.773,53.727,0.0075,0
31.03.2021 06:33:13.717 GMT-0700,53.793000000000006,53.717,0.01,0.01
31.03.2021 06:33:13.767 GMT-0700,53.793000000000006,53.737,0.01,0.01
31.03.2021 06:33:15.092 GMT-0700,53.783,53.737,0.0075,0.01
31.03.2021 06:33:15.193 GMT-0700,53.793000000000006,53.737,0.01,0.01
31.03.2021 06:33:16.358 GMT-0700,53.783,53.737,0,0.01
31.03.2021 06:33:16.409 GMT-0700,53.793000000000006,53.737,0.01,0.01
31.03.2021 06:33:16.881 GMT-0700,53.763000000000005,53.737,0,0.0075
31.03.2021 06:33:16.931 GMT-0700,53.783,53.727,0.01,0.01
31.03.2021 06:33:16.982 GMT-0700,53.793000000000006,53.727,0.01,0.01
31.03.2021 06:33:17.232 GMT-0700,53.763000000000005,53.727,0.01,0.01
31.03.2021 06:33:17.347 GMT-0700,53.793000000000006,53.727,0.01,0.01
31.03.2021 06:33:17.987 GMT-0700,53.763000000000005,53.727,0,0.01
31.03.2021 06:33:18.325 GMT-0700,53.794,53.726000000000006,0.01,0.01
31.03.2021 06:33:21.233 GMT-0700,53.783,53.727,0.0075,0.01
31.03.2021 06:33:21.283 GMT-0700,53.794,53.726000000000006,0.01,0.01
31.03.2021 06:33:25.069 GMT-0700,53.783,53.727,0,0.01
31.03.2021 06:33:25.120 GMT-0700,53.794,53.71600000000001,0.01,0.01
31.03.2021 06:33:26.259 GMT-0700,53.793000000000006,53.727,0.01,0.01
31.03.2021 06:33:26.876 GMT-0700,53.813,53.747,0.01,0.01
31.03.2021 06:33:27.025 GMT-0700,53.833000000000006,53.777,0.01,0.01
31.03.2021 06:33:34.143 GMT-0700,53.853,53.787,0.01,0.01
31.03.2021 06:33:34.201 GMT-0700,53.853,53.797,0,0.0075
31.03.2021 06:33:34.251 GMT-0700,53.873000000000005,53.797,0.01,0.01
31.03.2021 06:33:34.302 GMT-0700,53.873000000000005,53.787,0.01,0.01
31.03.2021 06:33:34.352 GMT-0700,53.873000000000005,53.836999999999996,0.01,0.01
31.03.2021 06:33:36.220 GMT-0700,53.903999999999996,53.836000000000006,0.01,0.01
31.03.2021 06:33:36.346 GMT-0700,53.894,53.846000000000004,0,0
31.03.2021 06:33:36.396 GMT-0700,53.903000000000006,53.847,0.01,0.01
31.03.2021 06:33:40.073 GMT-0700,53.884,53.846000000000004,0.01,0.01
31.03.2021 06:33:40.123 GMT-0700,53.903000000000006,53.807,0.01,0.01
31.03.2021 06:33:40.376 GMT-0700,53.893,53.807,0.0075,0.01
31.03.2021 06:33:40.427 GMT-0700,53.903000000000006,53.807,0.01,0.01
31.03.2021 06:33:40.994 GMT-0700,53.903999999999996,53.846000000000004,0.01,0
31.03.2021 06:33:41.044 GMT-0700,53.903000000000006,53.817,0.01,0.01
31.03.2021 06:33:41.221 GMT-0700,53.903000000000006,53.847,0.01,0.01
31.03.2021 06:33:41.272 GMT-0700,53.903000000000006,53.817,0.01,0.01
31.03.2021 06:33:41.322 GMT-0700,53.903999999999996,53.846000000000004,0.01,0.01
31.03.2021 06:33:45.081 GMT-0700,53.883,53.847,0,0.01
31.03.2021 06:33:45.132 GMT-0700,53.843,53.797,0.01,0.01
31.03.2021 06:33:45.373 GMT-0700,53.843,53.787,0,0.01
31.03.2021 06:33:45.665 GMT-0700,53.833000000000006,53.787,0.0075,0.01
31.03.2021 06:33:45.715 GMT-0700,53.853,53.797,0.01,0.01
31.03.2021 06:33:45.916 GMT-0700,53.853,53.787,0.01,0.01
31.03.2021 06:33:46.017 GMT-0700,53.853,53.737,0.01,0.01
31.03.2021 06:33:46.094 GMT-0700,53.854,53.776,0.01,0.0075
31.03.2021 06:33:47.049 GMT-0700,53.853,53.787,0.01,0.01
31.03.2021 06:33:47.100 GMT-0700,53.853,53.777,0.01,0.01
31.03.2021 06:33:47.374 GMT-0700,53.853,53.787,0.01,0.0075
31.03.2021 06:33:47.425 GMT-0700,53.853,53.777,0.01,0.01
31.03.2021 06:33:47.968 GMT-0700,53.853,53.787,0.01,0.0075
31.03.2021 06:33:48.069 GMT-0700,53.853,53.777,0.01,0.01
31.03.2021 06:33:48.119 GMT-0700,53.854,53.786,0.01,0.01
31.03.2021 06:33:48.170 GMT-0700,53.853,53.777,0.01,0.01
31.03.2021 06:33:48.406 GMT-0700,53.853,53.807,0.0075,0
31.03.2021 06:33:48.456 GMT-0700,53.853,53.787,0.01,0.01
31.03.2021 06:33:48.524 GMT-0700,53.853,53.777,0.01,0.01
31.03.2021 06:33:48.574 GMT-0700,53.853,53.787,0.01,0.01
31.03.2021 06:33:48.625 GMT-0700,53.853,53.777,0.01,0.01
31.03.2021 06:33:49.126 GMT-0700,53.853,53.787,0.01,0
31.03.2021 06:33:49.176 GMT-0700,53.853,53.777,0.01,0.01
31.03.2021 06:33:49.684 GMT-0700,53.853,53.807,0.01,0
31.03.2021 06:33:49.735 GMT-0700,53.853,53.777,0.01,0.01
31.03.2021 06:33:50.162 GMT-0700,53.853,53.787,0.01,0.01
31.03.2021 06:33:50.264 GMT-0700,53.853,53.807,0.01,0.01
31.03.2021 06:33:50.803 GMT-0700,53.853,53.787,0.01,0.01
31.03.2021 06:33:51.117 GMT-0700,53.854,53.776,0.01,0.01
31.03.2021 06:33:53.096 GMT-0700,53.853,53.807,0.01,0.01
31.03.2021 06:33:53.208 GMT-0700,53.853,53.777,0.01,0.01
31.03.2021 06:33:53.444 GMT-0700,53.853,53.817,0,0.0075
31.03.2021 06:33:53.494 GMT-0700,53.903000000000006,53.807,0.01,0.01
31.03.2021 06:33:53.546 GMT-0700,53.863,53.807,0.0075,0.01
31.03.2021 06:33:54.056 GMT-0700,53.863,53.777,0.01,0.01
31.03.2021 06:33:54.713 GMT-0700,53.863,53.807,0,0.0075
31.03.2021 06:33:54.764 GMT-0700,53.873000000000005,53.807,0.01,0.01
31.03.2021 06:33:54.876 GMT-0700,53.903000000000006,53.807,0.01,0.01
31.03.2021 06:33:56.022 GMT-0700,53.873000000000005,53.807,0,0.01
31.03.2021 06:33:56.458 GMT-0700,53.903000000000006,53.827,0.01,0.01
31.03.2021 06:33:56.508 GMT-0700,53.873000000000005,53.827,0.01,0.01
31.03.2021 06:33:56.558 GMT-0700,53.873000000000005,53.807,0.01,0.01
31.03.2021 06:33:57.093 GMT-0700,53.903000000000006,53.807,0.01,0.01
31.03.2021 06:33:57.144 GMT-0700,53.873000000000005,53.807,0.01,0.01
31.03.2021 06:33:57.451 GMT-0700,53.873000000000005,53.847,0,0.01
31.03.2021 06:33:57.602 GMT-0700,53.893,53.807,0.01,0.01
31.03.2021 06:33:57.670 GMT-0700,53.873000000000005,53.817,0.01,0.01
31.03.2021 06:33:57.797 GMT-0700,53.873999999999995,53.806000000000004,0.01,0.01
31.03.2021 06:33:58.032 GMT-0700,53.903999999999996,53.806000000000004,0.01,0.01
31.03.2021 06:33:58.924 GMT-0700,53.873000000000005,53.807,0,0.01
31.03.2021 06:34:00.062 GMT-0700,53.873000000000005,53.797,0.01,0.01
31.03.2021 06:34:00.212 GMT-0700,53.873999999999995,53.776,0.01,0.01
31.03.2021 06:34:00.311 GMT-0700,53.833000000000006,53.777,0,0.0075
31.03.2021 06:34:00.361 GMT-0700,53.833000000000006,53.747,0.01,0.01
31.03.2021 06:34:00.417 GMT-0700,53.833000000000006,53.777,0.01,0.0075
31.03.2021 06:34:00.662 GMT-0700,53.833000000000006,53.747,0.01,0.01
31.03.2021 06:34:02.773 GMT-0700,53.833000000000006,53.777,0.01,0
31.03.2021 06:34:02.995 GMT-0700,53.833000000000006,53.797,0.0075,0
31.03.2021 06:34:03.045 GMT-0700,53.873000000000005,53.777,0.01,0.01
31.03.2021 06:34:03.095 GMT-0700,53.833000000000006,53.777,0.01,0.01
31.03.2021 06:34:03.209 GMT-0700,53.873000000000005,53.777,0.01,0.01
31.03.2021 06:34:03.739 GMT-0700,53.873000000000005,53.807,0.01,0
31.03.2021 06:34:04.488 GMT-0700,53.873000000000005,53.836999999999996,0.01,0
31.03.2021 06:34:05.095 GMT-0700,53.864,53.836000000000006,0.0075,0.01
31.03.2021 06:34:05.288 GMT-0700,53.863,53.807,0.01,0.01
31.03.2021 06:34:05.338 GMT-0700,53.903000000000006,53.857,0.01,0.01
31.03.2021 06:34:09.822 GMT-0700,53.923,53.847,0.01,0.01
31.03.2021 06:34:09.997 GMT-0700,53.943000000000005,53.847,0.01,0.01
31.03.2021 06:34:10.098 GMT-0700,53.943000000000005,53.897,0.01,0.01
31.03.2021 06:34:10.199 GMT-0700,53.923,53.907,0.01,0.01
31.03.2021 06:34:10.299 GMT-0700,53.923,53.847,0.01,0.01
31.03.2021 06:34:10.381 GMT-0700,53.924,53.876000000000005,0.01,0.01
31.03.2021 06:34:10.495 GMT-0700,53.913000000000004,53.847,0.01,0.01
31.03.2021 06:34:10.545 GMT-0700,53.913000000000004,53.887,0.01,0.01
31.03.2021 06:34:10.821 GMT-0700,53.903000000000006,53.847,0.01,0.01
31.03.2021 06:34:12.201 GMT-0700,53.903000000000006,53.867,0.01,0.0075
31.03.2021 06:34:12.251 GMT-0700,53.903000000000006,53.847,0.01,0.01
31.03.2021 06:34:14.231 GMT-0700,53.883,53.847,0,0.01
31.03.2021 06:34:19.509 GMT-0700,53.883,53.836999999999996,0.01,0.01
31.03.2021 06:34:19.569 GMT-0700,53.883,53.847,0.01,0
31.03.2021 06:34:21.346 GMT-0700,53.913000000000004,53.847,0.01,0.01
31.03.2021 06:34:21.397 GMT-0700,53.923,53.847,0.01,0.01
31.03.2021 06:34:21.447 GMT-0700,53.923,53.867,0.01,0.01
31.03.2021 06:34:21.893 GMT-0700,53.913000000000004,53.867,0,0.0075
31.03.2021 06:34:21.994 GMT-0700,53.923,53.847,0.01,0.01
31.03.2021 06:34:22.374 GMT-0700,53.893,53.847,0,0.01
31.03.2021 06:34:23.111 GMT-0700,53.893,53.857,0.0075,0
31.03.2021 06:34:23.161 GMT-0700,53.923,53.847,0.01,0.01
31.03.2021 06:34:23.212 GMT-0700,53.903000000000006,53.847,0.01,0.01
31.03.2021 06:34:23.328 GMT-0700,53.923,53.847,0.01,0.01
31.03.2021 06:34:23.490 GMT-0700,53.923,53.857,0.01,0.0075
31.03.2021 06:34:24.188 GMT-0700,53.903000000000006,53.857,0,0.01
31.03.2021 06:34:24.288 GMT-0700,53.923,53.857,0.01,0.01
31.03.2021 06:34:24.965 GMT-0700,53.903000000000006,53.857,0.01,0.01
31.03.2021 06:34:25.136 GMT-0700,53.893,53.857,0.0075,0.01
31.03.2021 06:34:25.187 GMT-0700,53.923,53.857,0.01,0.01
31.03.2021 06:34:28.357 GMT-0700,53.903000000000006,53.857,0.01,0.01
31.03.2021 06:34:28.907 GMT-0700,53.923,53.857,0.01,0.01
31.03.2021 06:34:29.571 GMT-0700,53.903000000000006,53.857,0.0075,0.01
31.03.2021 06:34:30.348 GMT-0700,53.903000000000006,53.847,0.01,0.01
31.03.2021 06:34:31.722 GMT-0700,53.923,53.847,0.01,0.01
31.03.2021 06:34:32.179 GMT-0700,53.923,53.857,0.01,0.0075
31.03.2021 06:34:32.548 GMT-0700,53.903000000000006,53.857,0,0.01
31.03.2021 06:34:32.648 GMT-0700,53.923,53.857,0.01,0.01
31.03.2021 06:34:33.722 GMT-0700,53.923,53.887,0,0.0075
31.03.2021 06:34:33.772 GMT-0700,53.953,53.897,0.01,0.01
31.03.2021 06:34:34.624 GMT-0700,53.983000000000004,53.897,0.01,0.01
31.03.2021 06:34:35.030 GMT-0700,53.973000000000006,53.897,0,0.01
31.03.2021 06:34:35.180 GMT-0700,53.943000000000005,53.887,0.01,0.01
31.03.2021 06:34:35.231 GMT-0700,53.943000000000005,53.877,0.01,0.01
31.03.2021 06:34:35.513 GMT-0700,53.983999999999995,53.876000000000005,0.01,0.01
31.03.2021 06:34:35.702 GMT-0700,53.983000000000004,53.897,0.01,0
31.03.2021 06:34:35.803 GMT-0700,53.983000000000004,53.877,0.01,0.01
31.03.2021 06:34:36.275 GMT-0700,53.943999999999996,53.86600000000001,0.01,0.01
31.03.2021 06:34:36.375 GMT-0700,53.943000000000005,53.857,0.01,0.01
31.03.2021 06:34:36.426 GMT-0700,53.943000000000005,53.867,0.01,0.01
31.03.2021 06:34:36.476 GMT-0700,53.943000000000005,53.857,0.01,0.01
31.03.2021 06:34:36.541 GMT-0700,53.943000000000005,53.877,0.01,0.01
31.03.2021 06:34:36.664 GMT-0700,53.943999999999996,53.856,0.01,0.01
31.03.2021 06:34:36.714 GMT-0700,53.943000000000005,53.877,0.01,0.01
31.03.2021 06:34:36.839 GMT-0700,53.943000000000005,53.897,0.01,0.01
31.03.2021 06:34:37.257 GMT-0700,53.953,53.897,0.01,0.01
31.03.2021 06:34:37.910 GMT-0700,53.953,53.917,0,0.0075
31.03.2021 06:34:37.961 GMT-0700,53.953,53.877,0.01,0.01
31.03.2021 06:34:39.652 GMT-0700,53.953,53.897,0.01,0
31.03.2021 06:34:40.357 GMT-0700,53.983000000000004,53.907,0.01,0.01
31.03.2021 06:34:40.407 GMT-0700,53.973000000000006,53.907,0.01,0.01
31.03.2021 06:34:40.508 GMT-0700,53.963,53.907,0.01,0.01
31.03.2021 06:34:40.558 GMT-0700,53.963,53.897,0.01,0.01
31.03.2021 06:34:40.641 GMT-0700,53.943000000000005,53.897,0.0075,0
31.03.2021 06:34:40.692 GMT-0700,53.943000000000005,53.877,0.01,0.01
31.03.2021 06:34:40.792 GMT-0700,53.953,53.897,0.01,0.01
31.03.2021 06:34:40.930 GMT-0700,53.943000000000005,53.897,0,0.01
31.03.2021 06:34:40.981 GMT-0700,53.943000000000005,53.877,0.01,0.01
31.03.2021 06:34:42.594 GMT-0700,53.934,53.876000000000005,0.01,0.01
31.03.2021 06:34:43.062 GMT-0700,53.943000000000005,53.877,0.01,0.01
31.03.2021 06:34:43.113 GMT-0700,53.933,53.877,0.01,0.01
31.03.2021 06:34:43.213 GMT-0700,53.943000000000005,53.877,0.01,0.01
31.03.2021 06:34:43.289 GMT-0700,53.943000000000005,53.897,0.01,0
31.03.2021 06:34:43.415 GMT-0700,53.933,53.897,0.01,0
31.03.2021 06:34:43.466 GMT-0700,53.933,53.867,0.01,0.01
31.03.2021 06:34:43.566 GMT-0700,53.943000000000005,53.867,0.01,0.01
31.03.2021 06:34:43.807 GMT-0700,53.943000000000005,53.887,0.01,0.0075
31.03.2021 06:34:44.440 GMT-0700,53.953,53.907,0.01,0.0075
31.03.2021 06:34:45.646 GMT-0700,53.953,53.897,0.01,0.01
31.03.2021 06:34:45.740 GMT-0700,53.953,53.927,0.01,0.01
31.03.2021 06:34:47.611 GMT-0700,53.953,53.887,0.01,0.01
31.03.2021 06:34:47.781 GMT-0700,53.953,53.927,0.01,0.0075
31.03.2021 06:34:48.389 GMT-0700,53.953,53.937,0.01,0.0075
31.03.2021 06:34:48.725 GMT-0700,53.953,53.947,0,0.0075
31.03.2021 06:34:48.775 GMT-0700,53.964,53.946000000000005,0.01,0.01
31.03.2021 06:34:48.876 GMT-0700,54.003,53.957,0.01,0.01
31.03.2021 06:34:49.711 GMT-0700,53.993,53.957,0.01,0.01
31.03.2021 06:34:49.761 GMT-0700,54.003,53.957,0.01,0.01
31.03.2021 06:34:50.369 GMT-0700,53.993,53.957,0,0.01
31.03.2021 06:34:50.520 GMT-0700,54.003,53.957,0.01,0.01
31.03.2021 06:34:51.114 GMT-0700,53.993,53.957,0.0075,0
31.03.2021 06:34:51.164 GMT-0700,53.993,53.947,0.01,0.01
31.03.2021 06:34:51.463 GMT-0700,54.003,53.947,0.01,0.01
31.03.2021 06:34:51.514 GMT-0700,54.033,53.957,0.01,0.01
31.03.2021 06:34:51.564 GMT-0700,54.013000000000005,53.957,0.01,0.01
31.03.2021 06:34:51.793 GMT-0700,54.033,53.957,0.01,0.01
31.03.2021 06:34:52.427 GMT-0700,54.033,53.987,0.0075,0
31.03.2021 06:34:52.477 GMT-0700,54.053999999999995,53.976000000000006,0.01,0.01
31.03.2021 06:34:55.373 GMT-0700,54.053000000000004,54.007,0.0075,0
31.03.2021 06:34:55.424 GMT-0700,54.083000000000006,53.977,0.01,0.01
31.03.2021 06:34:55.878 GMT-0700,54.053000000000004,53.977,0,0.01
31.03.2021 06:34:55.986 GMT-0700,54.043000000000006,53.977,0,0.01
31.03.2021 06:34:56.037 GMT-0700,54.053000000000004,53.977,0.01,0.01
31.03.2021 06:34:56.094 GMT-0700,54.033,53.967,0.01,0.01
31.03.2021 06:34:56.221 GMT-0700,54.053000000000004,53.967,0.01,0.01
31.03.2021 06:34:56.312 GMT-0700,54.053000000000004,53.987,0.01,0.0075
31.03.2021 06:34:56.712 GMT-0700,54.043000000000006,53.987,0.01,0.01
31.03.2021 06:34:56.842 GMT-0700,54.053000000000004,53.987,0.01,0.01
31.03.2021 06:34:56.949 GMT-0700,54.083000000000006,53.987,0.01,0.01
31.03.2021 06:34:57.023 GMT-0700,54.083000000000006,53.997,0.01,0.01
31.03.2021 06:34:57.128 GMT-0700,54.043000000000006,53.987,0,0.01
31.03.2021 06:34:57.179 GMT-0700,54.053999999999995,53.986000000000004,0.01,0.01
31.03.2021 06:34:57.339 GMT-0700,54.083000000000006,53.987,0.01,0.01
31.03.2021 06:34:58.109 GMT-0700,54.053000000000004,54.016999999999996,0,0
31.03.2021 06:34:58.159 GMT-0700,54.053000000000004,53.987,0.01,0.01
31.03.2021 06:34:58.397 GMT-0700,54.063,54.027,0,0.0075
31.03.2021 06:34:58.447 GMT-0700,54.083999999999996,54.00600000000001,0.01,0.01
31.03.2021 06:34:59.023 GMT-0700,54.153000000000006,54.077,0.01,0.01
31.03.2021 06:34:59.124 GMT-0700,54.093,54.047,0.01,0.01
31.03.2021 06:34:59.275 GMT-0700,54.104,54.04600000000001,0.01,0.01
31.03.2021 06:34:59.376 GMT-0700,54.113,54.067,0.01,0.01
31.03.2021 06:34:59.426 GMT-0700,54.113,54.047,0.01,0.01
31.03.2021 06:34:59.727 GMT-0700,54.133,54.067,0.01,0.01
31.03.2021 06:35:00.064 GMT-0700,54.163000000000004,54.067,0.01,0.01
31.03.2021 06:35:00.114 GMT-0700,54.143,54.067,0.01,0.01
31.03.2021 06:35:00.366 GMT-0700,54.123000000000005,54.067,0.01,0.01
31.03.2021 06:35:00.418 GMT-0700,54.133,54.067,0.01,0.01
31.03.2021 06:35:00.552 GMT-0700,54.143,54.067,0.01,0.01
31.03.2021 06:35:01.030 GMT-0700,54.143,54.097,0.01,0
31.03.2021 06:35:01.080 GMT-0700,54.163000000000004,54.097,0.01,0.01
31.03.2021 06:35:01.761 GMT-0700,54.163000000000004,54.107,0.0075,0
31.03.2021 06:35:01.811 GMT-0700,54.183,54.107,0.01,0.01
31.03.2021 06:35:02.112 GMT-0700,54.183,54.127,0.0075,0
31.03.2021 06:35:02.162 GMT-0700,54.203,54.127,0.01,0.01
31.03.2021 06:35:02.277 GMT-0700,54.203,54.107,0.01,0.01
31.03.2021 06:35:03.442 GMT-0700,54.183,54.107,0.0075,0.01
31.03.2021 06:35:03.674 GMT-0700,54.183,54.127,0.01,0
31.03.2021 06:35:03.878 GMT-0700,54.203,54.127,0.01,0.01
31.03.2021 06:35:03.929 GMT-0700,54.193000000000005,54.127,0.01,0.01
31.03.2021 06:35:04.735 GMT-0700,54.163000000000004,54.127,0.0075,0
31.03.2021 06:35:04.785 GMT-0700,54.163000000000004,54.117,0.01,0.01
31.03.2021 06:35:04.886 GMT-0700,54.173,54.137,0.0075,0
31.03.2021 06:35:04.936 GMT-0700,54.173,54.117,0.01,0.01
31.03.2021 06:35:05.016 GMT-0700,54.173,54.127,0.01,0
31.03.2021 06:35:05.356 GMT-0700,54.193000000000005,54.117,0.01,0.01
31.03.2021 06:35:05.406 GMT-0700,54.193000000000005,54.137,0.01,0.01
31.03.2021 06:35:05.510 GMT-0700,54.163000000000004,54.137,0.01,0.01
31.03.2021 06:35:05.561 GMT-0700,54.153000000000006,54.117,0.01,0.01
31.03.2021 06:35:05.685 GMT-0700,54.163000000000004,54.127,0.01,0.0075
31.03.2021 06:35:05.735 GMT-0700,54.193000000000005,54.147,0.01,0.01
31.03.2021 06:35:05.809 GMT-0700,54.193000000000005,54.127,0.01,0.01
31.03.2021 06:35:06.679 GMT-0700,54.193000000000005,54.167,0,0.0075
31.03.2021 06:35:06.830 GMT-0700,54.203,54.167,0.01,0.01
31.03.2021 06:35:07.063 GMT-0700,54.193000000000005,54.167,0.01,0.01
31.03.2021 06:35:07.113 GMT-0700,54.173,54.127,0.01,0.01
31.03.2021 06:35:07.400 GMT-0700,54.173,54.147,0.01,0.01
31.03.2021 06:35:07.591 GMT-0700,54.193000000000005,54.147,0.01,0.01
31.03.2021 06:35:08.279 GMT-0700,54.203,54.147,0.01,0.01
31.03.2021 06:35:08.973 GMT-0700,54.214,54.14600000000001,0.01,0.01
31.03.2021 06:35:09.262 GMT-0700,54.193999999999996,54.14600000000001,0.01,0.01
31.03.2021 06:35:09.312 GMT-0700,54.204,54.14600000000001,0.01,0.01
31.03.2021 06:35:10.067 GMT-0700,54.193000000000005,54.147,0.0075,0.01
31.03.2021 06:35:10.117 GMT-0700,54.183,54.127,0.01,0.01
31.03.2021 06:35:10.227 GMT-0700,54.183,54.117,0.01,0.01
31.03.2021 06:35:10.278 GMT-0700,54.174,54.11600000000001,0.01,0.01
31.03.2021 06:35:10.328 GMT-0700,54.183,54.117,0.01,0.01
31.03.2021 06:35:10.378 GMT-0700,54.183,54.127,0.01,0.01
31.03.2021 06:35:10.549 GMT-0700,54.183,54.117,0.01,0.01
31.03.2021 06:35:11.492 GMT-0700,54.174,54.11600000000001,0.0075,0.01
31.03.2021 06:35:11.667 GMT-0700,54.174,54.096000000000004,0.01,0.01
31.03.2021 06:35:11.730 GMT-0700,54.173,54.117,0.01,0
31.03.2021 06:35:11.954 GMT-0700,54.173,54.097,0.01,0.01
31.03.2021 06:35:12.049 GMT-0700,54.173,54.117,0.01,0.01
31.03.2021 06:35:12.393 GMT-0700,54.173,54.097,0.01,0.01
31.03.2021 06:35:12.459 GMT-0700,54.173,54.117,0.01,0.01
31.03.2021 06:35:12.845 GMT-0700,54.173,54.097,0.01,0.01
31.03.2021 06:35:13.006 GMT-0700,54.173,54.117,0.01,0.0075
31.03.2021 06:35:13.056 GMT-0700,54.173,54.097,0.01,0.01
31.03.2021 06:35:13.345 GMT-0700,54.173,54.117,0,0.0075
31.03.2021 06:35:13.395 GMT-0700,54.183,54.117,0.01,0.01
31.03.2021 06:35:13.636 GMT-0700,54.173,54.097,0.01,0.01
31.03.2021 06:35:13.754 GMT-0700,54.173,54.117,0.01,0
31.03.2021 06:35:13.804 GMT-0700,54.183,54.117,0.01,0.01
31.03.2021 06:35:14.164 GMT-0700,54.193000000000005,54.117,0.01,0.01
31.03.2021 06:35:14.539 GMT-0700,54.183,54.117,0.01,0.01
31.03.2021 06:35:14.809 GMT-0700,54.213,54.137,0.01,0.01
31.03.2021 06:35:15.083 GMT-0700,54.203,54.137,0,0.01
31.03.2021 06:35:15.591 GMT-0700,54.214,54.136,0.01,0.01
31.03.2021 06:35:15.852 GMT-0700,54.193000000000005,54.117,0.01,0.01
31.03.2021 06:35:15.953 GMT-0700,54.203,54.137,0.01,0.01
31.03.2021 06:35:18.239 GMT-0700,54.203,54.147,0.01,0.01
31.03.2021 06:35:18.810 GMT-0700,54.203,54.137,0.01,0.01
31.03.2021 06:35:19.207 GMT-0700,54.213,54.137,0.01,0.01
31.03.2021 06:35:19.925 GMT-0700,54.204,54.156000000000006,0,0
31.03.2021 06:35:20.096 GMT-0700,54.203,54.137,0.01,0.01
31.03.2021 06:35:20.146 GMT-0700,54.183,54.117,0.01,0.01
31.03.2021 06:35:21.078 GMT-0700,54.173,54.127,0,0
31.03.2021 06:35:21.128 GMT-0700,54.183,54.127,0.01,0.01
31.03.2021 06:35:21.179 GMT-0700,54.173,54.127,0.01,0.01
31.03.2021 06:35:21.229 GMT-0700,54.173,54.107,0.01,0.01
31.03.2021 06:35:21.280 GMT-0700,54.183,54.127,0.01,0.01
31.03.2021 06:35:21.330 GMT-0700,54.163000000000004,54.097,0.01,0.01
31.03.2021 06:35:21.617 GMT-0700,54.173,54.097,0.0075,0.01
31.03.2021 06:35:21.667 GMT-0700,54.183,54.117,0.01,0.01
31.03.2021 06:35:21.768 GMT-0700,54.163000000000004,54.107,0.01,0.01
31.03.2021 06:35:21.818 GMT-0700,54.163000000000004,54.097,0.01,0.01
31.03.2021 06:35:21.981 GMT-0700,54.174,54.096000000000004,0.01,0.01
31.03.2021 06:35:22.070 GMT-0700,54.183,54.117,0.01,0.01
31.03.2021 06:35:22.120 GMT-0700,54.173,54.097,0.01,0.01
31.03.2021 06:35:22.271 GMT-0700,54.183,54.097,0.01,0.01
31.03.2021 06:35:22.321 GMT-0700,54.173,54.097,0.01,0.01
31.03.2021 06:35:22.371 GMT-0700,54.184,54.096000000000004,0.01,0.01
31.03.2021 06:35:22.454 GMT-0700,54.173,54.097,0.01,0.01
31.03.2021 06:35:22.578 GMT-0700,54.183,54.097,0.01,0.01
31.03.2021 06:35:22.685 GMT-0700,54.183,54.117,0.01,0
31.03.2021 06:35:24.008 GMT-0700,54.203,54.117,0.01,0.01
31.03.2021 06:35:24.114 GMT-0700,54.183,54.117,0,0.01
31.03.2021 06:35:25.072 GMT-0700,54.143,54.117,0,0.0075
31.03.2021 06:35:25.122 GMT-0700,54.153000000000006,54.086999999999996,0.01,0.01
31.03.2021 06:35:25.172 GMT-0700,54.183,54.117,0.01,0.01
31.03.2021 06:35:25.223 GMT-0700,54.163000000000004,54.086999999999996,0.01,0.01
31.03.2021 06:35:25.273 GMT-0700,54.184,54.106,0.01,0.01
31.03.2021 06:35:25.439 GMT-0700,54.163000000000004,54.107,0.01,0.0075
31.03.2021 06:35:25.489 GMT-0700,54.183,54.107,0.01,0.01
31.03.2021 06:35:25.556 GMT-0700,54.153000000000006,54.107,0,0.0075
31.03.2021 06:35:25.607 GMT-0700,54.183,54.107,0.01,0.01
31.03.2021 06:35:25.726 GMT-0700,54.163000000000004,54.107,0,0.01
31.03.2021 06:35:25.776 GMT-0700,54.163000000000004,54.086999999999996,0.01,0.01
31.03.2021 06:35:25.828 GMT-0700,54.163000000000004,54.107,0,0.0075
31.03.2021 06:35:25.879 GMT-0700,54.183,54.107,0.01,0.01
31.03.2021 06:35:26.942 GMT-0700,54.143,54.086999999999996,0.01,0.01
31.03.2021 06:35:26.993 GMT-0700,54.153000000000006,54.086999999999996,0.01,0.01
31.03.2021 06:35:27.408 GMT-0700,54.163000000000004,54.086999999999996,0.01,0.01
31.03.2021 06:35:27.579 GMT-0700,54.153000000000006,54.086999999999996,0.01,0.01
31.03.2021 06:35:27.629 GMT-0700,54.163000000000004,54.086999999999996,0.01,0.01
31.03.2021 06:35:27.763 GMT-0700,54.123999999999995,54.086000000000006,0,0.0075
31.03.2021 06:35:27.813 GMT-0700,54.133,54.077,0.01,0.01
31.03.2021 06:35:27.942 GMT-0700,54.123000000000005,54.047,0.01,0.01
31.03.2021 06:35:28.213 GMT-0700,54.103,54.047,0.01,0.01
31.03.2021 06:35:28.481 GMT-0700,54.123000000000005,54.047,0.01,0.01
31.03.2021 06:35:29.608 GMT-0700,54.103,54.047,0,0.01
31.03.2021 06:35:29.658 GMT-0700,54.123999999999995,54.04600000000001,0.01,0.01
31.03.2021 06:35:30.071 GMT-0700,54.083000000000006,54.047,0,0.0075
31.03.2021 06:35:30.121 GMT-0700,54.083000000000006,54.037,0.01,0.01
31.03.2021 06:35:30.486 GMT-0700,54.073,54.037,0,0.01
31.03.2021 06:35:30.775 GMT-0700,54.083000000000006,54.037,0.01,0.01
31.03.2021 06:35:31.483 GMT-0700,54.103,54.037,0.01,0.01
31.03.2021 06:35:31.995 GMT-0700,54.053000000000004,54.037,0,0.0075
31.03.2021 06:35:32.045 GMT-0700,54.064,53.996,0.01,0.01
31.03.2021 06:35:32.145 GMT-0700,54.053000000000004,53.977,0.01,0.01
31.03.2021 06:35:32.948 GMT-0700,54.033,53.957,0.01,0.01
31.03.2021 06:35:33.132 GMT-0700,54.053000000000004,53.977,0.01,0.01
31.03.2021 06:35:33.182 GMT-0700,54.053000000000004,53.957,0.01,0.01
31.03.2021 06:35:33.262 GMT-0700,54.033,53.957,0,0.01
31.03.2021 06:35:33.413 GMT-0700,54.053000000000004,53.977,0.01,0.01
31.03.2021 06:35:33.826 GMT-0700,54.023,53.957,0,0.01
31.03.2021 06:35:33.927 GMT-0700,54.033,53.967,0.01,0.01
31.03.2021 06:35:34.052 GMT-0700,54.053000000000004,53.967,0.01,0.01
31.03.2021 06:35:34.408 GMT-0700,54.053000000000004,53.977,0.01,0
31.03.2021 06:35:34.860 GMT-0700,54.033,53.977,0.0075,0.01
31.03.2021 06:35:35.059 GMT-0700,54.053000000000004,53.977,0.01,0.01
31.03.2021 06:35:35.627 GMT-0700,54.053000000000004,53.967,0.01,0.01
31.03.2021 06:35:35.779 GMT-0700,54.053000000000004,53.987,0.01,0.01
31.03.2021 06:35:36.213 GMT-0700,54.053000000000004,53.967,0.01,0.01
31.03.2021 06:35:36.270 GMT-0700,54.053000000000004,53.987,0.01,0.0075
31.03.2021 06:35:36.371 GMT-0700,54.053000000000004,53.967,0.01,0.01
31.03.2021 06:35:36.950 GMT-0700,54.053000000000004,53.987,0.01,0.01
31.03.2021 06:35:37.055 GMT-0700,54.053000000000004,53.967,0.01,0.01
31.03.2021 06:35:37.277 GMT-0700,54.033,53.967,0.01,0.01
31.03.2021 06:35:37.328 GMT-0700,54.033,53.957,0.01,0.01
31.03.2021 06:35:37.803 GMT-0700,53.993,53.937,0.01,0.01
31.03.2021 06:35:37.854 GMT-0700,54.033,53.937,0.01,0.01
31.03.2021 06:35:37.904 GMT-0700,54.013000000000005,53.937,0.01,0.01
31.03.2021 06:35:38.279 GMT-0700,54.033,53.937,0.01,0.01
31.03.2021 06:35:38.672 GMT-0700,54.013000000000005,53.937,0.0075,0.01
31.03.2021 06:35:38.723 GMT-0700,54.033,53.937,0.01,0.01
31.03.2021 06:35:39.003 GMT-0700,54.033,53.967,0.01,0.0075
31.03.2021 06:35:39.311 GMT-0700,54.033,53.987,0.0075,0
31.03.2021 06:35:39.362 GMT-0700,54.053000000000004,53.987,0.01,0.01
31.03.2021 06:35:40.621 GMT-0700,54.053999999999995,53.976000000000006,0.01,0.01
31.03.2021 06:35:40.699 GMT-0700,54.053000000000004,53.987,0.01,0
31.03.2021 06:35:41.107 GMT-0700,54.063,54.007,0.01,0.01
31.03.2021 06:35:41.209 GMT-0700,54.073,54.016999999999996,0.01,0.01
31.03.2021 06:35:41.259 GMT-0700,54.083000000000006,54.016999999999996,0.01,0.01
31.03.2021 06:35:41.310 GMT-0700,54.043000000000006,54.016999999999996,0.01,0.01
31.03.2021 06:35:41.360 GMT-0700,54.083000000000006,54.016999999999996,0.01,0.01
31.03.2021 06:35:42.116 GMT-0700,54.083000000000006,54.027,0.01,0.0075
31.03.2021 06:35:43.741 GMT-0700,54.083000000000006,54.007,0.01,0.01
31.03.2021 06:35:47.469 GMT-0700,54.083000000000006,54.016999999999996,0.01,0.0075
31.03.2021 06:35:47.647 GMT-0700,54.083000000000006,54.027,0.01,0.0075
31.03.2021 06:35:47.899 GMT-0700,54.083000000000006,54.016999999999996,0.01,0.01
31.03.2021 06:35:49.970 GMT-0700,54.043000000000006,54.016999999999996,0.01,0.01
31.03.2021 06:35:50.020 GMT-0700,54.083000000000006,54.016999999999996,0.01,0.01
31.03.2021 06:35:50.070 GMT-0700,54.073,54.016999999999996,0.01,0.01
31.03.2021 06:35:50.121 GMT-0700,54.083000000000006,54.016999999999996,0.01,0.01
31.03.2021 06:35:50.262 GMT-0700,54.083999999999996,54.04600000000001,0.0075,0
31.03.2021 06:35:50.312 GMT-0700,54.073,54.016999999999996,0.01,0.01
31.03.2021 06:35:50.363 GMT-0700,54.083000000000006,54.016999999999996,0.01,0.01
31.03.2021 06:35:50.559 GMT-0700,54.073,54.016999999999996,0.0075,0.01
31.03.2021 06:35:51.030 GMT-0700,54.073,54.027,0.0075,0
31.03.2021 06:35:51.647 GMT-0700,54.063,54.016999999999996,0,0.01
31.03.2021 06:35:51.698 GMT-0700,54.073,54.016999999999996,0.01,0.01
31.03.2021 06:35:53.066 GMT-0700,54.063,54.016999999999996,0.01,0.01
31.03.2021 06:35:53.202 GMT-0700,54.073,54.016999999999996,0.01,0.01
31.03.2021 06:35:53.457 GMT-0700,54.043000000000006,54.016999999999996,0.0075,0.01
31.03.2021 06:35:53.507 GMT-0700,54.073,54.016999999999996,0.01,0.01
31.03.2021 06:35:54.729 GMT-0700,54.073,54.037,0.0075,0
31.03.2021 06:35:54.780 GMT-0700,54.103,54.037,0.01,0.01
31.03.2021 06:35:54.835 GMT-0700,54.103,54.047,0.01,0.0075
31.03.2021 06:35:54.936 GMT-0700,54.103,54.037,0.01,0.01
31.03.2021 06:35:57.103 GMT-0700,54.083000000000006,54.037,0.01,0.01
31.03.2021 06:35:57.153 GMT-0700,54.103,54.037,0.01,0.01
31.03.2021 06:35:57.306 GMT-0700,54.083000000000006,54.037,0.0075,0.01
31.03.2021 06:35:57.357 GMT-0700,54.103,54.037,0.01,0.01
31.03.2021 06:35:57.407 GMT-0700,54.093,54.037,0.01,0.01
31.03.2021 06:35:57.513 GMT-0700,54.104,54.036,0.01,0.01
31.03.2021 06:36:00.080 GMT-0700,54.073,54.037,0.01,0.01
31.03.2021 06:36:00.152 GMT-0700,54.103,54.037,0.01,0.01
31.03.2021 06:36:00.576 GMT-0700,54.103,54.067,0.01,0.01
31.03.2021 06:36:00.626 GMT-0700,54.144,54.096000000000004,0.01,0.01
31.03.2021 06:36:00.727 GMT-0700,54.163000000000004,54.067,0.01,0.01
31.03.2021 06:36:00.777 GMT-0700,54.163000000000004,54.097,0.01,0.01
31.03.2021 06:36:01.029 GMT-0700,54.163000000000004,54.067,0.01,0.01
31.03.2021 06:36:01.421 GMT-0700,54.163000000000004,54.097,0.01,0
31.03.2021 06:36:01.599 GMT-0700,54.163000000000004,54.067,0.01,0.01
31.03.2021 06:36:02.177 GMT-0700,54.163000000000004,54.097,0.01,0.01
31.03.2021 06:36:02.503 GMT-0700,54.163000000000004,54.067,0.01,0.01
31.03.2021 06:36:04.495 GMT-0700,54.163000000000004,54.086999999999996,0.01,0.01
31.03.2021 06:36:04.612 GMT-0700,54.133,54.067,0.01,0.01
31.03.2021 06:36:04.762 GMT-0700,54.123000000000005,54.067,0.01,0.01
31.03.2021 06:36:04.882 GMT-0700,54.163000000000004,54.067,0.01,0.01
31.03.2021 06:36:05.061 GMT-0700,54.153999999999996,54.066,0.0075,0.01
31.03.2021 06:36:05.516 GMT-0700,54.123999999999995,54.066,0.0075,0.01
31.03.2021 06:36:05.617 GMT-0700,54.123000000000005,54.077,0.01,0.01
31.03.2021 06:36:05.668 GMT-0700,54.163000000000004,54.077,0.01,0.01
31.03.2021 06:36:05.818 GMT-0700,54.133,54.077,0.01,0.01
31.03.2021 06:36:05.969 GMT-0700,54.133,54.047,0.01,0.01
31.03.2021 06:36:06.019 GMT-0700,54.133,54.067,0.01,0.01
31.03.2021 06:36:07.646 GMT-0700,54.133,54.077,0.01,0.01
31.03.2021 06:36:07.993 GMT-0700,54.133,54.067,0.01,0.01
31.03.2021 06:36:08.169 GMT-0700,54.133,54.077,0.01,0
31.03.2021 06:36:08.974 GMT-0700,54.134,54.066,0.01,0.01
31.03.2021 06:36:10.069 GMT-0700,54.123000000000005,54.037,0.01,0.01
31.03.2021 06:36:10.119 GMT-0700,54.123000000000005,54.057,0.01,0.01
31.03.2021 06:36:10.203 GMT-0700,54.103,54.027,0.01,0.01
31.03.2021 06:36:10.253 GMT-0700,54.093,54.027,0.01,0.01
31.03.2021 06:36:10.362 GMT-0700,54.083000000000006,54.027,0.0075,0.01
31.03.2021 06:36:10.412 GMT-0700,54.123000000000005,54.027,0.01,0.01
31.03.2021 06:36:10.574 GMT-0700,54.123000000000005,54.067,0.01,0.01
31.03.2021 06:36:10.624 GMT-0700,54.123000000000005,54.027,0.01,0.01
31.03.2021 06:36:10.767 GMT-0700,54.123000000000005,54.037,0.01,0.0075
31.03.2021 06:36:11.503 GMT-0700,54.123000000000005,54.067,0.01,0
31.03.2021 06:36:11.554 GMT-0700,54.123000000000005,54.037,0.01,0.01
31.03.2021 06:36:12.242 GMT-0700,54.123000000000005,54.047,0.01,0
31.03.2021 06:36:12.686 GMT-0700,54.123000000000005,54.037,0.01,0.01
31.03.2021 06:36:13.519 GMT-0700,54.093,54.037,0,0.0075
31.03.2021 06:36:13.569 GMT-0700,54.123000000000005,54.027,0.01,0.01
31.03.2021 06:36:13.878 GMT-0700,54.123999999999995,54.066,0.01,0.0075
31.03.2021 06:36:13.928 GMT-0700,54.133,54.067,0.01,0.01
31.03.2021 06:36:14.081 GMT-0700,54.133,54.077,0.01,0.0075
31.03.2021 06:36:14.182 GMT-0700,54.123000000000005,54.067,0.01,0.01
31.03.2021 06:36:14.232 GMT-0700,54.163000000000004,54.067,0.01,0.01
31.03.2021 06:36:15.132 GMT-0700,54.153000000000006,54.067,0.0075,0.01
31.03.2021 06:36:15.443 GMT-0700,54.163000000000004,54.067,0.01,0.01
31.03.2021 06:36:16.889 GMT-0700,54.153000000000006,54.067,0.0075,0.01
31.03.2021 06:36:17.051 GMT-0700,54.163000000000004,54.067,0.01,0.01
31.03.2021 06:36:18.469 GMT-0700,54.163000000000004,54.077,0.01,0
31.03.2021 06:36:19.291 GMT-0700,54.163000000000004,54.097,0,0.0075
31.03.2021 06:36:19.341 GMT-0700,54.163000000000004,54.067,0.01,0.01
31.03.2021 06:36:19.485 GMT-0700,54.174,54.066,0.01,0.01
31.03.2021 06:36:20.313 GMT-0700,54.143,54.067,0,0.01
31.03.2021 06:36:20.492 GMT-0700,54.173,54.067,0.01,0.01
31.03.2021 06:36:20.853 GMT-0700,54.163000000000004,54.067,0.0075,0.01
31.03.2021 06:36:21.691 GMT-0700,54.173,54.086999999999996,0.01,0.0075
31.03.2021 06:36:21.792 GMT-0700,54.123000000000005,54.067,0.01,0.01
31.03.2021 06:36:21.952 GMT-0700,54.113,54.067,0,0.01
31.03.2021 06:36:22.102 GMT-0700,54.123000000000005,54.067,0.01,0.01
31.03.2021 06:36:22.288 GMT-0700,54.183,54.086999999999996,0.01,0.01
31.03.2021 06:36:22.588 GMT-0700,54.183,54.097,0.01,0.01
31.03.2021 06:36:22.638 GMT-0700,54.183,54.077,0.01,0.01
31.03.2021 06:36:23.108 GMT-0700,54.143,54.077,0,0.01
31.03.2021 06:36:23.159 GMT-0700,54.183,54.077,0.01,0.01
31.03.2021 06:36:23.209 GMT-0700,54.183,54.086999999999996,0.01,0.01
31.03.2021 06:36:23.259 GMT-0700,54.183,54.077,0.01,0.01
31.03.2021 06:36:23.382 GMT-0700,54.173,54.077,0,0.01
31.03.2021 06:36:23.491 GMT-0700,54.183,54.077,0.01,0.01
31.03.2021 06:36:23.765 GMT-0700,54.184,54.066,0.01,0.01
31.03.2021 06:36:25.718 GMT-0700,54.143,54.067,0,0.01
31.03.2021 06:36:26.255 GMT-0700,54.183,54.067,0.01,0.01
31.03.2021 06:36:26.305 GMT-0700,54.123000000000005,54.067,0.01,0.01
31.03.2021 06:36:27.808 GMT-0700,54.123000000000005,54.097,0.01,0.01
31.03.2021 06:36:28.229 GMT-0700,54.123000000000005,54.067,0.01,0.01
31.03.2021 06:36:29.354 GMT-0700,54.123000000000005,54.097,0.0075,0
31.03.2021 06:36:29.404 GMT-0700,54.183,54.097,0.01,0.01
31.03.2021 06:36:30.964 GMT-0700,54.173,54.097,0.01,0.01
31.03.2021 06:36:31.080 GMT-0700,54.183,54.097,0.01,0.01
31.03.2021 06:36:31.961 GMT-0700,54.153000000000006,54.107,0.0075,0.0075
31.03.2021 06:36:32.127 GMT-0700,54.183,54.097,0.01,0.01
31.03.2021 06:36:32.477 GMT-0700,54.183,54.117,0.01,0
31.03.2021 06:36:32.577 GMT-0700,54.183,54.107,0.01,0.01
31.03.2021 06:36:32.739 GMT-0700,54.163000000000004,54.107,0.0075,0
31.03.2021 06:36:32.842 GMT-0700,54.143,54.097,0,0.01
31.03.2021 06:36:32.992 GMT-0700,54.183,54.097,0.01,0.01
31.03.2021 06:36:33.124 GMT-0700,54.163000000000004,54.097,0.0075,0.01
31.03.2021 06:36:33.225 GMT-0700,54.203,54.097,0.01,0.01
31.03.2021 06:36:33.275 GMT-0700,54.153000000000006,54.097,0.01,0.01
31.03.2021 06:36:33.375 GMT-0700,54.163000000000004,54.097,0.01,0.01
31.03.2021 06:36:33.593 GMT-0700,54.203,54.097,0.01,0.01
31.03.2021 06:36:33.732 GMT-0700,54.163000000000004,54.097,0,0.01
31.03.2021 06:36:33.833 GMT-0700,54.203,54.117,0.01,0.01
31.03.2021 06:36:34.189 GMT-0700,54.203,54.097,0.01,0.01
31.03.2021 06:36:34.278 GMT-0700,54.203,54.107,0.01,0.0075
31.03.2021 06:36:34.378 GMT-0700,54.203,54.097,0.01,0.01
31.03.2021 06:36:34.540 GMT-0700,54.193999999999996,54.096000000000004,0.0075,0.01
31.03.2021 06:36:34.737 GMT-0700,54.193000000000005,54.107,0.0075,0
31.03.2021 06:36:34.788 GMT-0700,54.203,54.097,0.01,0.01
31.03.2021 06:36:34.838 GMT-0700,54.153000000000006,54.097,0.01,0.01
31.03.2021 06:36:34.977 GMT-0700,54.203,54.097,0.01,0.01
31.03.2021 06:36:35.502 GMT-0700,54.203,54.107,0.01,0.01
31.03.2021 06:36:36.057 GMT-0700,54.203,54.097,0.01,0.01
31.03.2021 06:36:36.107 GMT-0700,54.203,54.117,0.01,0.01
31.03.2021 06:36:36.158 GMT-0700,54.203,54.097,0.01,0.01
31.03.2021 06:36:36.208 GMT-0700,54.203,54.107,0.01,0.01
31.03.2021 06:36:36.258 GMT-0700,54.203,54.097,0.01,0.01
31.03.2021 06:36:36.402 GMT-0700,54.203,54.107,0.01,0.0075
31.03.2021 06:36:37.451 GMT-0700,54.153000000000006,54.107,0,0.01
31.03.2021 06:36:37.558 GMT-0700,54.163000000000004,54.097,0.01,0.01
31.03.2021 06:36:39.201 GMT-0700,54.153000000000006,54.097,0,0.01
31.03.2021 06:36:39.251 GMT-0700,54.163000000000004,54.097,0.01,0.01
31.03.2021 06:36:39.609 GMT-0700,54.113,54.097,0.0075,0
31.03.2021 06:36:39.659 GMT-0700,54.153000000000006,54.067,0.01,0.01
31.03.2021 06:36:39.710 GMT-0700,54.153000000000006,54.086999999999996,0.01,0.01
31.03.2021 06:36:39.760 GMT-0700,54.153000000000006,54.077,0.01,0.01
31.03.2021 06:36:40.661 GMT-0700,54.143,54.077,0.01,0.01
31.03.2021 06:36:41.044 GMT-0700,54.153000000000006,54.077,0.01,0.01
31.03.2021 06:36:42.624 GMT-0700,54.163000000000004,54.077,0.01,0.01
31.03.2021 06:36:42.684 GMT-0700,54.153000000000006,54.077,0.01,0.01
31.03.2021 06:36:43.743 GMT-0700,54.083000000000006,54.027,0.01,0.01
31.03.2021 06:36:44.036 GMT-0700,54.083000000000006,54.047,0,0.0075
31.03.2021 06:36:44.087 GMT-0700,54.103,54.027,0.01,0.01
31.03.2021 06:36:44.149 GMT-0700,54.083999999999996,54.026,0.0075,0.01
31.03.2021 06:36:44.270 GMT-0700,54.064,53.996,0.01,0.01
31.03.2021 06:36:44.370 GMT-0700,54.083000000000006,53.987,0.01,0.01
31.03.2021 06:36:44.421 GMT-0700,54.093,53.987,0.01,0.01
31.03.2021 06:36:44.471 GMT-0700,54.073,54.027,0.01,0.01
31.03.2021 06:36:44.581 GMT-0700,54.093,54.027,0.01,0.01
31.03.2021 06:36:44.724 GMT-0700,54.083000000000006,54.027,0.0075,0
31.03.2021 06:36:44.902 GMT-0700,54.103,54.047,0.01,0.01
31.03.2021 06:36:46.071 GMT-0700,54.103,54.057,0.0075,0
31.03.2021 06:36:46.122 GMT-0700,54.103,54.047,0.01,0.01
31.03.2021 06:36:46.420 GMT-0700,54.103,54.057,0.01,0.01
31.03.2021 06:36:46.520 GMT-0700,54.123000000000005,54.047,0.01,0.01
31.03.2021 06:36:46.797 GMT-0700,54.083000000000006,54.047,0.0075,0
31.03.2021 06:36:46.847 GMT-0700,54.103,54.016999999999996,0.01,0.01
31.03.2021 06:36:46.948 GMT-0700,54.113,54.057,0.01,0.01
31.03.2021 06:36:46.998 GMT-0700,54.113,54.047,0.01,0.01
31.03.2021 06:36:47.087 GMT-0700,54.103,54.047,0,0.01
31.03.2021 06:36:47.242 GMT-0700,54.103,54.016999999999996,0.01,0.01
31.03.2021 06:36:47.292 GMT-0700,54.103,54.047,0.01,0.01
31.03.2021 06:36:47.553 GMT-0700,54.113,54.047,0.01,0.01
31.03.2021 06:36:47.770 GMT-0700,54.113,54.057,0.01,0.0075
31.03.2021 06:36:47.870 GMT-0700,54.123000000000005,54.047,0.01,0.01
31.03.2021 06:36:47.921 GMT-0700,54.134,54.04600000000001,0.01,0.01
31.03.2021 06:36:48.047 GMT-0700,54.123000000000005,54.047,0.01,0.01
31.03.2021 06:36:48.306 GMT-0700,54.103,54.016999999999996,0.01,0.01
31.03.2021 06:36:48.365 GMT-0700,54.103,54.047,0.01,0.01
31.03.2021 06:36:48.795 GMT-0700,54.073,54.047,0,0.01
31.03.2021 06:36:48.845 GMT-0700,54.093,54.016999999999996,0.01,0.01
31.03.2021 06:36:49.612 GMT-0700,54.103,54.016999999999996,0.01,0.01
31.03.2021 06:36:49.899 GMT-0700,54.093999999999994,54.016000000000005,0,0.01
31.03.2021 06:36:49.950 GMT-0700,54.093,54.007,0.01,0.01
31.03.2021 06:36:50.011 GMT-0700,54.083000000000006,54.007,0,0.01
31.03.2021 06:36:50.183 GMT-0700,54.093,54.007,0.01,0.01
31.03.2021 06:36:50.316 GMT-0700,54.083000000000006,54.007,0,0.01
31.03.2021 06:36:50.417 GMT-0700,54.093,54.007,0.01,0.01
31.03.2021 06:36:50.527 GMT-0700,54.083000000000006,54.007,0.0075,0.01
31.03.2021 06:36:50.577 GMT-0700,54.093,54.007,0.01,0.01
31.03.2021 06:36:50.738 GMT-0700,54.093,54.027,0.01,0.01
31.03.2021 06:36:50.890 GMT-0700,54.083000000000006,54.007,0.01,0.01
31.03.2021 06:36:52.288 GMT-0700,54.063,54.007,0.01,0.01
31.03.2021 06:36:56.056 GMT-0700,54.043000000000006,53.987,0.01,0.0075
31.03.2021 06:36:56.157 GMT-0700,54.053000000000004,53.987,0.01,0.01
31.03.2021 06:36:56.421 GMT-0700,54.053999999999995,53.96600000000001,0.01,0.01
31.03.2021 06:36:56.617 GMT-0700,54.053000000000004,53.987,0.01,0.0075
31.03.2021 06:36:56.717 GMT-0700,54.053000000000004,53.967,0.01,0.01
31.03.2021 06:36:58.318 GMT-0700,54.043000000000006,53.967,0.0075,0.01
31.03.2021 06:36:58.639 GMT-0700,54.053000000000004,53.967,0.01,0.01
31.03.2021 06:36:59.111 GMT-0700,54.013000000000005,53.967,0.0075,0
31.03.2021 06:36:59.162 GMT-0700,54.053000000000004,53.967,0.01,0.01
31.03.2021 06:36:59.212 GMT-0700,54.033,53.967,0.0075,0.01
31.03.2021 06:36:59.505 GMT-0700,54.013000000000005,53.917,0.01,0.01
31.03.2021 06:36:59.561 GMT-0700,54.013000000000005,53.957,0,0.0075
31.03.2021 06:36:59.801 GMT-0700,53.993,53.947,0.01,0.01
31.03.2021 06:36:59.866 GMT-0700,53.994,53.926,0.01,0.01
31.03.2021 06:37:00.565 GMT-0700,53.983000000000004,53.927,0.01,0.01
31.03.2021 06:37:00.615 GMT-0700,53.993,53.927,0.01,0.01
31.03.2021 06:37:00.887 GMT-0700,53.973000000000006,53.907,0.01,0.01
31.03.2021 06:37:00.998 GMT-0700,53.993,53.907,0.01,0.01
31.03.2021 06:37:02.190 GMT-0700,53.993,53.927,0.01,0
31.03.2021 06:37:02.240 GMT-0700,53.993,53.907,0.01,0.01
31.03.2021 06:37:02.337 GMT-0700,53.993,53.927,0.01,0
31.03.2021 06:37:02.790 GMT-0700,53.993,53.967,0,0.0075
31.03.2021 06:37:02.841 GMT-0700,54.023,53.977,0.01,0.01
31.03.2021 06:37:02.941 GMT-0700,54.043000000000006,53.967,0.01,0.01
31.03.2021 06:37:03.533 GMT-0700,54.043000000000006,53.977,0.01,0.01
31.03.2021 06:37:04.378 GMT-0700,54.013000000000005,53.967,0.0075,0
31.03.2021 06:37:04.429 GMT-0700,54.013000000000005,53.947,0.01,0.01
31.03.2021 06:37:04.495 GMT-0700,54.003,53.947,0.0075,0
31.03.2021 06:37:04.546 GMT-0700,54.003,53.927,0.01,0.01
31.03.2021 06:37:04.790 GMT-0700,53.993,53.927,0.01,0.01
31.03.2021 06:37:05.695 GMT-0700,53.993,53.907,0.01,0.01
31.03.2021 06:37:05.783 GMT-0700,53.973000000000006,53.907,0,0.01
31.03.2021 06:37:06.310 GMT-0700,53.993,53.907,0.01,0.01
31.03.2021 06:37:07.566 GMT-0700,53.993,53.927,0.0075,0
31.03.2021 06:37:07.617 GMT-0700,54.003,53.927,0.01,0.01
31.03.2021 06:37:07.682 GMT-0700,53.993,53.927,0,0.01
31.03.2021 06:37:09.117 GMT-0700,53.993,53.937,0.01,0
31.03.2021 06:37:09.218 GMT-0700,54.003,53.937,0.01,0.01
31.03.2021 06:37:09.268 GMT-0700,53.993,53.937,0.01,0.01
31.03.2021 06:37:09.386 GMT-0700,53.994,53.926,0.01,0.01
31.03.2021 06:37:09.792 GMT-0700,54.013000000000005,53.927,0.01,0.01
31.03.2021 06:37:09.843 GMT-0700,54.013000000000005,53.947,0.01,0.01
31.03.2021 06:37:10.394 GMT-0700,54.013000000000005,53.957,0.01,0
31.03.2021 06:37:11.168 GMT-0700,54.013000000000005,53.927,0.01,0.01
31.03.2021 06:37:11.362 GMT-0700,54.013000000000005,53.947,0.01,0.01
31.03.2021 06:37:11.567 GMT-0700,54.013000000000005,53.927,0.01,0.01
31.03.2021 06:37:12.916 GMT-0700,54.003,53.927,0.01,0.01
31.03.2021 06:37:13.031 GMT-0700,54.013000000000005,53.927,0.01,0.01
31.03.2021 06:37:14.994 GMT-0700,54.013000000000005,53.947,0.01,0.0075
31.03.2021 06:37:15.044 GMT-0700,54.013000000000005,53.927,0.01,0.01
31.03.2021 06:37:15.313 GMT-0700,53.983000000000004,53.927,0,0.01
31.03.2021 06:37:16.175 GMT-0700,53.983000000000004,53.947,0.01,0.01
31.03.2021 06:37:16.364 GMT-0700,54.013999999999996,53.956,0.01,0.01
31.03.2021 06:37:16.415 GMT-0700,54.033,53.957,0.01,0.01
31.03.2021 06:37:16.467 GMT-0700,53.993,53.957,0.01,0.01
31.03.2021 06:37:17.034 GMT-0700,54.023,53.957,0.01,0.01
31.03.2021 06:37:17.727 GMT-0700,54.043000000000006,53.957,0.01,0.01
31.03.2021 06:37:17.777 GMT-0700,54.043000000000006,53.967,0.01,0.01
31.03.2021 06:37:18.615 GMT-0700,54.023,53.967,0.0075,0.01
31.03.2021 06:37:19.461 GMT-0700,54.023,53.977,0.01,0.0075
31.03.2021 06:37:19.577 GMT-0700,54.023,53.967,0.01,0.01
31.03.2021 06:37:20.117 GMT-0700,54.043000000000006,53.967,0.01,0.01
31.03.2021 06:37:20.937 GMT-0700,54.044,53.996,0.0075,0
31.03.2021 06:37:20.987 GMT-0700,54.053000000000004,53.977,0.01,0.01
31.03.2021 06:37:23.116 GMT-0700,54.053000000000004,53.987,0.0075,0
31.03.2021 06:37:23.871 GMT-0700,54.053000000000004,53.997,0.01,0
31.03.2021 06:37:23.921 GMT-0700,54.053000000000004,53.977,0.01,0.01
31.03.2021 06:37:23.972 GMT-0700,54.024,53.976000000000006,0.01,0.01
31.03.2021 06:37:24.022 GMT-0700,54.043000000000006,53.977,0.01,0.01
31.03.2021 06:37:24.122 GMT-0700,54.053000000000004,53.987,0.01,0.01
31.03.2021 06:37:25.753 GMT-0700,54.073,53.997,0.01,0.01
31.03.2021 06:37:25.804 GMT-0700,54.073,53.987,0.01,0.01
31.03.2021 06:37:25.859 GMT-0700,54.073,54.027,0,0.0075
31.03.2021 06:37:25.910 GMT-0700,54.093,54.027,0.01,0.01
31.03.2021 06:37:26.026 GMT-0700,54.093,53.997,0.01,0.01
31.03.2021 06:37:26.475 GMT-0700,54.093,54.027,0.01,0.01
31.03.2021 06:37:26.742 GMT-0700,54.083000000000006,54.027,0.0075,0.01
31.03.2021 06:37:27.009 GMT-0700,54.073,54.027,0,0.0075
31.03.2021 06:37:27.059 GMT-0700,54.083000000000006,53.997,0.01,0.01
31.03.2021 06:37:27.110 GMT-0700,54.083000000000006,54.007,0.01,0.01
31.03.2021 06:37:27.485 GMT-0700,54.113,54.007,0.01,0.01
31.03.2021 06:37:27.588 GMT-0700,54.083999999999996,54.00600000000001,0,0.01
31.03.2021 06:37:29.824 GMT-0700,54.073,54.007,0.01,0.01
31.03.2021 06:37:29.874 GMT-0700,54.083999999999996,54.00600000000001,0.01,0.01
31.03.2021 06:37:29.925 GMT-0700,54.064,54.00600000000001,0.01,0.01
31.03.2021 06:37:30.076 GMT-0700,54.063,53.987,0.01,0.01
31.03.2021 06:37:30.126 GMT-0700,54.064,54.00600000000001,0.01,0.01
31.03.2021 06:37:30.315 GMT-0700,54.064,54.016000000000005,0.0075,0
31.03.2021 06:37:30.365 GMT-0700,54.063,54.007,0.01,0.01
31.03.2021 06:37:30.434 GMT-0700,54.073,54.007,0.01,0.01
31.03.2021 06:37:30.640 GMT-0700,54.073,53.987,0.01,0.01
31.03.2021 06:37:30.746 GMT-0700,54.073,54.007,0.01,0.0075
31.03.2021 06:37:30.846 GMT-0700,54.113,54.016999999999996,0.01,0.01
31.03.2021 06:37:30.896 GMT-0700,54.103,54.016999999999996,0.01,0.01
31.03.2021 06:37:31.043 GMT-0700,54.083000000000006,54.016999999999996,0.01,0
31.03.2021 06:37:31.094 GMT-0700,54.083000000000006,54.007,0.01,0.01
31.03.2021 06:37:32.042 GMT-0700,54.083000000000006,54.016999999999996,0.01,0.01
31.03.2021 06:37:32.728 GMT-0700,54.083000000000006,54.007,0.01,0.01
31.03.2021 06:37:33.127 GMT-0700,54.083000000000006,54.016999999999996,0.01,0.01
31.03.2021 06:37:33.734 GMT-0700,54.083000000000006,54.007,0.01,0.01
31.03.2021 06:37:36.587 GMT-0700,54.043000000000006,54.007,0,0.0075
31.03.2021 06:37:36.637 GMT-0700,54.033,53.967,0.01,0.01
31.03.2021 06:37:36.902 GMT-0700,54.033,53.987,0.01,0
31.03.2021 06:37:37.414 GMT-0700,54.043000000000006,53.987,0.01,0.01
31.03.2021 06:37:37.647 GMT-0700,54.053000000000004,53.987,0.01,0.01
31.03.2021 06:37:38.405 GMT-0700,54.033,53.987,0,0.0075
31.03.2021 06:37:38.455 GMT-0700,54.053000000000004,53.967,0.01,0.01
31.03.2021 06:37:38.505 GMT-0700,54.023,53.967,0.01,0.01
31.03.2021 06:37:38.556 GMT-0700,54.023,53.957,0.01,0.01
31.03.2021 06:37:38.606 GMT-0700,54.024,53.96600000000001,0.01,0.01
31.03.2021 06:37:38.656 GMT-0700,54.053000000000004,53.967,0.01,0.01
31.03.2021 06:37:38.706 GMT-0700,54.033,53.967,0.01,0.01
31.03.2021 06:37:38.807 GMT-0700,54.053000000000004,53.967,0.01,0.01
31.03.2021 06:37:40.100 GMT-0700,54.003,53.967,0,0.0075
31.03.2021 06:37:40.150 GMT-0700,54.013000000000005,53.957,0.01,0.01
31.03.2021 06:37:40.413 GMT-0700,54.023,53.957,0.01,0.01
31.03.2021 06:37:40.587 GMT-0700,54.053000000000004,53.957,0.01,0.01
31.03.2021 06:37:41.440 GMT-0700,54.043000000000006,53.957,0.0075,0.01
31.03.2021 06:37:41.681 GMT-0700,53.994,53.956,0,0.0075
31.03.2021 06:37:41.731 GMT-0700,54.003,53.947,0.01,0.01
31.03.2021 06:37:42.095 GMT-0700,54.013000000000005,53.947,0.0075,0.01
31.03.2021 06:37:42.203 GMT-0700,53.994,53.946000000000005,0.0075,0.01
31.03.2021 06:37:42.342 GMT-0700,54.023,53.957,0.01,0.01
31.03.2021 06:37:46.223 GMT-0700,54.023,53.947,0.01,0.01
31.03.2021 06:37:46.273 GMT-0700,53.993,53.947,0.01,0.01
31.03.2021 06:37:47.081 GMT-0700,54.023,53.947,0.01,0.01
31.03.2021 06:37:47.788 GMT-0700,54.023,53.957,0.01,0.01
31.03.2021 06:37:47.894 GMT-0700,54.013000000000005,53.957,0,0.01
31.03.2021 06:37:47.944 GMT-0700,54.023,53.957,0.01,0.01
31.03.2021 06:37:49.148 GMT-0700,54.023,53.947,0.01,0.01
31.03.2021 06:37:53.614 GMT-0700,54.023,53.957,0.01,0.0075
31.03.2021 06:37:54.082 GMT-0700,54.023,53.947,0.01,0.01
31.03.2021 06:37:54.134 GMT-0700,54.023,53.957,0.01,0
31.03.2021 06:37:55.935 GMT-0700,54.023,53.947,0.01,0.01
31.03.2021 06:37:57.204 GMT-0700,54.004,53.946000000000005,0.01,0.01
31.03.2021 06:37:57.698 GMT-0700,54.003,53.967,0.01,0.01
31.03.2021 06:37:57.749 GMT-0700,53.993,53.947,0.01,0.01
31.03.2021 06:37:57.799 GMT-0700,53.993,53.967,0.01,0.01
31.03.2021 06:37:58.382 GMT-0700,53.993,53.947,0.01,0.01
31.03.2021 06:37:58.567 GMT-0700,53.983000000000004,53.947,0,0.01
31.03.2021 06:37:58.843 GMT-0700,53.993,53.947,0.01,0.01
31.03.2021 06:37:58.905 GMT-0700,53.953,53.947,0,0.0075
31.03.2021 06:37:58.956 GMT-0700,53.963,53.907,0.01,0.01
31.03.2021 06:37:59.075 GMT-0700,53.963,53.927,0.01,0.01
31.03.2021 06:37:59.203 GMT-0700,53.963,53.937,0.0075,0
31.03.2021 06:37:59.253 GMT-0700,53.963,53.907,0.01,0.01
31.03.2021 06:37:59.303 GMT-0700,53.983000000000004,53.937,0.01,0.01
31.03.2021 06:37:59.701 GMT-0700,54.003,53.937,0.01,0.01
31.03.2021 06:37:59.885 GMT-0700,53.993,53.947,0,0
31.03.2021 06:37:59.936 GMT-0700,53.983000000000004,53.907,0.01,0.01
31.03.2021 06:38:00.046 GMT-0700,53.983000000000004,53.957,0.0075,0
31.03.2021 06:38:00.097 GMT-0700,54.003,53.947,0.01,0.01
31.03.2021 06:38:00.438 GMT-0700,54.003,53.957,0.01,0.0075
31.03.2021 06:38:00.488 GMT-0700,54.003,53.937,0.01,0.01
31.03.2021 06:38:03.241 GMT-0700,53.974,53.916000000000004,0.01,0.01
31.03.2021 06:38:03.291 GMT-0700,53.983000000000004,53.917,0.01,0.01
31.03.2021 06:38:03.706 GMT-0700,53.993,53.947,0.01,0.01
31.03.2021 06:38:03.953 GMT-0700,53.993,53.907,0.01,0.01
31.03.2021 06:38:04.589 GMT-0700,54.003,53.937,0.01,0.01
31.03.2021 06:38:04.667 GMT-0700,54.003,53.907,0.01,0.01
31.03.2021 06:38:05.070 GMT-0700,53.993,53.907,0.0075,0.01
31.03.2021 06:38:05.594 GMT-0700,53.983000000000004,53.907,0.01,0.01
31.03.2021 06:38:06.168 GMT-0700,53.973000000000006,53.907,0.0075,0.01
31.03.2021 06:38:06.218 GMT-0700,53.983000000000004,53.907,0.01,0.01
31.03.2021 06:38:06.353 GMT-0700,53.983999999999995,53.93600000000001,0.0075,0
31.03.2021 06:38:06.403 GMT-0700,54.003,53.937,0.01,0.01
31.03.2021 06:38:06.454 GMT-0700,54.003,53.907,0.01,0.01
31.03.2021 06:38:06.587 GMT-0700,54.003,53.937,0.01,0.01
31.03.2021 06:38:06.688 GMT-0700,54.003,53.947,0.01,0.01
31.03.2021 06:38:06.738 GMT-0700,54.003,53.937,0.01,0.01
31.03.2021 06:38:06.857 GMT-0700,53.963,53.897,0.01,0.01
31.03.2021 06:38:06.907 GMT-0700,53.973000000000006,53.897,0.01,0.01
31.03.2021 06:38:06.957 GMT-0700,53.973000000000006,53.927,0.01,0.01
31.03.2021 06:38:07.452 GMT-0700,53.964,53.926,0,0.0075
31.03.2021 06:38:07.502 GMT-0700,53.963,53.887,0.01,0.01
31.03.2021 06:38:07.629 GMT-0700,53.963,53.897,0.01,0.01
31.03.2021 06:38:07.772 GMT-0700,53.963,53.887,0.01,0.01
31.03.2021 06:38:07.882 GMT-0700,53.974,53.89600000000001,0.01,0.01
31.03.2021 06:38:08.042 GMT-0700,53.963,53.887,0.01,0.01
31.03.2021 06:38:08.160 GMT-0700,53.943000000000005,53.887,0.01,0.01
31.03.2021 06:38:08.211 GMT-0700,53.953,53.887,0.01,0.01
31.03.2021 06:38:09.462 GMT-0700,53.953,53.917,0.01,0.01
31.03.2021 06:38:09.685 GMT-0700,53.953,53.887,0.01,0.01
31.03.2021 06:38:10.296 GMT-0700,53.934,53.886,0.0075,0.01
31.03.2021 06:38:10.346 GMT-0700,53.924,53.86600000000001,0.01,0.01
31.03.2021 06:38:10.614 GMT-0700,53.913999999999994,53.86600000000001,0,0.0075
31.03.2021 06:38:10.664 GMT-0700,53.924,53.846000000000004,0.01,0.01
31.03.2021 06:38:11.189 GMT-0700,53.923,53.877,0.01,0.01
31.03.2021 06:38:11.370 GMT-0700,53.933,53.877,0.01,0.01
31.03.2021 06:38:11.470 GMT-0700,53.963,53.877,0.01,0.01
31.03.2021 06:38:11.724 GMT-0700,53.943000000000005,53.897,0.01,0.01
31.03.2021 06:38:11.775 GMT-0700,53.933,53.877,0.01,0.01
31.03.2021 06:38:11.825 GMT-0700,53.933,53.887,0.01,0.01
31.03.2021 06:38:11.925 GMT-0700,53.943999999999996,53.886,0.01,0.01
31.03.2021 06:38:11.976 GMT-0700,53.943000000000005,53.877,0.01,0.01
31.03.2021 06:38:12.026 GMT-0700,53.933,53.877,0.01,0.01
31.03.2021 06:38:12.229 GMT-0700,53.943000000000005,53.877,0.01,0.01
31.03.2021 06:38:12.328 GMT-0700,53.933,53.877,0.0075,0.01
31.03.2021 06:38:13.201 GMT-0700,53.924,53.876000000000005,0,0.0075
31.03.2021 06:38:13.251 GMT-0700,53.943000000000005,53.857,0.01,0.01
31.03.2021 06:38:13.302 GMT-0700,53.943000000000005,53.867,0.01,0.01
31.03.2021 06:38:14.117 GMT-0700,53.923,53.877,0.01,0.01
31.03.2021 06:38:14.218 GMT-0700,53.923,53.867,0.01,0.01
31.03.2021 06:38:14.372 GMT-0700,53.943000000000005,53.867,0.01,0.01
31.03.2021 06:38:14.423 GMT-0700,53.923,53.877,0.01,0.01
31.03.2021 06:38:14.473 GMT-0700,53.943999999999996,53.876000000000005,0.01,0.01
31.03.2021 06:38:14.527 GMT-0700,53.933,53.877,0.0075,0.01
31.03.2021 06:38:14.628 GMT-0700,53.924,53.856,0.01,0.01
31.03.2021 06:38:14.789 GMT-0700,53.923,53.867,0.0075,0
31.03.2021 06:38:14.840 GMT-0700,53.943000000000005,53.867,0.01,0.01
31.03.2021 06:38:14.893 GMT-0700,53.923,53.867,0.0075,0
31.03.2021 06:38:14.944 GMT-0700,53.923,53.857,0.01,0.01
31.03.2021 06:38:15.076 GMT-0700,53.923,53.847,0.01,0.01
31.03.2021 06:38:15.143 GMT-0700,53.923,53.877,0.01,0.0075
31.03.2021 06:38:15.243 GMT-0700,53.923,53.847,0.01,0.01
31.03.2021 06:38:16.992 GMT-0700,53.893,53.847,0.0075,0
31.03.2021 06:38:17.042 GMT-0700,53.913000000000004,53.847,0.01,0.01
31.03.2021 06:38:17.092 GMT-0700,53.923,53.857,0.01,0.01
31.03.2021 06:38:17.202 GMT-0700,53.903000000000006,53.847,0.0075,0.01
31.03.2021 06:38:17.252 GMT-0700,53.943000000000005,53.847,0.01,0.01
31.03.2021 06:38:17.464 GMT-0700,53.923,53.847,0.0075,0.01
31.03.2021 06:38:19.009 GMT-0700,53.943999999999996,53.846000000000004,0.01,0.01
31.03.2021 06:38:19.769 GMT-0700,53.943000000000005,53.867,0.01,0
31.03.2021 06:38:21.700 GMT-0700,53.933,53.867,0.0075,0.01
31.03.2021 06:38:21.912 GMT-0700,53.924,53.86600000000001,0,0.01
31.03.2021 06:38:22.013 GMT-0700,53.943000000000005,53.867,0.01,0.01
31.03.2021 06:38:22.073 GMT-0700,53.923,53.867,0,0.01
31.03.2021 06:38:22.174 GMT-0700,53.943000000000005,53.867,0.01,0.01
31.03.2021 06:38:22.365 GMT-0700,53.933,53.887,0.01,0.01
31.03.2021 06:38:22.419 GMT-0700,53.933,53.867,0.01,0.01
31.03.2021 06:38:22.519 GMT-0700,53.943000000000005,53.887,0.01,0.01
31.03.2021 06:38:22.570 GMT-0700,53.933,53.867,0.01,0.01
31.03.2021 06:38:22.837 GMT-0700,53.934,53.886,0,0.0075
31.03.2021 06:38:22.888 GMT-0700,53.923,53.867,0.01,0.01
31.03.2021 06:38:23.311 GMT-0700,53.933,53.887,0.01,0.01
31.03.2021 06:38:23.362 GMT-0700,53.933,53.867,0.01,0.01
31.03.2021 06:38:24.073 GMT-0700,53.943000000000005,53.867,0.01,0.01
31.03.2021 06:38:24.358 GMT-0700,53.943000000000005,53.887,0.01,0.01
31.03.2021 06:38:24.657 GMT-0700,53.963,53.887,0.01,0.01
31.03.2021 06:38:26.324 GMT-0700,53.963,53.907,0,0.0075
31.03.2021 06:38:26.374 GMT-0700,53.963,53.887,0.01,0.01
31.03.2021 06:38:26.626 GMT-0700,53.943000000000005,53.887,0,0.01
31.03.2021 06:38:26.677 GMT-0700,53.963,53.867,0.01,0.01
31.03.2021 06:38:26.733 GMT-0700,53.963,53.887,0.01,0
31.03.2021 06:38:26.834 GMT-0700,53.943000000000005,53.887,0.01,0.01
31.03.2021 06:38:26.884 GMT-0700,53.973000000000006,53.907,0.01,0.01
31.03.2021 06:38:28.194 GMT-0700,53.973000000000006,53.887,0.01,0.01
31.03.2021 06:38:28.882 GMT-0700,53.964,53.886,0,0.01
31.03.2021 06:38:29.351 GMT-0700,53.933,53.867,0.01,0.01
31.03.2021 06:38:29.451 GMT-0700,53.943000000000005,53.867,0.01,0.01
31.03.2021 06:38:29.541 GMT-0700,53.933,53.867,0.0075,0.01
31.03.2021 06:38:29.592 GMT-0700,53.943000000000005,53.867,0.01,0.01
31.03.2021 06:38:29.854 GMT-0700,53.933,53.867,0,0.01
31.03.2021 06:38:29.904 GMT-0700,53.953,53.867,0.01,0.01
31.03.2021 06:38:29.955 GMT-0700,53.963,53.867,0.01,0.01
31.03.2021 06:38:30.034 GMT-0700,53.943000000000005,53.907,0.01,0.01
31.03.2021 06:38:30.486 GMT-0700,53.963,53.907,0.01,0.01
31.03.2021 06:38:32.721 GMT-0700,53.973000000000006,53.907,0.01,0.01
31.03.2021 06:38:32.960 GMT-0700,53.963,53.907,0,0.01
31.03.2021 06:38:33.102 GMT-0700,53.973000000000006,53.917,0.01,0.01
31.03.2021 06:38:33.537 GMT-0700,53.973000000000006,53.897,0.01,0.01
31.03.2021 06:38:34.398 GMT-0700,53.973000000000006,53.917,0.01,0
31.03.2021 06:38:35.333 GMT-0700,53.963,53.917,0.0075,0
31.03.2021 06:38:35.383 GMT-0700,53.954,53.86600000000001,0.01,0.01
31.03.2021 06:38:35.714 GMT-0700,53.913000000000004,53.857,0.01,0.01
31.03.2021 06:38:35.764 GMT-0700,53.923,53.857,0.01,0.01
31.03.2021 06:38:35.979 GMT-0700,53.913000000000004,53.857,0,0.01
31.03.2021 06:38:36.199 GMT-0700,53.933,53.857,0.01,0.01
31.03.2021 06:38:36.310 GMT-0700,53.923,53.857,0,0.01
31.03.2021 06:38:36.360 GMT-0700,53.934,53.856,0.01,0.01
31.03.2021 06:38:36.529 GMT-0700,53.933,53.847,0.01,0.01
31.03.2021 06:38:37.745 GMT-0700,53.923,53.847,0.01,0.01
31.03.2021 06:38:37.795 GMT-0700,53.933,53.847,0.01,0.01
31.03.2021 06:38:38.461 GMT-0700,53.903000000000006,53.847,0.01,0.01
31.03.2021 06:38:38.511 GMT-0700,53.913000000000004,53.847,0.01,0.01
31.03.2021 06:38:39.592 GMT-0700,53.873000000000005,53.847,0,0.0075
31.03.2021 06:38:39.642 GMT-0700,53.873000000000005,53.817,0.01,0.01
31.03.2021 06:38:40.101 GMT-0700,53.873000000000005,53.836999999999996,0.01,0.0075
31.03.2021 06:38:40.653 GMT-0700,53.913000000000004,53.836999999999996,0.01,0.01
31.03.2021 06:38:40.894 GMT-0700,53.903000000000006,53.836999999999996,0.01,0.01
31.03.2021 06:38:40.945 GMT-0700,53.913000000000004,53.836999999999996,0.01,0.01
31.03.2021 06:38:41.049 GMT-0700,53.903000000000006,53.836999999999996,0,0.01
31.03.2021 06:38:41.099 GMT-0700,53.913000000000004,53.817,0.01,0.01
31.03.2021 06:38:41.149 GMT-0700,53.903000000000006,53.817,0.01,0.01
31.03.2021 06:38:42.127 GMT-0700,53.913000000000004,53.867,0.01,0.0075
31.03.2021 06:38:42.990 GMT-0700,53.913000000000004,53.836999999999996,0.01,0.01
31.03.2021 06:38:43.172 GMT-0700,53.903000000000006,53.836999999999996,0,0.01
31.03.2021 06:38:45.135 GMT-0700,53.903000000000006,53.857,0.01,0.01
31.03.2021 06:38:45.649 GMT-0700,53.913000000000004,53.857,0.01,0.01
31.03.2021 06:38:45.769 GMT-0700,53.903000000000006,53.857,0,0.01
31.03.2021 06:38:48.037 GMT-0700,53.863,53.836999999999996,0.01,0.01
31.03.2021 06:38:48.088 GMT-0700,53.873000000000005,53.836999999999996,0.01,0.01
31.03.2021 06:38:48.477 GMT-0700,53.883,53.836999999999996,0.01,0.01
31.03.2021 06:38:48.528 GMT-0700,53.873000000000005,53.836999999999996,0.01,0.01
31.03.2021 06:38:48.578 GMT-0700,53.883,53.836999999999996,0.01,0.01
31.03.2021 06:38:49.110 GMT-0700,53.903999999999996,53.846000000000004,0.01,0.01
31.03.2021 06:38:49.920 GMT-0700,53.883,53.836999999999996,0.01,0.01
31.03.2021 06:38:51.379 GMT-0700,53.903000000000006,53.847,0.01,0.01
31.03.2021 06:38:51.429 GMT-0700,53.893,53.836999999999996,0.01,0.01
31.03.2021 06:38:51.530 GMT-0700,53.883,53.836999999999996,0.01,0.01
31.03.2021 06:38:52.526 GMT-0700,53.893,53.836999999999996,0.01,0.01
31.03.2021 06:38:52.577 GMT-0700,53.883,53.836999999999996,0.01,0.01
31.03.2021 06:38:52.983 GMT-0700,53.863,53.836999999999996,0.0075,0.01
31.03.2021 06:38:53.034 GMT-0700,53.883,53.836999999999996,0.01,0.01
31.03.2021 06:38:53.348 GMT-0700,53.893,53.836999999999996,0.01,0.01
31.03.2021 06:38:53.399 GMT-0700,53.903000000000006,53.836999999999996,0.01,0.01
31.03.2021 06:38:53.534 GMT-0700,53.883,53.836999999999996,0,0.01
31.03.2021 06:38:54.128 GMT-0700,53.883,53.847,0,0.0075
31.03.2021 06:38:54.179 GMT-0700,53.883,53.836999999999996,0.01,0.01
31.03.2021 06:38:54.229 GMT-0700,53.853,53.836999999999996,0.01,0.01
31.03.2021 06:38:54.279 GMT-0700,53.853,53.817,0.01,0.01
31.03.2021 06:38:54.801 GMT-0700,53.843999999999994,53.79600000000001,0.01,0.01
31.03.2021 06:38:54.876 GMT-0700,53.853,53.797,0.01,0.01
31.03.2021 06:38:56.122 GMT-0700,53.853,53.817,0.01,0.0075
31.03.2021 06:38:56.228 GMT-0700,53.853,53.797,0.01,0.01
31.03.2021 06:38:56.872 GMT-0700,53.853,53.817,0.01,0
31.03.2021 06:38:57.876 GMT-0700,53.843,53.817,0.01,0.01
31.03.2021 06:38:57.926 GMT-0700,53.854,53.816,0.01,0.01
31.03.2021 06:38:58.103 GMT-0700,53.853,53.827,0.01,0.01
31.03.2021 06:38:59.250 GMT-0700,53.853,53.817,0.01,0.01
31.03.2021 06:39:00.047 GMT-0700,53.854,53.82600000000001,0.01,0.01
31.03.2021 06:39:00.468 GMT-0700,53.833000000000006,53.797,0.01,0.01
31.03.2021 06:39:00.520 GMT-0700,53.843,53.797,0.01,0.01
31.03.2021 06:39:00.585 GMT-0700,53.853,53.797,0.01,0.01
31.03.2021 06:39:00.636 GMT-0700,53.843,53.797,0.01,0.01
31.03.2021 06:39:00.686 GMT-0700,53.853,53.797,0.01,0.01
31.03.2021 06:39:00.864 GMT-0700,53.843,53.797,0.0075,0.01
31.03.2021 06:39:01.015 GMT-0700,53.853,53.797,0.01,0.01
31.03.2021 06:39:01.776 GMT-0700,53.843,53.797,0,0.01
31.03.2021 06:39:01.948 GMT-0700,53.853,53.797,0.01,0.01
31.03.2021 06:39:03.652 GMT-0700,53.853,53.817,0.01,0
31.03.2021 06:39:03.702 GMT-0700,53.853,53.797,0.01,0.01
31.03.2021 06:39:04.903 GMT-0700,53.853,53.807,0.01,0.0075
31.03.2021 06:39:06.101 GMT-0700,53.853,53.827,0.01,0
31.03.2021 06:39:06.151 GMT-0700,53.843,53.807,0.01,0.01
31.03.2021 06:39:06.713 GMT-0700,53.833999999999996,53.79600000000001,0.01,0.01
31.03.2021 06:39:06.814 GMT-0700,53.843,53.797,0.01,0.01
31.03.2021 06:39:06.917 GMT-0700,53.823,53.766999999999996,0.0075,0.01
31.03.2021 06:39:07.148 GMT-0700,53.823,53.757,0.01,0.01
31.03.2021 06:39:07.395 GMT-0700,53.824,53.776,0.0075,0
31.03.2021 06:39:07.446 GMT-0700,53.813,53.757,0.01,0.01
31.03.2021 06:39:07.546 GMT-0700,53.823,53.757,0.01,0.01
31.03.2021 06:39:07.635 GMT-0700,53.813,53.757,0.01,0.01
31.03.2021 06:39:07.747 GMT-0700,53.803000000000004,53.737,0.01,0.01
31.03.2021 06:39:07.797 GMT-0700,53.813,53.757,0.01,0.01
31.03.2021 06:39:07.850 GMT-0700,53.813,53.737,0.01,0.01
31.03.2021 06:39:07.900 GMT-0700,53.793000000000006,53.737,0.01,0.01
31.03.2021 06:39:07.950 GMT-0700,53.803000000000004,53.737,0.01,0.01
31.03.2021 06:39:08.051 GMT-0700,53.803000000000004,53.757,0.01,0.01
31.03.2021 06:39:08.102 GMT-0700,53.793000000000006,53.737,0.01,0.01
31.03.2021 06:39:08.152 GMT-0700,53.803000000000004,53.757,0.01,0.01
31.03.2021 06:39:10.138 GMT-0700,53.803000000000004,53.777,0.01,0.01
31.03.2021 06:39:10.189 GMT-0700,53.803999999999995,53.766000000000005,0.01,0.01
31.03.2021 06:39:10.569 GMT-0700,53.803000000000004,53.777,0.01,0
31.03.2021 06:39:10.620 GMT-0700,53.803999999999995,53.75600000000001,0.01,0.01
31.03.2021 06:39:11.089 GMT-0700,53.793000000000006,53.757,0,0.01
31.03.2021 06:39:11.139 GMT-0700,53.803000000000004,53.757,0.01,0.01
31.03.2021 06:39:12.564 GMT-0700,53.793000000000006,53.757,0.0075,0
31.03.2021 06:39:12.614 GMT-0700,53.793000000000006,53.737,0.01,0.01
31.03.2021 06:39:13.813 GMT-0700,53.803000000000004,53.737,0.01,0.01
31.03.2021 06:39:14.212 GMT-0700,53.783,53.737,0.01,0.01
31.03.2021 06:39:14.262 GMT-0700,53.793000000000006,53.737,0.01,0.01
31.03.2021 06:39:14.671 GMT-0700,53.773,53.737,0.0075,0
31.03.2021 06:39:14.721 GMT-0700,53.773,53.717,0.01,0.01
31.03.2021 06:39:15.030 GMT-0700,53.783,53.717,0.01,0.01
31.03.2021 06:39:15.678 GMT-0700,53.773,53.717,0,0.01
31.03.2021 06:39:16.132 GMT-0700,53.763000000000005,53.717,0,0.0075
31.03.2021 06:39:16.182 GMT-0700,53.763000000000005,53.707,0.01,0.01
31.03.2021 06:39:16.233 GMT-0700,53.774,53.706,0.01,0.01
31.03.2021 06:39:16.307 GMT-0700,53.773,53.727,0.01,0
31.03.2021 06:39:16.358 GMT-0700,53.773,53.717,0.01,0.01
31.03.2021 06:39:16.440 GMT-0700,53.763000000000005,53.717,0.0075,0.01
31.03.2021 06:39:16.541 GMT-0700,53.773,53.717,0.01,0.01
31.03.2021 06:39:16.627 GMT-0700,53.773,53.737,0,0.0075
31.03.2021 06:39:16.678 GMT-0700,53.743,53.697,0.01,0.01
31.03.2021 06:39:16.728 GMT-0700,53.763000000000005,53.717,0.01,0.01
31.03.2021 06:39:16.778 GMT-0700,53.713,53.657,0.01,0.01
31.03.2021 06:39:16.834 GMT-0700,53.714,53.676,0.01,0
31.03.2021 06:39:16.884 GMT-0700,53.733000000000004,53.687,0.01,0.01
31.03.2021 06:39:16.935 GMT-0700,53.733000000000004,53.677,0.01,0.01
31.03.2021 06:39:17.197 GMT-0700,53.723000000000006,53.677,0.0075,0.01
31.03.2021 06:39:17.674 GMT-0700,53.733999999999995,53.676,0.01,0.01
31.03.2021 06:39:19.086 GMT-0700,53.723000000000006,53.677,0,0.01
31.03.2021 06:39:19.136 GMT-0700,53.723000000000006,53.657,0.01,0.01
31.03.2021 06:39:19.226 GMT-0700,53.723000000000006,53.667,0.01,0.01
31.03.2021 06:39:20.524 GMT-0700,53.723000000000006,53.707,0.0075,0
31.03.2021 06:39:20.574 GMT-0700,53.753,53.707,0.01,0.01
31.03.2021 06:39:20.737 GMT-0700,53.743,53.707,0,0.01
31.03.2021 06:39:20.874 GMT-0700,53.753,53.707,0.01,0.01
31.03.2021 06:39:20.945 GMT-0700,53.743,53.707,0,0.01
31.03.2021 06:39:21.814 GMT-0700,53.753,53.707,0.01,0.01
31.03.2021 06:39:22.236 GMT-0700,53.743,53.707,0.01,0.01
31.03.2021 06:39:22.292 GMT-0700,53.753,53.707,0.01,0.01
31.03.2021 06:39:22.524 GMT-0700,53.743,53.707,0,0.01
31.03.2021 06:39:22.625 GMT-0700,53.753,53.707,0.01,0.01
31.03.2021 06:39:23.673 GMT-0700,53.743,53.707,0,0.01
31.03.2021 06:39:23.723 GMT-0700,53.753,53.707,0.01,0.01
31.03.2021 06:39:24.975 GMT-0700,53.763999999999996,53.706,0.01,0.01
31.03.2021 06:39:25.131 GMT-0700,53.753,53.707,0,0.01
31.03.2021 06:39:25.181 GMT-0700,53.763000000000005,53.707,0.01,0.01
31.03.2021 06:39:26.496 GMT-0700,53.743,53.707,0.0075,0.01
31.03.2021 06:39:26.546 GMT-0700,53.753,53.707,0.01,0.01
31.03.2021 06:39:26.647 GMT-0700,53.763000000000005,53.707,0.01,0.01
31.03.2021 06:39:26.732 GMT-0700,53.773,53.717,0.01,0.01
31.03.2021 06:39:26.882 GMT-0700,53.763000000000005,53.707,0.01,0.01
31.03.2021 06:39:27.403 GMT-0700,53.753,53.707,0,0.01
31.03.2021 06:39:27.729 GMT-0700,53.774,53.736000000000004,0.01,0.01
31.03.2021 06:39:28.228 GMT-0700,53.794,53.736000000000004,0.01,0.01
31.03.2021 06:39:28.368 GMT-0700,53.773,53.737,0.0075,0
31.03.2021 06:39:28.418 GMT-0700,53.763000000000005,53.697,0.01,0.01
31.03.2021 06:39:29.415 GMT-0700,53.753,53.697,0,0.01
31.03.2021 06:39:29.571 GMT-0700,53.763000000000005,53.697,0.01,0.01
31.03.2021 06:39:30.562 GMT-0700,53.743,53.697,0.0075,0.01
31.03.2021 06:39:30.612 GMT-0700,53.753,53.697,0.01,0.01
31.03.2021 06:39:30.867 GMT-0700,53.743,53.697,0,0.01
31.03.2021 06:39:31.118 GMT-0700,53.753,53.697,0.01,0.01
31.03.2021 06:39:32.113 GMT-0700,53.763000000000005,53.697,0.01,0.01
31.03.2021 06:39:33.503 GMT-0700,53.753,53.717,0.01,0.01
31.03.2021 06:39:33.553 GMT-0700,53.753,53.697,0.01,0.01
31.03.2021 06:39:33.604 GMT-0700,53.773,53.697,0.01,0.01
31.03.2021 06:39:33.810 GMT-0700,53.763000000000005,53.697,0.01,0.01
31.03.2021 06:39:34.075 GMT-0700,53.753,53.697,0.0075,0.01
31.03.2021 06:39:34.125 GMT-0700,53.773,53.697,0.01,0.01
31.03.2021 06:39:34.791 GMT-0700,53.773,53.717,0.01,0
31.03.2021 06:39:35.848 GMT-0700,53.773,53.697,0.01,0.01
31.03.2021 06:39:36.545 GMT-0700,53.773,53.717,0.01,0
31.03.2021 06:39:37.461 GMT-0700,53.793000000000006,53.717,0.01,0.01
31.03.2021 06:39:37.715 GMT-0700,53.793000000000006,53.737,0.01,0.01
31.03.2021 06:39:38.379 GMT-0700,53.803000000000004,53.737,0.01,0.01
31.03.2021 06:39:38.429 GMT-0700,53.793000000000006,53.737,0.01,0.01
31.03.2021 06:39:38.479 GMT-0700,53.813,53.737,0.01,0.01
31.03.2021 06:39:38.530 GMT-0700,53.793000000000006,53.737,0.01,0.01
31.03.2021 06:39:38.580 GMT-0700,53.803000000000004,53.737,0.01,0.01
31.03.2021 06:39:38.644 GMT-0700,53.813,53.757,0.01,0.01
31.03.2021 06:39:39.833 GMT-0700,53.813,53.777,0,0.0075
31.03.2021 06:39:39.884 GMT-0700,53.823,53.757,0.01,0.01
31.03.2021 06:39:39.984 GMT-0700,53.833999999999996,53.776,0.01,0.01
31.03.2021 06:39:40.199 GMT-0700,53.843,53.777,0.01,0.01
31.03.2021 06:39:41.428 GMT-0700,53.843,53.797,0.01,0
31.03.2021 06:39:41.580 GMT-0700,53.853,53.797,0.01,0.01
31.03.2021 06:39:42.216 GMT-0700,53.843,53.797,0.0075,0.01
31.03.2021 06:39:42.266 GMT-0700,53.854,53.79600000000001,0.01,0.01
31.03.2021 06:39:42.523 GMT-0700,53.843,53.797,0.01,0.01
31.03.2021 06:39:42.623 GMT-0700,53.853,53.797,0.01,0.01
31.03.2021 06:39:44.550 GMT-0700,53.833000000000006,53.777,0.01,0.01
31.03.2021 06:39:45.836 GMT-0700,53.833000000000006,53.797,0,0.0075
31.03.2021 06:39:45.886 GMT-0700,53.833000000000006,53.777,0.01,0.01
31.03.2021 06:39:46.521 GMT-0700,53.843,53.777,0.01,0.01
31.03.2021 06:39:46.571 GMT-0700,53.843999999999994,53.79600000000001,0.01,0.01
31.03.2021 06:39:46.900 GMT-0700,53.854,53.79600000000001,0.01,0.01
31.03.2021 06:39:47.766 GMT-0700,53.843,53.797,0.01,0.01
31.03.2021 06:39:48.079 GMT-0700,53.853,53.797,0.01,0.01
31.03.2021 06:39:48.496 GMT-0700,53.843,53.797,0,0.01
31.03.2021 06:39:48.597 GMT-0700,53.853,53.807,0.01,0.01
31.03.2021 06:39:48.834 GMT-0700,53.843,53.807,0,0.0075
31.03.2021 06:39:48.885 GMT-0700,53.843,53.787,0.01,0.01
31.03.2021 06:39:48.935 GMT-0700,53.843,53.807,0.01,0.01
31.03.2021 06:39:48.986 GMT-0700,53.843,53.787,0.01,0.01
31.03.2021 06:39:49.069 GMT-0700,53.843,53.807,0,0.0075
31.03.2021 06:39:49.120 GMT-0700,53.853,53.807,0.01,0.01
31.03.2021 06:39:49.323 GMT-0700,53.843,53.807,0,0.0075
31.03.2021 06:39:49.374 GMT-0700,53.853,53.807,0.01,0.01
31.03.2021 06:39:50.305 GMT-0700,53.823,53.777,0.01,0.01
31.03.2021 06:39:51.343 GMT-0700,53.843,53.777,0.01,0.01
31.03.2021 06:39:51.408 GMT-0700,53.843,53.787,0.01,0.0075
31.03.2021 06:39:52.902 GMT-0700,53.843,53.807,0,0.0075
31.03.2021 06:39:52.952 GMT-0700,53.833000000000006,53.787,0.01,0.01
31.03.2021 06:39:53.079 GMT-0700,53.843,53.787,0.01,0.01
31.03.2021 06:39:53.404 GMT-0700,53.853,53.807,0.01,0.01
31.03.2021 06:39:53.740 GMT-0700,53.843,53.807,0,0.0075
31.03.2021 06:39:53.790 GMT-0700,53.853,53.787,0.01,0.01
31.03.2021 06:39:53.955 GMT-0700,53.843,53.787,0.0075,0.01
31.03.2021 06:39:54.141 GMT-0700,53.853,53.807,0.01,0.01
31.03.2021 06:39:54.437 GMT-0700,53.843,53.787,0.01,0.01
31.03.2021 06:39:54.656 GMT-0700,53.853,53.787,0.01,0.01
31.03.2021 06:39:54.730 GMT-0700,53.843,53.787,0.0075,0.01
31.03.2021 06:39:54.781 GMT-0700,53.853,53.787,0.01,0.01
31.03.2021 06:39:55.132 GMT-0700,53.853,53.807,0.01,0.0075
31.03.2021 06:39:56.038 GMT-0700,53.833000000000006,53.807,0,0.01
31.03.2021 06:39:56.441 GMT-0700,53.813,53.766999999999996,0.01,0.01
31.03.2021 06:39:56.644 GMT-0700,53.823,53.797,0.0075,0
31.03.2021 06:39:56.694 GMT-0700,53.823,53.717,0.01,0.01
31.03.2021 06:39:57.165 GMT-0700,53.813,53.717,0.01,0.01
31.03.2021 06:39:57.215 GMT-0700,53.823,53.717,0.01,0.01
31.03.2021 06:39:57.573 GMT-0700,53.823,53.757,0.01,0.01
31.03.2021 06:39:57.623 GMT-0700,53.843,53.757,0.01,0.01
31.03.2021 06:39:57.715 GMT-0700,53.843,53.717,0.01,0.01
