Local time,Ask,Bid,AskVolume,BidVolume
29.03.2021 06:30:38.071 GMT-0700,119.382,119.10799999999999,0.1,0.075
29.03.2021 06:31:17.011 GMT-0700,119.20299999999999,118.71700000000001,0.1,0.1
29.03.2021 06:31:17.211 GMT-0700,119.01200000000001,118.71799999999999,0.075,0.1
29.03.2021 06:31:19.935 GMT-0700,119.01200000000001,118.57799999999999,0.1,0.1
29.03.2021 06:31:20.053 GMT-0700,119.00200000000001,118.588,0.075,0.075
29.03.2021 06:31:20.153 GMT-0700,119.01200000000001,118.57799999999999,0.1,0.1
29.03.2021 06:31:21.147 GMT-0700,119.003,118.587,0.075,0.075
29.03.2021 06:31:21.454 GMT-0700,119.01299999999999,118.57700000000001,0.1,0.1
29.03.2021 06:31:22.256 GMT-0700,118.89200000000001,118.57799999999999,0.0008,0.1
29.03.2021 06:31:24.677 GMT-0700,118.89200000000001,118.708,0.1,0.0008
29.03.2021 06:31:35.708 GMT-0700,119.20299999999999,118.88700000000001,0.1,0.075
29.03.2021 06:32:04.278 GMT-0700,119.193,118.867,0.1,0.1
29.03.2021 06:32:05.604 GMT-0700,119.20299999999999,118.867,0.1,0.0008
29.03.2021 06:32:10.600 GMT-0700,119.20200000000001,118.878,0.1,0.1
29.03.2021 06:32:35.947 GMT-0700,119.20200000000001,118.708,0.1,0.0008
29.03.2021 06:32:36.891 GMT-0700,119.193,118.897,0.0008,0.0008
29.03.2021 06:32:36.942 GMT-0700,119.20200000000001,118.708,0.1,0.1
29.03.2021 06:32:40.364 GMT-0700,119.20200000000001,118.71799999999999,0.1,0.075
29.03.2021 06:32:40.818 GMT-0700,119.20200000000001,118.708,0.1,0.1
29.03.2021 06:32:54.993 GMT-0700,119.48200000000001,119.038,0.1,0.1
29.03.2021 06:32:57.335 GMT-0700,119.47200000000001,119.038,0.0008,0.1
29.03.2021 06:32:57.436 GMT-0700,119.48299999999999,119.037,0.1,0.1
29.03.2021 06:33:00.242 GMT-0700,119.473,119.12700000000001,0.075,0.075
29.03.2021 06:33:00.293 GMT-0700,119.47200000000001,119.05799999999999,0.1,0.1
29.03.2021 06:33:00.344 GMT-0700,119.29299999999999,119.04700000000001,0.1,0.1
29.03.2021 06:33:01.588 GMT-0700,119.48299999999999,119.05700000000002,0.1,0.1
29.03.2021 06:33:03.491 GMT-0700,119.48200000000001,119.048,0.1,0.0008
29.03.2021 06:33:03.595 GMT-0700,119.48299999999999,119.037,0.1,0.1
29.03.2021 06:33:06.570 GMT-0700,119.48299999999999,119.037,0.1,0.075
29.03.2021 06:33:21.294 GMT-0700,119.572,119.16799999999999,0.1,0.075
29.03.2021 06:33:22.877 GMT-0700,119.56200000000001,119.178,0.075,0.075
29.03.2021 06:33:23.108 GMT-0700,119.573,119.16700000000002,0.1,0.1
29.03.2021 06:33:25.605 GMT-0700,119.56299999999999,119.177,0.075,0.075
29.03.2021 06:33:25.705 GMT-0700,119.572,119.16799999999999,0.1,0.1
29.03.2021 06:33:28.469 GMT-0700,119.56200000000001,119.16799999999999,0.1,0.1
29.03.2021 06:33:28.573 GMT-0700,119.572,119.16799999999999,0.1,0.1
29.03.2021 06:33:29.104 GMT-0700,119.56200000000001,119.178,0.0008,0.0008
29.03.2021 06:33:29.310 GMT-0700,119.572,119.16799999999999,0.1,0.1
29.03.2021 06:33:34.716 GMT-0700,119.37299999999999,119.16700000000002,0.0008,0.075
29.03.2021 06:33:34.817 GMT-0700,119.443,118.947,0.075,0.1
29.03.2021 06:33:36.286 GMT-0700,119.44200000000001,119.178,0.1,0.1
29.03.2021 06:33:40.108 GMT-0700,119.443,119.18700000000001,0.0008,0.075
29.03.2021 06:33:40.158 GMT-0700,119.69200000000001,119.18799999999999,0.1,0.1
29.03.2021 06:33:40.360 GMT-0700,119.69200000000001,119.41799999999999,0.075,0.0008
29.03.2021 06:33:40.562 GMT-0700,119.643,119.18700000000001,0.1,0.1
29.03.2021 06:33:41.110 GMT-0700,119.643,119.197,0.1,0.1
29.03.2021 06:33:41.161 GMT-0700,119.64200000000001,119.18799999999999,0.1,0.1
29.03.2021 06:33:41.309 GMT-0700,119.65200000000002,119.18799999999999,0.1,0.1
29.03.2021 06:33:43.638 GMT-0700,119.633,119.18700000000001,0.1,0.1
29.03.2021 06:33:45.448 GMT-0700,119.583,119.197,0.075,0.075
29.03.2021 06:33:45.499 GMT-0700,119.633,119.18700000000001,0.1,0.1
29.03.2021 06:33:48.788 GMT-0700,119.633,119.197,0.1,0.1
29.03.2021 06:33:49.040 GMT-0700,119.632,119.18799999999999,0.1,0.1
29.03.2021 06:33:49.728 GMT-0700,119.633,119.197,0.1,0.075
29.03.2021 06:33:50.121 GMT-0700,119.633,119.18700000000001,0.1,0.1
29.03.2021 06:34:06.973 GMT-0700,119.633,119.35700000000001,0.1,0.1
29.03.2021 06:34:07.023 GMT-0700,119.632,119.18799999999999,0.1,0.1
29.03.2021 06:34:08.886 GMT-0700,119.64200000000001,119.18799999999999,0.1,0.1
29.03.2021 06:34:09.067 GMT-0700,119.632,119.18799999999999,0.0008,0.1
29.03.2021 06:34:09.117 GMT-0700,119.643,119.18700000000001,0.1,0.1
29.03.2021 06:34:13.001 GMT-0700,119.64200000000001,119.368,0.1,0.0008
29.03.2021 06:34:13.251 GMT-0700,119.64200000000001,119.378,0.1,0.0008
29.03.2021 06:34:13.510 GMT-0700,119.64200000000001,119.368,0.1,0.1
29.03.2021 06:34:15.297 GMT-0700,119.64200000000001,119.55799999999999,0.0008,0.075
29.03.2021 06:34:15.347 GMT-0700,119.84200000000001,119.378,0.1,0.1
29.03.2021 06:34:15.452 GMT-0700,119.853,119.37700000000001,0.1,0.1
29.03.2021 06:34:16.350 GMT-0700,119.852,119.368,0.1,0.1
29.03.2021 06:34:17.694 GMT-0700,119.643,119.37700000000001,0.0008,0.0008
29.03.2021 06:34:17.744 GMT-0700,119.853,119.367,0.1,0.1
29.03.2021 06:34:18.479 GMT-0700,119.84299999999999,119.37700000000001,0.0008,0.0008
29.03.2021 06:34:18.864 GMT-0700,119.852,119.368,0.1,0.1
29.03.2021 06:34:20.626 GMT-0700,119.84200000000001,119.378,0.0008,0.0008
29.03.2021 06:34:21.070 GMT-0700,119.852,119.368,0.1,0.1
29.03.2021 06:34:22.035 GMT-0700,119.853,119.49700000000001,0.1,0.075
29.03.2021 06:34:30.630 GMT-0700,119.84299999999999,119.49700000000001,0.0008,0.1
29.03.2021 06:34:31.060 GMT-0700,119.852,119.49799999999999,0.1,0.1
29.03.2021 06:34:38.105 GMT-0700,119.84299999999999,119.49700000000001,0.0008,0.1
29.03.2021 06:34:38.208 GMT-0700,119.852,119.49799999999999,0.1,0.1
29.03.2021 06:34:38.371 GMT-0700,119.84299999999999,119.49700000000001,0.0008,0.1
29.03.2021 06:34:38.421 GMT-0700,119.853,119.49700000000001,0.1,0.1
29.03.2021 06:34:38.641 GMT-0700,119.572,119.368,0.1,0.1
29.03.2021 06:34:38.910 GMT-0700,119.533,119.18700000000001,0.075,0.1
29.03.2021 06:34:49.321 GMT-0700,119.84200000000001,119.35799999999999,0.075,0.075
29.03.2021 06:34:49.460 GMT-0700,119.852,119.35799999999999,0.1,0.1
29.03.2021 06:34:50.898 GMT-0700,119.53200000000001,119.35799999999999,0.075,0.0008
29.03.2021 06:34:50.948 GMT-0700,119.663,119.197,0.1,0.1
29.03.2021 06:35:00.000 GMT-0700,119.65299999999999,119.20700000000001,0.075,0.075
29.03.2021 06:35:00.050 GMT-0700,119.662,119.198,0.1,0.1
29.03.2021 06:35:00.618 GMT-0700,119.65299999999999,119.20700000000001,0.0008,0.0008
29.03.2021 06:35:00.718 GMT-0700,119.662,119.198,0.1,0.1
29.03.2021 06:35:01.491 GMT-0700,119.65299999999999,119.20700000000001,0.075,0.075
29.03.2021 06:35:01.541 GMT-0700,119.662,119.198,0.1,0.1
29.03.2021 06:35:02.930 GMT-0700,119.65299999999999,119.20700000000001,0.0008,0.0008
29.03.2021 06:35:03.030 GMT-0700,119.663,119.197,0.1,0.1
29.03.2021 06:35:07.532 GMT-0700,119.65200000000002,119.208,0.1,0.1
29.03.2021 06:35:07.912 GMT-0700,119.663,119.197,0.1,0.1
29.03.2021 06:35:17.754 GMT-0700,119.65200000000002,119.208,0.075,0.075
29.03.2021 06:35:17.855 GMT-0700,119.663,119.197,0.1,0.1
29.03.2021 06:35:19.094 GMT-0700,119.662,119.258,0.1,0.1
29.03.2021 06:35:20.846 GMT-0700,119.65200000000002,119.258,0.075,0.1
29.03.2021 06:35:22.591 GMT-0700,119.662,119.258,0.1,0.1
29.03.2021 06:35:22.760 GMT-0700,119.65200000000002,119.258,0.0008,0.1
29.03.2021 06:35:22.861 GMT-0700,119.663,119.257,0.1,0.1
29.03.2021 06:35:25.517 GMT-0700,119.662,119.378,0.1,0.1
29.03.2021 06:35:27.707 GMT-0700,119.662,119.398,0.0008,0.075
29.03.2021 06:35:27.758 GMT-0700,119.84200000000001,119.398,0.1,0.1
29.03.2021 06:35:27.859 GMT-0700,119.852,119.38799999999999,0.1,0.1
29.03.2021 06:35:28.581 GMT-0700,119.853,119.49700000000001,0.1,0.1
29.03.2021 06:35:29.651 GMT-0700,119.84299999999999,119.49700000000001,0.075,0.1
29.03.2021 06:35:29.752 GMT-0700,119.853,119.507,0.1,0.1
29.03.2021 06:35:31.571 GMT-0700,119.852,119.57799999999999,0.1,0.0008
29.03.2021 06:35:33.432 GMT-0700,119.853,119.76200000000001,0.1,0.075
29.03.2021 06:35:33.482 GMT-0700,119.852,119.57799999999999,0.1,0.1
29.03.2021 06:35:35.686 GMT-0700,119.852,119.63799999999999,0.1,0.075
29.03.2021 06:35:35.737 GMT-0700,119.992,119.57799999999999,0.1,0.1
29.03.2021 06:35:35.869 GMT-0700,120.00200000000001,119.57799999999999,0.1,0.1
29.03.2021 06:35:39.016 GMT-0700,119.993,119.587,0.1,0.1
29.03.2021 06:35:39.459 GMT-0700,120.00200000000001,119.57799999999999,0.1,0.1
29.03.2021 06:35:40.267 GMT-0700,120.00200000000001,119.588,0.1,0.1
29.03.2021 06:35:40.317 GMT-0700,120.003,119.57700000000001,0.1,0.1
29.03.2021 06:35:41.565 GMT-0700,119.86200000000001,119.57799999999999,0.0008,0.1
29.03.2021 06:35:41.615 GMT-0700,120.00200000000001,119.588,0.1,0.1
29.03.2021 06:35:42.131 GMT-0700,119.992,119.57799999999999,0.0008,0.1
29.03.2021 06:35:44.368 GMT-0700,119.98299999999999,119.587,0.075,0.075
29.03.2021 06:35:44.856 GMT-0700,119.98200000000001,119.57799999999999,0.1,0.1
29.03.2021 06:35:48.364 GMT-0700,119.97200000000001,119.57799999999999,0.1,0.1
29.03.2021 06:35:49.130 GMT-0700,119.963,119.587,0.1,0.1
29.03.2021 06:35:49.365 GMT-0700,120.003,119.57700000000001,0.1,0.1
29.03.2021 06:35:50.716 GMT-0700,119.992,119.588,0.075,0.075
29.03.2021 06:35:50.961 GMT-0700,120.003,119.57700000000001,0.1,0.1
29.03.2021 06:35:52.295 GMT-0700,119.993,119.587,0.0008,0.0008
29.03.2021 06:35:52.396 GMT-0700,120.003,119.57700000000001,0.1,0.1
29.03.2021 06:35:57.737 GMT-0700,119.993,119.587,0.075,0.075
29.03.2021 06:35:57.925 GMT-0700,120.003,119.57700000000001,0.1,0.1
29.03.2021 06:36:06.185 GMT-0700,119.87299999999999,119.57700000000001,0.075,0.1
29.03.2021 06:36:12.836 GMT-0700,119.87299999999999,119.587,0.1,0.1
29.03.2021 06:36:13.210 GMT-0700,119.87299999999999,119.57700000000001,0.1,0.1
29.03.2021 06:36:13.770 GMT-0700,119.87200000000001,119.588,0.1,0.075
29.03.2021 06:36:14.112 GMT-0700,119.87200000000001,119.57799999999999,0.1,0.1
29.03.2021 06:36:14.737 GMT-0700,119.87200000000001,119.648,0.1,0.075
29.03.2021 06:36:17.159 GMT-0700,119.87200000000001,119.49799999999999,0.1,0.1
29.03.2021 06:36:21.098 GMT-0700,119.87200000000001,119.55799999999999,0.1,0.0008
29.03.2021 06:36:26.399 GMT-0700,119.86200000000001,119.55799999999999,0.0008,0.1
29.03.2021 06:36:26.618 GMT-0700,119.87200000000001,119.55799999999999,0.1,0.1
29.03.2021 06:36:28.186 GMT-0700,119.863,119.55700000000002,0.1,0.1
29.03.2021 06:36:28.261 GMT-0700,119.87299999999999,119.55700000000002,0.1,0.1
29.03.2021 06:36:29.073 GMT-0700,119.87200000000001,119.49799999999999,0.1,0.1
29.03.2021 06:36:29.814 GMT-0700,119.87200000000001,119.618,0.1,0.0008
29.03.2021 06:36:29.915 GMT-0700,119.86200000000001,119.618,0.1,0.1
29.03.2021 06:36:29.966 GMT-0700,119.87299999999999,119.617,0.1,0.1
29.03.2021 06:36:36.731 GMT-0700,119.87200000000001,119.63799999999999,0.1,0.0008
29.03.2021 06:36:36.781 GMT-0700,119.87299999999999,119.49700000000001,0.1,0.1
29.03.2021 06:36:37.108 GMT-0700,119.87299999999999,119.697,0.1,0.075
29.03.2021 06:36:40.283 GMT-0700,119.87299999999999,119.49700000000001,0.1,0.1
29.03.2021 06:36:40.871 GMT-0700,119.87299999999999,119.507,0.1,0.0008
29.03.2021 06:36:40.984 GMT-0700,119.87200000000001,119.49799999999999,0.1,0.1
29.03.2021 06:36:42.848 GMT-0700,119.87299999999999,119.507,0.1,0.075
29.03.2021 06:36:43.310 GMT-0700,119.87200000000001,119.49799999999999,0.1,0.1
29.03.2021 06:36:46.059 GMT-0700,119.87200000000001,119.508,0.1,0.1
29.03.2021 06:36:46.456 GMT-0700,119.87299999999999,119.49700000000001,0.1,0.1
29.03.2021 06:36:48.016 GMT-0700,119.87299999999999,119.507,0.1,0.0008
29.03.2021 06:36:48.311 GMT-0700,119.87299999999999,119.49700000000001,0.1,0.1
29.03.2021 06:36:50.120 GMT-0700,119.87200000000001,119.508,0.1,0.075
29.03.2021 06:36:50.417 GMT-0700,119.79200000000002,119.508,0.0008,0.1
29.03.2021 06:36:50.467 GMT-0700,119.87299999999999,119.49700000000001,0.1,0.1
29.03.2021 06:36:52.650 GMT-0700,119.86200000000001,119.508,0.075,0.075
29.03.2021 06:36:52.774 GMT-0700,119.87200000000001,119.49799999999999,0.1,0.1
29.03.2021 06:36:56.235 GMT-0700,119.86200000000001,119.508,0.075,0.075
29.03.2021 06:36:56.406 GMT-0700,119.87299999999999,119.49700000000001,0.1,0.1
29.03.2021 06:37:00.079 GMT-0700,119.86200000000001,119.508,0.1,0.1
29.03.2021 06:37:00.129 GMT-0700,119.87200000000001,119.508,0.1,0.1
29.03.2021 06:37:00.413 GMT-0700,119.87299999999999,119.49700000000001,0.1,0.1
29.03.2021 06:37:01.547 GMT-0700,119.87200000000001,119.508,0.1,0.075
29.03.2021 06:37:01.757 GMT-0700,119.87299999999999,119.49700000000001,0.1,0.1
29.03.2021 06:37:05.192 GMT-0700,119.87200000000001,119.508,0.1,0.1
29.03.2021 06:37:05.366 GMT-0700,119.87299999999999,119.49700000000001,0.1,0.1
29.03.2021 06:37:06.646 GMT-0700,119.87200000000001,119.755,0.1,0.075
29.03.2021 06:37:06.696 GMT-0700,119.86200000000001,119.628,0.1,0.1
29.03.2021 06:37:07.399 GMT-0700,119.90299999999999,119.63700000000001,0.1,0.0008
29.03.2021 06:37:07.555 GMT-0700,120.003,119.62700000000001,0.1,0.1
29.03.2021 06:37:08.937 GMT-0700,119.912,119.628,0.075,0.1
29.03.2021 06:37:10.561 GMT-0700,119.912,119.63799999999999,0.1,0.0008
29.03.2021 06:37:10.661 GMT-0700,119.913,119.62700000000001,0.1,0.1
29.03.2021 06:37:11.816 GMT-0700,119.913,119.63700000000001,0.1,0.0008
29.03.2021 06:37:12.166 GMT-0700,119.912,119.628,0.1,0.1
29.03.2021 06:37:18.019 GMT-0700,119.913,119.63700000000001,0.1,0.0008
29.03.2021 06:37:18.069 GMT-0700,120.003,119.70700000000001,0.1,0.1
29.03.2021 06:37:18.655 GMT-0700,120.00200000000001,119.71799999999999,0.1,0.1
29.03.2021 06:37:18.911 GMT-0700,120.00200000000001,119.708,0.1,0.1
29.03.2021 06:37:19.092 GMT-0700,120.003,119.68700000000001,0.1,0.1
29.03.2021 06:37:19.653 GMT-0700,119.943,119.68700000000001,0.075,0.1
29.03.2021 06:37:19.830 GMT-0700,120.003,119.68700000000001,0.1,0.1
29.03.2021 06:37:19.972 GMT-0700,120.003,119.757,0.1,0.075
29.03.2021 06:37:36.559 GMT-0700,120.003,119.85700000000001,0.1,0.1
29.03.2021 06:37:42.345 GMT-0700,119.943,119.85700000000001,0.075,0.0008
29.03.2021 06:37:42.395 GMT-0700,120.003,119.76700000000001,0.1,0.1
29.03.2021 06:37:42.446 GMT-0700,120.00200000000001,119.758,0.1,0.1
29.03.2021 06:37:44.415 GMT-0700,120.00200000000001,119.868,0.1,0.0008
29.03.2021 06:37:44.697 GMT-0700,119.95299999999999,119.867,0.0008,0.1
29.03.2021 06:37:44.797 GMT-0700,120.003,119.867,0.1,0.1
29.03.2021 06:37:45.267 GMT-0700,119.943,119.867,0.0008,0.075
29.03.2021 06:37:45.317 GMT-0700,120.00200000000001,119.768,0.1,0.1
29.03.2021 06:37:45.459 GMT-0700,120.003,119.757,0.1,0.1
29.03.2021 06:37:45.738 GMT-0700,119.93299999999999,119.757,0.0008,0.1
29.03.2021 06:37:45.788 GMT-0700,120.003,119.757,0.1,0.1
29.03.2021 06:37:47.523 GMT-0700,120.00200000000001,119.768,0.1,0.1
29.03.2021 06:37:47.726 GMT-0700,119.993,119.867,0.075,0.075
29.03.2021 06:37:47.826 GMT-0700,119.993,119.76700000000001,0.1,0.1
29.03.2021 06:37:48.575 GMT-0700,119.992,119.77799999999999,0.1,0.0008
29.03.2021 06:37:48.683 GMT-0700,119.992,119.788,0.1,0.1
29.03.2021 06:37:49.745 GMT-0700,119.993,119.76700000000001,0.1,0.1
29.03.2021 06:37:50.777 GMT-0700,120.00200000000001,119.768,0.1,0.1
29.03.2021 06:37:52.929 GMT-0700,120.003,119.77700000000002,0.1,0.075
29.03.2021 06:37:53.126 GMT-0700,120.00200000000001,119.768,0.1,0.1
29.03.2021 06:37:55.097 GMT-0700,119.93299999999999,119.77700000000002,0.0008,0.0008
29.03.2021 06:37:55.147 GMT-0700,120.003,119.757,0.1,0.1
29.03.2021 06:37:55.539 GMT-0700,120.00200000000001,119.768,0.1,0.1
29.03.2021 06:37:56.676 GMT-0700,120.003,119.77700000000002,0.1,0.0008
29.03.2021 06:37:57.271 GMT-0700,120.00200000000001,119.788,0.1,0.0008
29.03.2021 06:37:57.322 GMT-0700,120.00200000000001,119.77799999999999,0.1,0.1
29.03.2021 06:37:58.088 GMT-0700,120.003,119.76700000000001,0.1,0.1
29.03.2021 06:38:20.477 GMT-0700,120.00200000000001,119.77799999999999,0.1,0.0008
29.03.2021 06:38:33.629 GMT-0700,120.003,119.787,0.1,0.075
29.03.2021 06:38:33.850 GMT-0700,120.00200000000001,119.77799999999999,0.1,0.1
29.03.2021 06:38:37.503 GMT-0700,119.992,119.77799999999999,0.0008,0.1
29.03.2021 06:38:37.842 GMT-0700,119.992,119.788,0.1,0.0008
29.03.2021 06:38:39.100 GMT-0700,119.993,119.79700000000001,0.1,0.1
29.03.2021 06:38:39.208 GMT-0700,119.993,119.787,0.1,0.1
29.03.2021 06:38:40.335 GMT-0700,119.993,119.77700000000002,0.1,0.1
29.03.2021 06:38:41.268 GMT-0700,119.993,119.91700000000002,0.0008,0.075
29.03.2021 06:38:41.318 GMT-0700,120.113,119.82700000000001,0.1,0.1
29.03.2021 06:38:41.375 GMT-0700,120.11200000000001,119.96799999999999,0.1,0.0008
29.03.2021 06:38:41.425 GMT-0700,120.113,119.82700000000001,0.1,0.1
29.03.2021 06:38:41.600 GMT-0700,120.023,119.82700000000001,0.1,0.1
29.03.2021 06:38:41.651 GMT-0700,120.11200000000001,119.82799999999999,0.1,0.1
29.03.2021 06:38:42.149 GMT-0700,120.08200000000001,119.82799999999999,0.075,0.1
29.03.2021 06:38:42.342 GMT-0700,120.08200000000001,119.818,0.1,0.1
29.03.2021 06:38:43.561 GMT-0700,120.083,119.82700000000001,0.1,0.0008
29.03.2021 06:38:43.765 GMT-0700,120.08200000000001,119.818,0.1,0.1
29.03.2021 06:38:45.354 GMT-0700,120.023,119.81700000000001,0.0008,0.1
29.03.2021 06:38:47.298 GMT-0700,120.08200000000001,119.818,0.1,0.1
29.03.2021 06:38:47.349 GMT-0700,120.003,119.81700000000001,0.1,0.1
29.03.2021 06:38:48.847 GMT-0700,120.003,119.93700000000001,0.0008,0.075
29.03.2021 06:38:48.897 GMT-0700,120.11200000000001,119.82799999999999,0.1,0.1
29.03.2021 06:38:48.948 GMT-0700,120.12299999999999,119.82700000000001,0.1,0.1
29.03.2021 06:38:49.858 GMT-0700,120.12200000000001,119.818,0.1,0.1
29.03.2021 06:38:53.227 GMT-0700,120.12200000000001,119.82799999999999,0.1,0.0008
29.03.2021 06:38:53.334 GMT-0700,120.12299999999999,119.81700000000001,0.1,0.1
29.03.2021 06:39:00.221 GMT-0700,120.12299999999999,119.82700000000001,0.1,0.0008
29.03.2021 06:39:00.407 GMT-0700,120.12200000000001,119.818,0.1,0.1
29.03.2021 06:39:01.131 GMT-0700,120.12200000000001,119.82799999999999,0.1,0.075
29.03.2021 06:39:01.231 GMT-0700,120.12200000000001,119.818,0.1,0.1
29.03.2021 06:39:05.110 GMT-0700,120.113,119.82700000000001,0.0008,0.0008
29.03.2021 06:39:05.565 GMT-0700,120.08200000000001,119.818,0.1,0.1
29.03.2021 06:39:06.070 GMT-0700,120.072,119.82799999999999,0.075,0.075
29.03.2021 06:39:06.121 GMT-0700,120.08200000000001,119.818,0.1,0.1
29.03.2021 06:39:07.676 GMT-0700,120.12299999999999,119.81700000000001,0.1,0.1
29.03.2021 06:39:08.764 GMT-0700,120.113,119.81700000000001,0.0008,0.1
29.03.2021 06:39:09.672 GMT-0700,120.12200000000001,119.818,0.1,0.1
29.03.2021 06:39:11.080 GMT-0700,120.01299999999999,119.81700000000001,0.0008,0.1
29.03.2021 06:39:12.866 GMT-0700,120.01299999999999,119.82700000000001,0.1,0.075
29.03.2021 06:39:13.162 GMT-0700,120.01299999999999,119.81700000000001,0.1,0.1
29.03.2021 06:39:21.125 GMT-0700,120.01299999999999,119.82700000000001,0.1,0.075
29.03.2021 06:39:21.324 GMT-0700,120.01200000000001,119.818,0.1,0.1
29.03.2021 06:39:25.458 GMT-0700,120.073,119.81700000000001,0.1,0.1
29.03.2021 06:39:25.517 GMT-0700,120.00200000000001,119.818,0.075,0.1
29.03.2021 06:39:26.418 GMT-0700,120.003,119.787,0.1,0.1
29.03.2021 06:39:33.923 GMT-0700,120.003,119.79700000000001,0.1,0.075
29.03.2021 06:39:38.757 GMT-0700,120.00200000000001,119.788,0.1,0.1
29.03.2021 06:39:49.706 GMT-0700,120.00200000000001,119.798,0.1,0.1
29.03.2021 06:39:51.116 GMT-0700,120.073,119.79700000000001,0.1,0.1
29.03.2021 06:39:51.166 GMT-0700,119.973,119.80700000000002,0.1,0.1
29.03.2021 06:39:51.267 GMT-0700,119.95200000000001,119.80799999999999,0.1,0.1
29.03.2021 06:39:54.737 GMT-0700,119.95299999999999,119.81700000000001,0.1,0.075
29.03.2021 06:39:55.700 GMT-0700,119.90200000000002,119.818,0.0008,0.1
29.03.2021 06:39:55.750 GMT-0700,119.943,119.80700000000002,0.1,0.1
29.03.2021 06:39:57.799 GMT-0700,119.95200000000001,119.80799999999999,0.1,0.1
29.03.2021 06:39:58.727 GMT-0700,119.912,119.80799999999999,0.075,0.1
29.03.2021 06:39:58.777 GMT-0700,119.95200000000001,119.80799999999999,0.1,0.1
29.03.2021 06:40:03.377 GMT-0700,119.95299999999999,119.697,0.1,0.1
29.03.2021 06:40:03.507 GMT-0700,119.95200000000001,119.68799999999999,0.1,0.1
29.03.2021 06:40:03.902 GMT-0700,119.95200000000001,119.80799999999999,0.1,0.1
29.03.2021 06:40:11.999 GMT-0700,119.943,119.80700000000002,0.0008,0.1
29.03.2021 06:40:14.077 GMT-0700,119.943,119.79700000000001,0.1,0.1
29.03.2021 06:40:14.881 GMT-0700,119.822,119.628,0.1,0.1
29.03.2021 06:40:14.932 GMT-0700,119.943,119.62700000000001,0.1,0.1
29.03.2021 06:40:15.424 GMT-0700,119.715,119.628,0.075,0.0008
29.03.2021 06:40:15.474 GMT-0700,119.68200000000002,119.458,0.1,0.1
29.03.2021 06:40:15.525 GMT-0700,119.68200000000002,119.448,0.1,0.1
29.03.2021 06:40:15.587 GMT-0700,119.68200000000002,119.408,0.1,0.1
29.03.2021 06:40:16.898 GMT-0700,119.633,119.41700000000002,0.075,0.075
29.03.2021 06:40:16.948 GMT-0700,119.68200000000002,119.408,0.1,0.1
29.03.2021 06:40:17.426 GMT-0700,119.602,119.408,0.075,0.0008
29.03.2021 06:40:17.476 GMT-0700,119.68200000000002,119.378,0.1,0.1
29.03.2021 06:40:18.477 GMT-0700,119.76299999999999,119.37700000000001,0.1,0.1
29.03.2021 06:40:20.639 GMT-0700,119.753,119.38700000000001,0.0008,0.0008
29.03.2021 06:40:20.819 GMT-0700,119.753,119.45700000000001,0.1,0.0008
29.03.2021 06:40:20.870 GMT-0700,119.76200000000001,119.458,0.1,0.1
29.03.2021 06:40:30.078 GMT-0700,119.75200000000001,119.458,0.075,0.1
29.03.2021 06:40:30.179 GMT-0700,119.76200000000001,119.458,0.1,0.1
29.03.2021 06:40:30.634 GMT-0700,119.75200000000001,119.458,0.075,0.1
29.03.2021 06:40:31.007 GMT-0700,119.76299999999999,119.45700000000001,0.1,0.1
29.03.2021 06:40:33.053 GMT-0700,119.753,119.45700000000001,0.075,0.1
29.03.2021 06:40:33.103 GMT-0700,119.76200000000001,119.458,0.1,0.1
29.03.2021 06:40:35.977 GMT-0700,119.76200000000001,119.378,0.1,0.1
29.03.2021 06:40:36.696 GMT-0700,119.76200000000001,119.46799999999999,0.1,0.075
29.03.2021 06:40:41.841 GMT-0700,119.75200000000001,119.46799999999999,0.0008,0.1
29.03.2021 06:40:41.891 GMT-0700,119.76200000000001,119.46799999999999,0.1,0.1
29.03.2021 06:40:49.515 GMT-0700,119.62299999999999,119.46700000000001,0.075,0.1
29.03.2021 06:40:52.373 GMT-0700,119.62200000000001,119.38799999999999,0.1,0.1
29.03.2021 06:40:53.069 GMT-0700,119.62200000000001,119.508,0.1,0.1
29.03.2021 06:40:56.483 GMT-0700,119.59200000000001,119.508,0.1,0.1
29.03.2021 06:40:56.533 GMT-0700,119.62299999999999,119.507,0.1,0.1
29.03.2021 06:41:00.754 GMT-0700,119.59200000000001,119.508,0.075,0.1
29.03.2021 06:41:00.804 GMT-0700,119.62299999999999,119.507,0.1,0.1
29.03.2021 06:41:08.781 GMT-0700,119.62299999999999,119.37700000000001,0.1,0.1
29.03.2021 06:41:09.281 GMT-0700,119.62299999999999,119.52700000000002,0.1,0.0008
29.03.2021 06:41:10.919 GMT-0700,119.66799999999999,119.57799999999999,0.075,0.0008
29.03.2021 06:41:10.969 GMT-0700,119.94200000000001,119.57799999999999,0.1,0.1
29.03.2021 06:41:11.070 GMT-0700,119.94200000000001,119.66799999999999,0.1,0.1
29.03.2021 06:41:11.175 GMT-0700,119.79200000000002,119.658,0.075,0.0008
29.03.2021 06:41:11.225 GMT-0700,119.943,119.65700000000001,0.1,0.1
29.03.2021 06:41:13.383 GMT-0700,119.93200000000002,119.658,0.0008,0.1
29.03.2021 06:41:13.713 GMT-0700,119.94200000000001,119.658,0.1,0.1
29.03.2021 06:41:26.498 GMT-0700,119.94200000000001,119.568,0.1,0.1
29.03.2021 06:41:26.595 GMT-0700,119.943,119.68700000000001,0.1,0.075
29.03.2021 06:41:36.038 GMT-0700,119.93200000000002,119.568,0.1,0.1
29.03.2021 06:41:36.089 GMT-0700,119.93200000000002,119.57799999999999,0.1,0.1
29.03.2021 06:41:39.056 GMT-0700,119.93200000000002,119.588,0.0008,0.1
29.03.2021 06:41:39.265 GMT-0700,119.943,119.587,0.1,0.1
29.03.2021 06:41:39.806 GMT-0700,119.93200000000002,119.588,0.1,0.1
29.03.2021 06:41:39.907 GMT-0700,119.94200000000001,119.588,0.1,0.1
29.03.2021 06:41:42.919 GMT-0700,119.93200000000002,119.588,0.075,0.1
29.03.2021 06:41:43.019 GMT-0700,119.943,119.587,0.1,0.1
29.03.2021 06:41:44.249 GMT-0700,119.93299999999999,119.587,0.075,0.1
29.03.2021 06:41:44.356 GMT-0700,119.943,119.587,0.1,0.1
29.03.2021 06:41:45.996 GMT-0700,119.93299999999999,119.587,0.0008,0.1
29.03.2021 06:41:46.166 GMT-0700,119.94200000000001,119.588,0.1,0.1
29.03.2021 06:41:48.099 GMT-0700,119.93299999999999,119.587,0.075,0.1
29.03.2021 06:41:48.499 GMT-0700,119.94200000000001,119.588,0.1,0.1
29.03.2021 06:41:52.472 GMT-0700,119.93200000000002,119.588,0.0008,0.075
29.03.2021 06:41:52.523 GMT-0700,119.93299999999999,119.57700000000001,0.1,0.1
29.03.2021 06:41:52.959 GMT-0700,119.943,119.57700000000001,0.1,0.1
29.03.2021 06:41:53.009 GMT-0700,119.94200000000001,119.618,0.1,0.1
29.03.2021 06:41:55.265 GMT-0700,119.93299999999999,119.617,0.075,0.1
29.03.2021 06:41:55.659 GMT-0700,119.943,119.617,0.1,0.1
29.03.2021 06:41:56.665 GMT-0700,119.943,119.62700000000001,0.1,0.1
29.03.2021 06:41:56.716 GMT-0700,119.943,119.617,0.1,0.1
29.03.2021 06:42:02.780 GMT-0700,119.79200000000002,119.618,0.1,0.1
29.03.2021 06:42:04.539 GMT-0700,119.75200000000001,119.618,0.0008,0.1
29.03.2021 06:42:24.125 GMT-0700,119.75200000000001,119.57799999999999,0.1,0.1
29.03.2021 06:42:24.628 GMT-0700,119.94200000000001,119.708,0.1,0.1
29.03.2021 06:42:24.729 GMT-0700,119.94200000000001,119.68799999999999,0.1,0.1
29.03.2021 06:42:24.872 GMT-0700,119.943,119.74700000000001,0.1,0.0008
29.03.2021 06:42:27.357 GMT-0700,119.93200000000002,119.74799999999999,0.0008,0.1
29.03.2021 06:42:27.457 GMT-0700,119.94200000000001,119.74799999999999,0.1,0.1
29.03.2021 06:42:40.107 GMT-0700,119.94200000000001,119.68799999999999,0.1,0.1
29.03.2021 06:42:41.553 GMT-0700,119.94200000000001,119.758,0.1,0.075
29.03.2021 06:42:51.237 GMT-0700,119.943,119.87700000000001,0.0008,0.075
29.03.2021 06:42:51.288 GMT-0700,119.95299999999999,119.727,0.1,0.1
29.03.2021 06:42:52.245 GMT-0700,119.95200000000001,119.87700000000001,0.1,0.075
29.03.2021 06:42:55.256 GMT-0700,120.09299999999999,119.87700000000001,0.1,0.1
29.03.2021 06:42:57.510 GMT-0700,119.948,119.878,0.0008,0.1
29.03.2021 06:42:57.560 GMT-0700,119.893,119.68700000000001,0.1,0.1
29.03.2021 06:42:57.634 GMT-0700,119.89200000000001,119.738,0.1,0.075
29.03.2021 06:43:00.567 GMT-0700,120.09299999999999,119.73700000000001,0.1,0.1
29.03.2021 06:43:01.359 GMT-0700,119.912,119.738,0.0008,0.075
29.03.2021 06:43:01.409 GMT-0700,120.083,119.68700000000001,0.1,0.1
29.03.2021 06:43:01.543 GMT-0700,120.09299999999999,119.77700000000002,0.1,0.1
29.03.2021 06:43:13.447 GMT-0700,119.87299999999999,119.77700000000002,0.1,0.1
29.03.2021 06:43:13.498 GMT-0700,120.09200000000001,119.768,0.1,0.1
29.03.2021 06:43:14.559 GMT-0700,119.79299999999999,119.54700000000001,0.1,0.1
29.03.2021 06:43:14.659 GMT-0700,119.943,119.54700000000001,0.1,0.1
29.03.2021 06:43:14.710 GMT-0700,119.94200000000001,119.648,0.1,0.1
29.03.2021 06:43:15.728 GMT-0700,119.93299999999999,119.647,0.0008,0.1
29.03.2021 06:43:16.008 GMT-0700,119.943,119.647,0.1,0.1
29.03.2021 06:43:17.411 GMT-0700,119.93299999999999,119.647,0.075,0.1
29.03.2021 06:43:17.512 GMT-0700,119.943,119.647,0.1,0.1
29.03.2021 06:43:18.072 GMT-0700,119.93200000000002,119.648,0.075,0.1
29.03.2021 06:43:18.238 GMT-0700,119.943,119.647,0.1,0.1
29.03.2021 06:43:18.288 GMT-0700,119.89200000000001,119.648,0.1,0.1
29.03.2021 06:43:19.423 GMT-0700,119.73299999999999,119.647,0.0008,0.1
29.03.2021 06:43:19.473 GMT-0700,119.883,119.647,0.1,0.1
29.03.2021 06:43:19.606 GMT-0700,119.72,119.648,0.075,0.1
29.03.2021 06:43:19.657 GMT-0700,119.883,119.647,0.1,0.1
29.03.2021 06:43:19.800 GMT-0700,119.882,119.60799999999999,0.1,0.1
29.03.2021 06:43:20.430 GMT-0700,119.893,119.60700000000001,0.1,0.1
29.03.2021 06:43:20.621 GMT-0700,119.883,119.60700000000001,0.075,0.1
29.03.2021 06:43:20.671 GMT-0700,119.89200000000001,119.60799999999999,0.1,0.1
29.03.2021 06:43:22.078 GMT-0700,119.663,119.60799999999999,0.0008,0.075
29.03.2021 06:43:22.129 GMT-0700,119.76200000000001,119.49799999999999,0.1,0.1
29.03.2021 06:43:22.236 GMT-0700,119.76299999999999,119.48700000000001,0.1,0.1
29.03.2021 06:43:22.937 GMT-0700,119.62200000000001,119.588,0.0008,0.0008
29.03.2021 06:43:22.987 GMT-0700,119.753,119.367,0.1,0.1
29.03.2021 06:43:23.038 GMT-0700,119.753,119.45700000000001,0.1,0.1
29.03.2021 06:43:23.088 GMT-0700,119.76200000000001,119.458,0.1,0.1
29.03.2021 06:43:23.386 GMT-0700,119.76299999999999,119.52700000000002,0.1,0.075
29.03.2021 06:43:23.943 GMT-0700,119.76200000000001,119.568,0.1,0.0008
29.03.2021 06:43:23.993 GMT-0700,119.76200000000001,119.52799999999999,0.1,0.1
29.03.2021 06:43:24.133 GMT-0700,119.76200000000001,119.488,0.1,0.1
29.03.2021 06:43:24.365 GMT-0700,119.76299999999999,119.59700000000001,0.1,0.1
29.03.2021 06:43:44.837 GMT-0700,119.76200000000001,119.478,0.1,0.1
29.03.2021 06:43:45.033 GMT-0700,119.76200000000001,119.60799999999999,0.1,0.075
29.03.2021 06:43:53.022 GMT-0700,119.70299999999999,119.60700000000001,0.0008,0.075
29.03.2021 06:43:53.073 GMT-0700,119.743,119.37700000000001,0.1,0.1
29.03.2021 06:43:53.175 GMT-0700,119.743,119.52700000000002,0.075,0.0008
29.03.2021 06:43:53.225 GMT-0700,119.75200000000001,119.52799999999999,0.1,0.1
29.03.2021 06:43:53.360 GMT-0700,119.76200000000001,119.49799999999999,0.1,0.1
29.03.2021 06:43:53.414 GMT-0700,119.76200000000001,119.588,0.1,0.0008
29.03.2021 06:43:55.179 GMT-0700,119.73200000000001,119.588,0.075,0.1
29.03.2021 06:43:57.484 GMT-0700,119.76200000000001,119.588,0.1,0.1
29.03.2021 06:43:59.464 GMT-0700,119.69200000000001,119.588,0.075,0.1
29.03.2021 06:44:02.049 GMT-0700,119.68299999999999,119.58500000000001,0.075,0.0008
29.03.2021 06:44:02.100 GMT-0700,119.68200000000002,119.378,0.1,0.1
29.03.2021 06:44:02.200 GMT-0700,119.75200000000001,119.368,0.1,0.1
29.03.2021 06:44:02.251 GMT-0700,119.67200000000001,119.368,0.1,0.1
29.03.2021 06:44:05.077 GMT-0700,119.673,119.37700000000001,0.1,0.1
29.03.2021 06:44:05.128 GMT-0700,119.753,119.37700000000001,0.1,0.1
29.03.2021 06:44:05.183 GMT-0700,119.662,119.378,0.0008,0.1
29.03.2021 06:44:05.732 GMT-0700,119.663,119.477,0.1,0.0008
29.03.2021 06:44:07.313 GMT-0700,119.663,119.367,0.1,0.1
29.03.2021 06:44:07.591 GMT-0700,119.75200000000001,119.368,0.1,0.1
29.03.2021 06:44:08.400 GMT-0700,119.742,119.378,0.075,0.075
29.03.2021 06:44:08.856 GMT-0700,119.75200000000001,119.368,0.1,0.1
29.03.2021 06:44:11.325 GMT-0700,119.743,119.37700000000001,0.1,0.1
29.03.2021 06:44:11.503 GMT-0700,119.75200000000001,119.378,0.1,0.1
29.03.2021 06:44:12.480 GMT-0700,119.753,119.367,0.1,0.1
29.03.2021 06:44:12.981 GMT-0700,119.643,119.367,0.075,0.1
29.03.2021 06:44:14.189 GMT-0700,119.643,119.52700000000002,0.1,0.1
29.03.2021 06:44:15.972 GMT-0700,119.75200000000001,119.52799999999999,0.1,0.1
29.03.2021 06:44:19.616 GMT-0700,119.75200000000001,119.568,0.1,0.1
29.03.2021 06:44:19.666 GMT-0700,119.76299999999999,119.52700000000002,0.1,0.1
29.03.2021 06:44:26.946 GMT-0700,119.753,119.52700000000002,0.075,0.1
29.03.2021 06:44:27.533 GMT-0700,119.76200000000001,119.488,0.1,0.1
29.03.2021 06:44:27.704 GMT-0700,119.76200000000001,119.648,0.1,0.075
29.03.2021 06:44:42.222 GMT-0700,119.68299999999999,119.57700000000001,0.1,0.1
29.03.2021 06:44:42.272 GMT-0700,119.76200000000001,119.57799999999999,0.1,0.1
29.03.2021 06:44:42.918 GMT-0700,119.75200000000001,119.57799999999999,0.075,0.1
29.03.2021 06:44:50.954 GMT-0700,119.76200000000001,119.57799999999999,0.1,0.1
29.03.2021 06:44:51.859 GMT-0700,119.753,119.57700000000001,0.0008,0.1
29.03.2021 06:44:51.959 GMT-0700,119.753,119.37700000000001,0.1,0.1
29.03.2021 06:44:52.022 GMT-0700,119.753,119.51700000000001,0.1,0.0008
29.03.2021 06:44:56.126 GMT-0700,119.742,119.518,0.1,0.1
29.03.2021 06:44:56.565 GMT-0700,119.75200000000001,119.518,0.1,0.1
29.03.2021 06:45:00.203 GMT-0700,119.743,119.51700000000001,0.075,0.1
29.03.2021 06:45:00.303 GMT-0700,119.753,119.51700000000001,0.1,0.1
29.03.2021 06:45:00.894 GMT-0700,119.743,119.51700000000001,0.0008,0.1
29.03.2021 06:45:01.058 GMT-0700,119.75200000000001,119.518,0.1,0.1
29.03.2021 06:45:02.619 GMT-0700,119.632,119.518,0.075,0.1
29.03.2021 06:45:07.081 GMT-0700,119.632,119.338,0.1,0.1
29.03.2021 06:45:08.480 GMT-0700,119.632,119.348,0.1,0.1
29.03.2021 06:45:08.657 GMT-0700,119.62299999999999,119.34700000000001,0.075,0.0008
29.03.2021 06:45:08.707 GMT-0700,119.62200000000001,119.338,0.1,0.1
29.03.2021 06:45:09.193 GMT-0700,119.62299999999999,119.57000000000001,0.0008,0.075
29.03.2021 06:45:09.244 GMT-0700,119.75200000000001,119.57799999999999,0.1,0.1
29.03.2021 06:45:10.568 GMT-0700,119.76200000000001,119.57799999999999,0.1,0.1
29.03.2021 06:45:10.619 GMT-0700,119.75200000000001,119.57799999999999,0.075,0.1
29.03.2021 06:45:20.339 GMT-0700,119.76200000000001,119.57799999999999,0.1,0.1
29.03.2021 06:45:21.412 GMT-0700,119.753,119.57700000000001,0.0008,0.1
29.03.2021 06:45:21.462 GMT-0700,119.75200000000001,119.338,0.1,0.1
29.03.2021 06:45:21.513 GMT-0700,119.75200000000001,119.348,0.1,0.075
29.03.2021 06:45:36.689 GMT-0700,119.75200000000001,119.568,0.1,0.075
29.03.2021 06:45:36.739 GMT-0700,119.75200000000001,119.478,0.1,0.1
29.03.2021 06:45:36.828 GMT-0700,119.75200000000001,119.588,0.1,0.075
29.03.2021 06:45:41.108 GMT-0700,119.712,119.588,0.075,0.1
29.03.2021 06:45:51.926 GMT-0700,119.712,119.478,0.1,0.1
29.03.2021 06:45:52.165 GMT-0700,119.712,119.598,0.1,0.0008
29.03.2021 06:45:53.211 GMT-0700,119.893,119.70700000000001,0.1,0.1
29.03.2021 06:45:53.551 GMT-0700,119.87299999999999,119.70700000000001,0.0008,0.1
29.03.2021 06:46:00.287 GMT-0700,119.81299999999999,119.70700000000001,0.075,0.0008
29.03.2021 06:46:00.338 GMT-0700,119.81299999999999,119.48700000000001,0.1,0.1
29.03.2021 06:46:00.407 GMT-0700,119.81299999999999,119.477,0.1,0.1
29.03.2021 06:46:01.554 GMT-0700,119.73299999999999,119.477,0.0008,0.1
29.03.2021 06:46:04.561 GMT-0700,119.73299999999999,119.59700000000001,0.1,0.0008
29.03.2021 06:46:05.245 GMT-0700,119.723,119.59700000000001,0.0008,0.075
29.03.2021 06:46:05.296 GMT-0700,119.723,119.43700000000001,0.1,0.1
29.03.2021 06:46:05.410 GMT-0700,119.73200000000001,119.43799999999999,0.1,0.1
29.03.2021 06:46:08.361 GMT-0700,119.723,119.447,0.0008,0.0008
29.03.2021 06:46:08.510 GMT-0700,119.73200000000001,119.43799999999999,0.1,0.1
29.03.2021 06:46:08.831 GMT-0700,119.59200000000001,119.43799999999999,0.0008,0.1
29.03.2021 06:46:08.914 GMT-0700,119.73200000000001,119.43799999999999,0.1,0.1
29.03.2021 06:46:10.053 GMT-0700,119.723,119.447,0.0008,0.0008
29.03.2021 06:46:10.103 GMT-0700,119.73200000000001,119.43799999999999,0.1,0.1
29.03.2021 06:46:10.610 GMT-0700,119.823,119.43700000000001,0.1,0.1
29.03.2021 06:46:11.125 GMT-0700,119.823,119.507,0.1,0.0008
29.03.2021 06:46:13.820 GMT-0700,119.67200000000001,119.508,0.075,0.1
29.03.2021 06:46:15.593 GMT-0700,119.573,119.507,0.075,0.0008
29.03.2021 06:46:15.644 GMT-0700,119.663,119.43700000000001,0.1,0.1
29.03.2021 06:46:16.435 GMT-0700,119.65299999999999,119.43700000000001,0.1,0.1
29.03.2021 06:46:16.645 GMT-0700,119.673,119.43700000000001,0.1,0.1
29.03.2021 06:46:18.424 GMT-0700,119.673,119.337,0.1,0.1
29.03.2021 06:46:18.591 GMT-0700,119.662,119.46799999999999,0.1,0.1
29.03.2021 06:46:18.743 GMT-0700,119.673,119.46700000000001,0.1,0.1
29.03.2021 06:46:32.786 GMT-0700,119.67200000000001,119.55799999999999,0.0008,0.075
29.03.2021 06:46:32.836 GMT-0700,119.81299999999999,119.48700000000001,0.1,0.1
29.03.2021 06:46:34.096 GMT-0700,119.823,119.55700000000002,0.1,0.075
29.03.2021 06:46:35.401 GMT-0700,119.81299999999999,119.55700000000002,0.1,0.1
29.03.2021 06:46:35.512 GMT-0700,119.822,119.55799999999999,0.1,0.1
29.03.2021 06:46:39.413 GMT-0700,119.81200000000001,119.55799999999999,0.075,0.1
29.03.2021 06:46:39.513 GMT-0700,119.822,119.55799999999999,0.1,0.1
29.03.2021 06:46:41.576 GMT-0700,119.81200000000001,119.55799999999999,0.1,0.1
29.03.2021 06:46:41.860 GMT-0700,119.823,119.55700000000002,0.1,0.1
29.03.2021 06:46:49.283 GMT-0700,119.823,119.477,0.1,0.1
29.03.2021 06:46:49.978 GMT-0700,119.81299999999999,119.56700000000001,0.075,0.075
29.03.2021 06:46:50.079 GMT-0700,119.823,119.56700000000001,0.1,0.1
29.03.2021 06:46:55.295 GMT-0700,119.81200000000001,119.568,0.1,0.1
29.03.2021 06:46:55.453 GMT-0700,119.822,119.568,0.1,0.1
29.03.2021 06:46:58.409 GMT-0700,119.81200000000001,119.568,0.1,0.1
29.03.2021 06:47:00.287 GMT-0700,119.81200000000001,119.478,0.1,0.1
29.03.2021 06:47:01.164 GMT-0700,119.81299999999999,119.52700000000002,0.1,0.0008
29.03.2021 06:47:10.846 GMT-0700,119.802,119.52799999999999,0.075,0.1
29.03.2021 06:47:10.896 GMT-0700,119.822,119.52799999999999,0.1,0.1
29.03.2021 06:47:13.857 GMT-0700,119.81299999999999,119.52700000000002,0.075,0.1
29.03.2021 06:47:13.958 GMT-0700,119.823,119.52700000000002,0.1,0.1
29.03.2021 06:47:14.426 GMT-0700,119.823,119.60700000000001,0.1,0.0008
29.03.2021 06:47:14.477 GMT-0700,119.823,119.48700000000001,0.1,0.1
29.03.2021 06:47:14.577 GMT-0700,119.823,119.587,0.1,0.1
29.03.2021 06:47:28.299 GMT-0700,119.665,119.588,0.075,0.1
29.03.2021 06:47:28.349 GMT-0700,119.822,119.338,0.1,0.1
29.03.2021 06:47:28.404 GMT-0700,119.823,119.52700000000002,0.1,0.075
29.03.2021 06:47:30.164 GMT-0700,119.81299999999999,119.52700000000002,0.0008,0.1
29.03.2021 06:47:30.379 GMT-0700,119.823,119.52700000000002,0.1,0.1
29.03.2021 06:47:33.938 GMT-0700,119.81200000000001,119.52799999999999,0.1,0.1
29.03.2021 06:47:34.064 GMT-0700,119.823,119.52700000000002,0.1,0.1
29.03.2021 06:47:34.534 GMT-0700,119.81200000000001,119.52799999999999,0.075,0.1
29.03.2021 06:47:34.912 GMT-0700,119.823,119.52700000000002,0.1,0.1
29.03.2021 06:47:35.052 GMT-0700,119.81200000000001,119.538,0.1,0.0008
29.03.2021 06:47:37.990 GMT-0700,119.822,119.538,0.1,0.1
29.03.2021 06:47:38.492 GMT-0700,119.81299999999999,119.537,0.075,0.1
29.03.2021 06:47:38.543 GMT-0700,119.822,119.538,0.1,0.1
29.03.2021 06:47:46.389 GMT-0700,119.81200000000001,119.538,0.075,0.1
29.03.2021 06:47:48.892 GMT-0700,119.803,119.537,0.075,0.1
29.03.2021 06:47:48.992 GMT-0700,119.822,119.538,0.1,0.1
29.03.2021 06:47:49.652 GMT-0700,119.54299999999999,119.337,0.1,0.1
29.03.2021 06:47:49.763 GMT-0700,119.54299999999999,119.447,0.1,0.0008
29.03.2021 06:47:51.278 GMT-0700,119.823,119.46700000000001,0.1,0.1
29.03.2021 06:47:54.405 GMT-0700,119.693,119.46700000000001,0.075,0.1
29.03.2021 06:47:54.652 GMT-0700,119.69200000000001,119.448,0.1,0.1
29.03.2021 06:48:05.102 GMT-0700,119.69200000000001,119.348,0.1,0.1
29.03.2021 06:48:05.387 GMT-0700,119.693,119.46700000000001,0.1,0.075
29.03.2021 06:48:11.989 GMT-0700,119.51200000000001,119.348,0.1,0.1
29.03.2021 06:48:12.039 GMT-0700,119.59200000000001,119.348,0.1,0.1
29.03.2021 06:48:12.443 GMT-0700,119.59299999999999,119.397,0.1,0.075
29.03.2021 06:48:25.094 GMT-0700,119.583,119.397,0.0008,0.1
29.03.2021 06:48:25.145 GMT-0700,119.59200000000001,119.348,0.1,0.1
29.03.2021 06:48:25.620 GMT-0700,119.48200000000001,119.368,0.075,0.075
29.03.2021 06:48:25.670 GMT-0700,119.59299999999999,119.367,0.1,0.1
29.03.2021 06:48:25.760 GMT-0700,119.58200000000001,119.368,0.1,0.1
29.03.2021 06:48:25.860 GMT-0700,119.59200000000001,119.368,0.1,0.1
29.03.2021 06:48:27.552 GMT-0700,119.473,119.367,0.075,0.1
29.03.2021 06:48:31.232 GMT-0700,119.473,119.337,0.1,0.1
29.03.2021 06:48:46.265 GMT-0700,119.473,119.197,0.1,0.1
29.03.2021 06:48:46.416 GMT-0700,119.473,119.34700000000001,0.1,0.0008
29.03.2021 06:49:01.007 GMT-0700,119.463,119.197,0.1,0.1
29.03.2021 06:49:01.147 GMT-0700,119.473,119.21700000000001,0.1,0.1
29.03.2021 06:49:05.060 GMT-0700,119.463,119.21700000000001,0.075,0.1
29.03.2021 06:49:05.517 GMT-0700,119.47200000000001,119.21799999999999,0.1,0.1
29.03.2021 06:49:11.246 GMT-0700,119.37299999999999,119.21700000000001,0.1,0.1
29.03.2021 06:49:11.296 GMT-0700,119.473,119.21700000000001,0.1,0.1
29.03.2021 06:49:11.615 GMT-0700,119.54200000000002,119.21799999999999,0.1,0.1
29.03.2021 06:49:16.761 GMT-0700,119.40200000000002,119.21799999999999,0.0008,0.1
29.03.2021 06:49:19.951 GMT-0700,119.23299999999999,119.21799999999999,0.075,0.0008
29.03.2021 06:49:20.001 GMT-0700,119.40299999999999,119.07700000000001,0.1,0.1
29.03.2021 06:49:20.052 GMT-0700,119.40299999999999,119.06700000000001,0.1,0.1
29.03.2021 06:49:20.102 GMT-0700,119.40299999999999,119.147,0.1,0.1
29.03.2021 06:49:34.134 GMT-0700,119.253,119.147,0.075,0.1
29.03.2021 06:49:34.185 GMT-0700,119.40299999999999,119.147,0.1,0.1
29.03.2021 06:49:35.134 GMT-0700,119.223,119.148,0.075,0.1
29.03.2021 06:49:35.185 GMT-0700,119.223,119.147,0.1,0.1
29.03.2021 06:49:35.700 GMT-0700,119.22200000000001,119.088,0.1,0.1
29.03.2021 06:49:36.092 GMT-0700,119.40299999999999,119.087,0.1,0.1
29.03.2021 06:49:36.142 GMT-0700,119.19200000000001,119.088,0.1,0.1
29.03.2021 06:49:36.193 GMT-0700,119.40200000000002,119.088,0.1,0.1
29.03.2021 06:49:37.754 GMT-0700,119.39200000000001,119.088,0.1,0.1
29.03.2021 06:49:38.267 GMT-0700,119.40200000000002,119.088,0.1,0.1
29.03.2021 06:49:41.612 GMT-0700,119.185,119.087,0.0008,0.1
29.03.2021 06:49:41.663 GMT-0700,119.19200000000001,118.958,0.1,0.1
29.03.2021 06:49:41.779 GMT-0700,119.193,118.947,0.1,0.1
29.03.2021 06:49:41.968 GMT-0700,119.193,119.07700000000001,0.1,0.1
29.03.2021 06:49:42.018 GMT-0700,119.193,119.04700000000001,0.1,0.1
29.03.2021 06:49:42.513 GMT-0700,119.40299999999999,119.04700000000001,0.1,0.1
29.03.2021 06:49:42.706 GMT-0700,119.393,119.04700000000001,0.075,0.1
29.03.2021 06:49:42.757 GMT-0700,119.40299999999999,119.04700000000001,0.1,0.1
29.03.2021 06:49:45.293 GMT-0700,119.393,119.04700000000001,0.0008,0.1
29.03.2021 06:49:45.444 GMT-0700,119.40299999999999,119.04700000000001,0.1,0.1
29.03.2021 06:50:00.051 GMT-0700,119.40200000000002,118.948,0.1,0.1
29.03.2021 06:50:00.800 GMT-0700,119.40200000000002,119.07799999999999,0.1,0.075
29.03.2021 06:50:01.106 GMT-0700,119.302,119.07799999999999,0.075,0.1
29.03.2021 06:50:01.596 GMT-0700,119.29200000000002,119.07799999999999,0.0008,0.1
29.03.2021 06:50:01.756 GMT-0700,119.303,119.07700000000001,0.1,0.1
29.03.2021 06:50:02.891 GMT-0700,119.40299999999999,119.07700000000001,0.1,0.1
29.03.2021 06:50:02.954 GMT-0700,119.302,119.07799999999999,0.1,0.1
29.03.2021 06:50:03.096 GMT-0700,119.40200000000002,119.07799999999999,0.1,0.1
29.03.2021 06:50:03.163 GMT-0700,119.31200000000001,119.07799999999999,0.075,0.1
29.03.2021 06:50:03.437 GMT-0700,119.40299999999999,119.07700000000001,0.1,0.1
29.03.2021 06:50:03.491 GMT-0700,119.23200000000001,119.07799999999999,0.075,0.1
29.03.2021 06:50:06.388 GMT-0700,119.40299999999999,119.07700000000001,0.1,0.1
29.03.2021 06:50:06.447 GMT-0700,119.23299999999999,119.07700000000001,0.0008,0.1
29.03.2021 06:50:16.460 GMT-0700,119.23299999999999,118.947,0.1,0.1
29.03.2021 06:50:17.580 GMT-0700,119.40200000000002,118.948,0.1,0.1
29.03.2021 06:50:17.638 GMT-0700,119.22200000000001,119.098,0.1,0.1
29.03.2021 06:50:19.886 GMT-0700,119.23299999999999,119.208,0.075,0.0008
29.03.2021 06:50:19.937 GMT-0700,119.393,119.21700000000001,0.1,0.1
29.03.2021 06:50:20.203 GMT-0700,119.36200000000001,119.21799999999999,0.075,0.1
29.03.2021 06:50:24.760 GMT-0700,119.40299999999999,119.21700000000001,0.1,0.1
29.03.2021 06:50:24.835 GMT-0700,119.352,119.21799999999999,0.0008,0.1
29.03.2021 06:50:30.970 GMT-0700,119.40299999999999,119.21700000000001,0.1,0.1
29.03.2021 06:50:31.020 GMT-0700,119.353,119.21700000000001,0.1,0.1
29.03.2021 06:50:31.383 GMT-0700,119.353,119.18700000000001,0.1,0.1
29.03.2021 06:50:31.483 GMT-0700,119.29299999999999,119.18700000000001,0.1,0.1
29.03.2021 06:50:35.628 GMT-0700,119.29200000000002,119.13799999999999,0.1,0.1
29.03.2021 06:50:36.583 GMT-0700,119.23200000000001,119.13799999999999,0.075,0.1
29.03.2021 06:50:36.633 GMT-0700,119.29299999999999,119.13700000000001,0.1,0.1
29.03.2021 06:50:38.923 GMT-0700,119.242,119.13799999999999,0.075,0.1
29.03.2021 06:50:38.973 GMT-0700,119.29200000000002,119.13799999999999,0.1,0.1
29.03.2021 06:50:40.000 GMT-0700,119.23299999999999,119.13700000000001,0.075,0.1
29.03.2021 06:50:40.051 GMT-0700,119.333,119.13700000000001,0.1,0.1
29.03.2021 06:50:40.270 GMT-0700,119.29299999999999,119.13700000000001,0.0008,0.1
29.03.2021 06:50:44.653 GMT-0700,119.33200000000001,119.13799999999999,0.1,0.1
29.03.2021 06:50:44.735 GMT-0700,119.28200000000001,119.13799999999999,0.0008,0.1
29.03.2021 06:50:50.580 GMT-0700,119.33200000000001,119.13799999999999,0.1,0.1
29.03.2021 06:50:50.715 GMT-0700,119.33200000000001,119.07799999999999,0.1,0.1
29.03.2021 06:50:50.781 GMT-0700,119.28200000000001,119.07799999999999,0.0008,0.1
29.03.2021 06:51:00.595 GMT-0700,119.223,119.07700000000001,0.0008,0.1
29.03.2021 06:51:00.645 GMT-0700,119.28200000000001,119.07799999999999,0.1,0.1
29.03.2021 06:51:01.636 GMT-0700,119.33200000000001,119.07799999999999,0.1,0.1
29.03.2021 06:51:01.686 GMT-0700,119.26200000000001,119.07799999999999,0.1,0.1
29.03.2021 06:51:02.290 GMT-0700,119.20299999999999,119.07700000000001,0.1,0.1
29.03.2021 06:51:02.340 GMT-0700,119.333,119.07700000000001,0.1,0.1
29.03.2021 06:51:02.509 GMT-0700,119.243,119.07700000000001,0.075,0.1
29.03.2021 06:51:03.633 GMT-0700,119.162,119.07799999999999,0.075,0.1
29.03.2021 06:51:03.684 GMT-0700,119.23299999999999,119.07700000000001,0.1,0.1
29.03.2021 06:51:03.784 GMT-0700,119.33200000000001,119.07799999999999,0.1,0.1
29.03.2021 06:51:03.961 GMT-0700,119.158,119.07799999999999,0.0008,0.1
29.03.2021 06:51:04.170 GMT-0700,119.14200000000001,118.93799999999999,0.1,0.1
29.03.2021 06:51:04.360 GMT-0700,119.212,118.948,0.1,0.075
29.03.2021 06:51:04.411 GMT-0700,119.213,118.93700000000001,0.1,0.1
29.03.2021 06:51:04.761 GMT-0700,119.12299999999999,118.93700000000001,0.1,0.1
29.03.2021 06:51:04.811 GMT-0700,119.213,118.93700000000001,0.1,0.1
29.03.2021 06:51:04.993 GMT-0700,119.15200000000002,118.93799999999999,0.075,0.1
29.03.2021 06:51:06.026 GMT-0700,119.15200000000002,118.948,0.0008,0.075
29.03.2021 06:51:06.077 GMT-0700,119.242,118.948,0.1,0.1
29.03.2021 06:51:06.545 GMT-0700,119.163,118.93700000000001,0.1,0.1
29.03.2021 06:51:07.223 GMT-0700,119.162,118.948,0.1,0.0008
29.03.2021 06:51:07.323 GMT-0700,119.163,118.93700000000001,0.1,0.1
29.03.2021 06:51:08.039 GMT-0700,119.333,119.15700000000001,0.1,0.1
29.03.2021 06:51:08.090 GMT-0700,119.333,119.007,0.1,0.1
29.03.2021 06:51:08.201 GMT-0700,119.242,119.008,0.0008,0.1
29.03.2021 06:51:09.101 GMT-0700,119.242,118.948,0.1,0.1
29.03.2021 06:51:09.972 GMT-0700,119.243,118.93700000000001,0.0008,0.1
29.03.2021 06:51:10.399 GMT-0700,119.26299999999999,118.93700000000001,0.1,0.1
29.03.2021 06:51:10.452 GMT-0700,119.243,118.93700000000001,0.075,0.1
29.03.2021 06:51:11.260 GMT-0700,119.26299999999999,118.93700000000001,0.1,0.1
29.03.2021 06:51:11.311 GMT-0700,119.243,118.93700000000001,0.1,0.1
29.03.2021 06:51:12.894 GMT-0700,119.242,118.948,0.1,0.0008
29.03.2021 06:51:13.134 GMT-0700,119.242,118.93799999999999,0.1,0.1
29.03.2021 06:51:13.393 GMT-0700,119.242,119.02799999999999,0.0008,0.075
29.03.2021 06:51:13.444 GMT-0700,119.243,118.93700000000001,0.1,0.1
29.03.2021 06:51:14.041 GMT-0700,119.26200000000001,118.93799999999999,0.1,0.1
29.03.2021 06:51:14.187 GMT-0700,119.242,118.93799999999999,0.1,0.1
29.03.2021 06:51:14.329 GMT-0700,119.333,118.93700000000001,0.1,0.1
29.03.2021 06:51:14.472 GMT-0700,119.23200000000001,118.93799999999999,0.0008,0.1
29.03.2021 06:51:15.649 GMT-0700,119.26200000000001,118.93799999999999,0.1,0.1
29.03.2021 06:51:15.763 GMT-0700,119.223,118.93700000000001,0.1,0.1
29.03.2021 06:51:16.578 GMT-0700,119.26200000000001,118.93799999999999,0.1,0.1
29.03.2021 06:51:16.685 GMT-0700,119.20200000000001,118.93799999999999,0.075,0.1
29.03.2021 06:51:19.870 GMT-0700,119.20200000000001,118.948,0.1,0.075
29.03.2021 06:51:19.921 GMT-0700,119.20299999999999,118.93700000000001,0.1,0.1
29.03.2021 06:51:20.779 GMT-0700,119.15200000000002,118.93799999999999,0.075,0.1
29.03.2021 06:51:26.499 GMT-0700,119.162,119.088,0.075,0.1
29.03.2021 06:51:26.549 GMT-0700,119.20200000000001,119.088,0.1,0.1
29.03.2021 06:51:26.810 GMT-0700,119.20299999999999,119.07700000000001,0.1,0.1
29.03.2021 06:51:28.958 GMT-0700,119.14200000000001,119.07799999999999,0.1,0.1
29.03.2021 06:51:29.009 GMT-0700,119.20299999999999,118.93700000000001,0.1,0.1
29.03.2021 06:51:29.164 GMT-0700,119.18299999999999,119.05700000000002,0.0008,0.0008
29.03.2021 06:51:30.492 GMT-0700,119.18299999999999,119.117,0.1,0.075
29.03.2021 06:51:30.593 GMT-0700,119.18299999999999,118.93700000000001,0.1,0.1
29.03.2021 06:51:30.656 GMT-0700,119.18200000000002,119.068,0.1,0.075
29.03.2021 06:51:31.996 GMT-0700,119.33200000000001,119.07799999999999,0.1,0.1
29.03.2021 06:51:32.118 GMT-0700,119.33200000000001,119.10799999999999,0.1,0.075
29.03.2021 06:51:34.410 GMT-0700,119.322,119.10799999999999,0.1,0.1
29.03.2021 06:51:34.460 GMT-0700,119.333,119.10700000000001,0.1,0.1
29.03.2021 06:51:38.487 GMT-0700,119.273,119.10700000000001,0.0008,0.1
29.03.2021 06:51:50.119 GMT-0700,119.273,118.93700000000001,0.1,0.1
29.03.2021 06:51:50.327 GMT-0700,119.272,119.118,0.1,0.075
29.03.2021 06:51:59.449 GMT-0700,119.33200000000001,119.118,0.1,0.1
29.03.2021 06:51:59.525 GMT-0700,119.323,119.117,0.0008,0.1
29.03.2021 06:52:00.278 GMT-0700,119.322,119.088,0.1,0.1
29.03.2021 06:52:00.548 GMT-0700,119.23200000000001,119.088,0.075,0.1
29.03.2021 06:52:03.603 GMT-0700,119.23299999999999,119.117,0.1,0.1
29.03.2021 06:52:04.117 GMT-0700,119.322,119.118,0.1,0.1
29.03.2021 06:52:04.211 GMT-0700,119.23200000000001,119.118,0.075,0.1
29.03.2021 06:52:05.658 GMT-0700,119.322,119.118,0.1,0.1
29.03.2021 06:52:05.802 GMT-0700,119.23299999999999,119.117,0.075,0.1
29.03.2021 06:52:08.916 GMT-0700,119.323,119.117,0.1,0.1
29.03.2021 06:52:09.068 GMT-0700,119.23200000000001,119.118,0.075,0.1
29.03.2021 06:52:09.592 GMT-0700,119.323,119.117,0.1,0.1
29.03.2021 06:52:09.642 GMT-0700,119.333,119.147,0.1,0.1
29.03.2021 06:52:09.693 GMT-0700,119.333,119.117,0.1,0.1
29.03.2021 06:52:09.760 GMT-0700,119.23200000000001,119.118,0.075,0.1
29.03.2021 06:52:10.188 GMT-0700,119.23299999999999,119.06700000000001,0.1,0.1
29.03.2021 06:52:11.264 GMT-0700,119.23299999999999,118.99700000000001,0.1,0.1
29.03.2021 06:52:12.479 GMT-0700,119.23299999999999,118.93700000000001,0.1,0.1
29.03.2021 06:52:12.530 GMT-0700,119.23200000000001,119.068,0.0008,0.075
29.03.2021 06:52:12.580 GMT-0700,119.33200000000001,119.068,0.1,0.1
29.03.2021 06:52:12.631 GMT-0700,119.23299999999999,119.06700000000001,0.075,0.1
29.03.2021 06:52:12.929 GMT-0700,119.23299999999999,118.93700000000001,0.1,0.1
29.03.2021 06:52:13.647 GMT-0700,119.23299999999999,118.947,0.1,0.075
29.03.2021 06:52:13.697 GMT-0700,119.23200000000001,118.93799999999999,0.1,0.1
29.03.2021 06:52:16.631 GMT-0700,119.23200000000001,119.118,0.1,0.075
29.03.2021 06:52:26.715 GMT-0700,119.23200000000001,119.178,0.075,0.0008
29.03.2021 06:52:26.766 GMT-0700,119.383,119.12700000000001,0.1,0.1
29.03.2021 06:52:26.817 GMT-0700,119.36200000000001,119.128,0.1,0.1
29.03.2021 06:52:27.617 GMT-0700,119.363,119.13700000000001,0.1,0.1
29.03.2021 06:52:27.731 GMT-0700,119.36200000000001,119.088,0.1,0.1
29.03.2021 06:52:28.960 GMT-0700,119.363,119.275,0.1,0.0008
29.03.2021 06:52:29.010 GMT-0700,119.363,119.087,0.1,0.1
29.03.2021 06:52:37.761 GMT-0700,119.363,119.09700000000001,0.1,0.075
29.03.2021 06:52:38.211 GMT-0700,119.363,119.087,0.1,0.1
29.03.2021 06:52:40.430 GMT-0700,119.36200000000001,119.098,0.1,0.0008
29.03.2021 06:52:40.481 GMT-0700,119.36200000000001,119.088,0.1,0.1
29.03.2021 06:52:42.115 GMT-0700,119.36200000000001,119.29200000000002,0.075,0.0008
29.03.2021 06:52:42.166 GMT-0700,119.39200000000001,119.32700000000001,0.1,0.0008
29.03.2021 06:52:42.217 GMT-0700,119.393,119.197,0.1,0.1
29.03.2021 06:52:42.365 GMT-0700,119.363,119.197,0.1,0.1
29.03.2021 06:52:45.204 GMT-0700,119.44200000000001,119.27799999999999,0.1,0.1
29.03.2021 06:52:45.254 GMT-0700,119.44200000000001,119.198,0.1,0.1
29.03.2021 06:52:45.305 GMT-0700,119.413,119.197,0.1,0.1
29.03.2021 06:52:48.856 GMT-0700,119.412,119.208,0.1,0.1
29.03.2021 06:52:48.993 GMT-0700,119.412,119.198,0.1,0.1
29.03.2021 06:52:49.044 GMT-0700,119.44200000000001,119.198,0.1,0.1
29.03.2021 06:52:50.510 GMT-0700,119.353,119.197,0.0008,0.1
29.03.2021 06:52:50.560 GMT-0700,119.44200000000001,119.098,0.1,0.1
29.03.2021 06:52:51.499 GMT-0700,119.413,119.287,0.0008,0.0008
29.03.2021 06:52:51.549 GMT-0700,119.40200000000002,119.098,0.1,0.1
29.03.2021 06:52:51.820 GMT-0700,119.413,119.09700000000001,0.1,0.1
29.03.2021 06:52:51.878 GMT-0700,119.393,119.09700000000001,0.075,0.1
29.03.2021 06:52:52.570 GMT-0700,119.393,119.197,0.1,0.075
29.03.2021 06:52:53.882 GMT-0700,119.39200000000001,119.208,0.1,0.075
29.03.2021 06:52:53.982 GMT-0700,119.39200000000001,119.198,0.1,0.1
29.03.2021 06:52:55.807 GMT-0700,119.393,119.09700000000001,0.1,0.1
29.03.2021 06:52:58.814 GMT-0700,119.39200000000001,119.10799999999999,0.1,0.075
29.03.2021 06:52:58.915 GMT-0700,119.393,119.087,0.1,0.1
29.03.2021 06:53:02.616 GMT-0700,119.393,119.287,0.1,0.0008
29.03.2021 06:53:02.666 GMT-0700,119.39200000000001,119.088,0.1,0.1
29.03.2021 06:53:05.124 GMT-0700,119.39200000000001,119.098,0.1,0.075
29.03.2021 06:53:05.228 GMT-0700,119.393,119.087,0.1,0.1
29.03.2021 06:53:05.781 GMT-0700,119.393,119.09700000000001,0.1,0.0008
29.03.2021 06:53:06.155 GMT-0700,119.393,119.087,0.1,0.1
29.03.2021 06:53:08.853 GMT-0700,119.383,119.09700000000001,0.1,0.1
29.03.2021 06:53:08.903 GMT-0700,119.39200000000001,119.088,0.1,0.1
29.03.2021 06:53:09.003 GMT-0700,119.413,119.087,0.1,0.1
29.03.2021 06:53:10.030 GMT-0700,119.412,119.128,0.1,0.0008
29.03.2021 06:53:11.010 GMT-0700,119.413,119.087,0.1,0.1
29.03.2021 06:53:19.669 GMT-0700,119.40299999999999,119.087,0.0008,0.1
29.03.2021 06:53:19.863 GMT-0700,119.40200000000002,119.098,0.1,0.0008
29.03.2021 06:53:19.914 GMT-0700,119.40299999999999,119.087,0.1,0.1
29.03.2021 06:53:21.527 GMT-0700,119.412,119.088,0.1,0.1
29.03.2021 06:53:21.806 GMT-0700,119.393,119.087,0.075,0.1
29.03.2021 06:53:24.204 GMT-0700,119.272,119.098,0.075,0.075
29.03.2021 06:53:24.254 GMT-0700,119.39200000000001,119.088,0.1,0.1
29.03.2021 06:53:24.305 GMT-0700,119.412,119.088,0.1,0.1
29.03.2021 06:53:24.448 GMT-0700,119.333,119.087,0.075,0.1
29.03.2021 06:53:26.904 GMT-0700,119.413,119.087,0.1,0.1
29.03.2021 06:53:26.990 GMT-0700,119.31200000000001,119.088,0.075,0.1
29.03.2021 06:53:28.728 GMT-0700,119.31299999999999,119.09700000000001,0.1,0.0008
29.03.2021 06:53:28.828 GMT-0700,119.31200000000001,119.088,0.1,0.1
29.03.2021 06:53:33.701 GMT-0700,119.31200000000001,119.098,0.1,0.0008
29.03.2021 06:53:33.801 GMT-0700,119.31200000000001,119.088,0.1,0.1
29.03.2021 06:53:35.234 GMT-0700,119.31200000000001,119.098,0.1,0.075
29.03.2021 06:53:35.432 GMT-0700,119.31299999999999,119.087,0.1,0.1
29.03.2021 06:53:39.061 GMT-0700,119.53200000000001,119.318,0.1,0.1
29.03.2021 06:53:39.111 GMT-0700,119.54299999999999,119.31700000000001,0.1,0.1
29.03.2021 06:53:39.161 GMT-0700,119.393,119.31700000000001,0.1,0.1
29.03.2021 06:53:40.102 GMT-0700,119.393,119.30700000000002,0.1,0.1
29.03.2021 06:53:40.309 GMT-0700,119.393,119.21700000000001,0.1,0.1
29.03.2021 06:53:43.883 GMT-0700,119.393,119.197,0.1,0.1
29.03.2021 06:53:44.123 GMT-0700,119.42200000000001,119.198,0.1,0.1
29.03.2021 06:53:45.404 GMT-0700,119.42200000000001,119.208,0.1,0.075
29.03.2021 06:53:45.504 GMT-0700,119.423,119.197,0.1,0.1
29.03.2021 06:53:50.622 GMT-0700,119.423,119.35000000000001,0.1,0.075
29.03.2021 06:53:50.672 GMT-0700,119.552,119.348,0.1,0.1
29.03.2021 06:53:50.795 GMT-0700,119.553,119.37700000000001,0.1,0.1
29.03.2021 06:53:50.846 GMT-0700,119.553,119.34700000000001,0.1,0.1
29.03.2021 06:53:51.694 GMT-0700,119.552,119.30799999999999,0.1,0.1
29.03.2021 06:53:51.971 GMT-0700,119.552,119.398,0.1,0.075
29.03.2021 06:53:57.063 GMT-0700,119.553,119.30700000000002,0.1,0.1
29.03.2021 06:53:57.153 GMT-0700,119.553,119.40700000000001,0.1,0.0008
29.03.2021 06:54:01.672 GMT-0700,119.473,119.40700000000001,0.0008,0.075
29.03.2021 06:54:01.722 GMT-0700,119.54299999999999,119.20700000000001,0.0008,0.0008
29.03.2021 06:54:01.773 GMT-0700,119.553,119.197,0.1,0.1
29.03.2021 06:54:13.426 GMT-0700,119.553,119.29700000000001,0.1,0.075
29.03.2021 06:54:13.477 GMT-0700,119.553,119.197,0.1,0.1
29.03.2021 06:54:15.522 GMT-0700,119.54200000000002,119.208,0.1,0.1
29.03.2021 06:54:15.905 GMT-0700,119.552,119.198,0.1,0.1
29.03.2021 06:54:17.162 GMT-0700,119.43299999999999,119.197,0.0008,0.1
29.03.2021 06:54:20.038 GMT-0700,119.43200000000002,119.098,0.1,0.1
29.03.2021 06:54:20.167 GMT-0700,119.43299999999999,119.087,0.1,0.1
29.03.2021 06:54:25.310 GMT-0700,119.423,119.09700000000001,0.075,0.075
29.03.2021 06:54:25.361 GMT-0700,119.43200000000002,119.088,0.1,0.1
29.03.2021 06:54:27.617 GMT-0700,119.42200000000001,119.098,0.075,0.075
29.03.2021 06:54:27.876 GMT-0700,119.43299999999999,119.087,0.1,0.1
29.03.2021 06:54:36.321 GMT-0700,119.423,119.09700000000001,0.0008,0.0008
29.03.2021 06:54:36.554 GMT-0700,119.43299999999999,119.087,0.1,0.1
29.03.2021 06:54:40.582 GMT-0700,119.42200000000001,119.098,0.075,0.075
29.03.2021 06:54:40.632 GMT-0700,119.43299999999999,119.087,0.1,0.1
29.03.2021 06:54:44.542 GMT-0700,119.423,119.087,0.0008,0.1
29.03.2021 06:54:44.652 GMT-0700,119.43200000000002,119.088,0.1,0.1
29.03.2021 06:55:00.478 GMT-0700,119.423,119.087,0.075,0.1
29.03.2021 06:55:03.755 GMT-0700,119.412,119.098,0.075,0.075
29.03.2021 06:55:04.069 GMT-0700,119.43200000000002,119.088,0.1,0.1
29.03.2021 06:55:05.900 GMT-0700,119.31200000000001,119.088,0.0008,0.1
29.03.2021 06:55:07.011 GMT-0700,119.31299999999999,119.09700000000001,0.1,0.0008
29.03.2021 06:55:07.209 GMT-0700,119.31200000000001,119.088,0.1,0.1
29.03.2021 06:55:09.669 GMT-0700,119.23299999999999,119.09700000000001,0.0008,0.0008
29.03.2021 06:55:09.719 GMT-0700,119.31200000000001,119.068,0.1,0.1
29.03.2021 06:55:13.427 GMT-0700,119.23200000000001,119.048,0.1,0.1
29.03.2021 06:55:13.738 GMT-0700,119.23200000000001,119.088,0.1,0.075
29.03.2021 06:55:25.360 GMT-0700,119.143,119.087,0.075,0.0008
29.03.2021 06:55:25.411 GMT-0700,119.15299999999999,119.02700000000002,0.1,0.1
29.03.2021 06:55:25.989 GMT-0700,119.15200000000002,118.93799999999999,0.1,0.1
29.03.2021 06:55:26.408 GMT-0700,119.19200000000001,118.93799999999999,0.1,0.1
29.03.2021 06:55:26.485 GMT-0700,119.193,118.947,0.1,0.0008
29.03.2021 06:55:26.586 GMT-0700,119.19200000000001,118.93799999999999,0.1,0.1
29.03.2021 06:55:28.768 GMT-0700,119.193,118.947,0.1,0.1
29.03.2021 06:55:29.266 GMT-0700,119.193,118.93700000000001,0.1,0.1
29.03.2021 06:55:30.780 GMT-0700,119.23200000000001,118.93799999999999,0.1,0.1
29.03.2021 06:55:31.442 GMT-0700,119.23200000000001,118.948,0.1,0.0008
29.03.2021 06:55:31.612 GMT-0700,119.23299999999999,118.93700000000001,0.1,0.1
29.03.2021 06:55:32.492 GMT-0700,119.23200000000001,118.948,0.1,0.0008
29.03.2021 06:55:33.424 GMT-0700,119.23200000000001,118.958,0.1,0.075
29.03.2021 06:55:35.044 GMT-0700,119.23299999999999,118.96700000000001,0.1,0.1
29.03.2021 06:55:35.242 GMT-0700,119.23299999999999,118.947,0.1,0.1
29.03.2021 06:55:38.066 GMT-0700,119.23200000000001,119.05799999999999,0.1,0.075
29.03.2021 06:55:38.117 GMT-0700,119.25200000000001,119.05799999999999,0.1,0.1
29.03.2021 06:55:47.338 GMT-0700,119.253,119.06700000000001,0.1,0.075
29.03.2021 06:55:47.498 GMT-0700,119.253,119.05700000000002,0.1,0.1
29.03.2021 06:55:54.172 GMT-0700,119.25200000000001,119.068,0.1,0.075
29.03.2021 06:55:54.466 GMT-0700,119.253,119.05700000000002,0.1,0.1
29.03.2021 06:55:56.754 GMT-0700,119.253,119.06700000000001,0.1,0.0008
29.03.2021 06:55:56.854 GMT-0700,119.253,119.05700000000002,0.1,0.1
29.03.2021 06:55:57.515 GMT-0700,119.253,119.06700000000001,0.1,0.1
29.03.2021 06:55:57.565 GMT-0700,119.253,119.05700000000002,0.1,0.1
29.03.2021 06:56:03.284 GMT-0700,119.212,119.068,0.0008,0.0008
29.03.2021 06:56:03.342 GMT-0700,119.253,118.99700000000001,0.1,0.1
29.03.2021 06:56:03.620 GMT-0700,119.25200000000001,119.05799999999999,0.1,0.075
29.03.2021 06:56:34.788 GMT-0700,119.253,119.06700000000001,0.1,0.1
29.03.2021 06:56:34.958 GMT-0700,119.25200000000001,119.05799999999999,0.1,0.1
29.03.2021 06:56:35.708 GMT-0700,119.25200000000001,119.068,0.1,0.0008
29.03.2021 06:56:35.810 GMT-0700,119.25200000000001,119.05799999999999,0.1,0.1
29.03.2021 06:56:38.392 GMT-0700,119.242,118.99799999999999,0.1,0.1
29.03.2021 06:56:38.562 GMT-0700,119.253,118.99700000000001,0.1,0.1
29.03.2021 06:56:39.546 GMT-0700,119.253,118.93700000000001,0.1,0.1
29.03.2021 06:56:39.596 GMT-0700,119.15200000000002,118.93799999999999,0.1,0.1
29.03.2021 06:56:40.114 GMT-0700,119.072,118.93799999999999,0.075,0.1
29.03.2021 06:56:40.164 GMT-0700,119.15200000000002,118.93799999999999,0.1,0.1
29.03.2021 06:56:41.558 GMT-0700,119.023,118.93700000000001,0.075,0.0008
29.03.2021 06:56:41.609 GMT-0700,119.14200000000001,118.908,0.1,0.1
29.03.2021 06:56:42.956 GMT-0700,119.23299999999999,118.90700000000001,0.0008,0.1
29.03.2021 06:56:43.191 GMT-0700,119.213,118.90700000000001,0.075,0.1
29.03.2021 06:56:44.187 GMT-0700,119.01200000000001,118.908,0.0008,0.075
29.03.2021 06:56:44.237 GMT-0700,119.212,118.85799999999999,0.1,0.1
29.03.2021 06:56:46.558 GMT-0700,119.12299999999999,118.85700000000001,0.0008,0.1
29.03.2021 06:56:50.324 GMT-0700,119.12299999999999,118.867,0.1,0.0008
29.03.2021 06:56:50.526 GMT-0700,119.12200000000001,118.85799999999999,0.1,0.1
29.03.2021 06:56:51.665 GMT-0700,118.992,118.85799999999999,0.075,0.0008
29.03.2021 06:56:51.715 GMT-0700,119.083,118.74700000000001,0.1,0.1
29.03.2021 06:56:51.928 GMT-0700,119.083,118.82700000000001,0.1,0.075
29.03.2021 06:57:00.088 GMT-0700,118.962,118.74799999999999,0.1,0.1
29.03.2021 06:57:00.138 GMT-0700,119.083,118.757,0.1,0.1
29.03.2021 06:57:00.819 GMT-0700,119.083,118.74700000000001,0.1,0.1
29.03.2021 06:57:01.304 GMT-0700,119.04200000000002,118.74799999999999,0.1,0.1
29.03.2021 06:57:01.450 GMT-0700,119.03200000000001,118.74799999999999,0.1,0.1
29.03.2021 06:57:01.738 GMT-0700,118.93299999999999,118.74700000000001,0.075,0.0008
29.03.2021 06:57:01.788 GMT-0700,118.98299999999999,118.73700000000001,0.1,0.1
29.03.2021 06:57:03.108 GMT-0700,119.04299999999999,118.73700000000001,0.1,0.1
29.03.2021 06:57:03.215 GMT-0700,118.90200000000002,118.738,0.0008,0.1
29.03.2021 06:57:04.043 GMT-0700,118.802,118.648,0.1,0.1
29.03.2021 06:57:04.094 GMT-0700,118.853,118.647,0.1,0.1
29.03.2021 06:57:05.101 GMT-0700,118.90200000000002,118.648,0.1,0.1
29.03.2021 06:57:05.335 GMT-0700,119.04299999999999,118.647,0.1,0.1
29.03.2021 06:57:05.385 GMT-0700,118.803,118.647,0.1,0.1
29.03.2021 06:57:05.435 GMT-0700,118.84299999999999,118.647,0.1,0.1
29.03.2021 06:57:05.690 GMT-0700,118.822,118.648,0.1,0.1
29.03.2021 06:57:06.964 GMT-0700,118.823,118.65700000000001,0.1,0.0008
29.03.2021 06:57:07.015 GMT-0700,118.98200000000001,118.758,0.1,0.1
29.03.2021 06:57:11.697 GMT-0700,118.973,118.727,0.075,0.075
29.03.2021 06:57:11.798 GMT-0700,118.98200000000001,118.71799999999999,0.1,0.1
29.03.2021 06:57:19.275 GMT-0700,118.98299999999999,118.727,0.075,0.0008
29.03.2021 06:57:19.325 GMT-0700,119.06200000000001,118.728,0.1,0.1
29.03.2021 06:57:19.465 GMT-0700,119.08200000000001,118.71799999999999,0.1,0.1
29.03.2021 06:57:21.680 GMT-0700,119.072,118.728,0.075,0.075
29.03.2021 06:57:21.781 GMT-0700,119.08200000000001,118.71799999999999,0.1,0.1
29.03.2021 06:57:23.339 GMT-0700,118.882,118.71799999999999,0.075,0.0008
29.03.2021 06:57:23.389 GMT-0700,118.98299999999999,118.647,0.1,0.1
29.03.2021 06:57:25.169 GMT-0700,118.98200000000001,118.728,0.1,0.1
29.03.2021 06:57:26.137 GMT-0700,118.98200000000001,118.658,0.1,0.1
29.03.2021 06:57:26.194 GMT-0700,118.98299999999999,118.727,0.1,0.1
29.03.2021 06:57:29.056 GMT-0700,118.98299999999999,118.73700000000001,0.1,0.075
29.03.2021 06:57:29.408 GMT-0700,118.98299999999999,118.727,0.1,0.1
29.03.2021 06:57:38.012 GMT-0700,118.98299999999999,118.73700000000001,0.1,0.0008
29.03.2021 06:57:38.063 GMT-0700,118.98200000000001,118.728,0.1,0.1
29.03.2021 06:57:39.631 GMT-0700,119.083,118.727,0.1,0.1
29.03.2021 06:57:41.747 GMT-0700,118.853,118.727,0.075,0.0008
29.03.2021 06:57:41.798 GMT-0700,118.853,118.65700000000001,0.0008,0.1
29.03.2021 06:57:44.707 GMT-0700,118.97200000000001,118.648,0.075,0.1
29.03.2021 06:57:47.705 GMT-0700,118.973,118.65700000000001,0.0008,0.0008
29.03.2021 06:57:47.814 GMT-0700,118.98299999999999,118.647,0.1,0.1
29.03.2021 06:57:49.282 GMT-0700,118.973,118.647,0.075,0.1
29.03.2021 06:57:49.663 GMT-0700,118.98299999999999,118.647,0.1,0.1
29.03.2021 06:57:50.330 GMT-0700,118.97200000000001,118.648,0.075,0.1
29.03.2021 06:57:50.588 GMT-0700,118.98200000000001,118.648,0.1,0.1
29.03.2021 06:57:53.566 GMT-0700,118.973,118.647,0.075,0.0008
29.03.2021 06:57:53.616 GMT-0700,118.97200000000001,118.588,0.1,0.1
29.03.2021 06:57:53.717 GMT-0700,118.98299999999999,118.587,0.1,0.1
29.03.2021 06:57:54.598 GMT-0700,118.98200000000001,118.63799999999999,0.1,0.075
29.03.2021 06:58:06.730 GMT-0700,118.98200000000001,118.68799999999999,0.1,0.075
29.03.2021 06:58:08.006 GMT-0700,118.97200000000001,118.68799999999999,0.075,0.1
29.03.2021 06:58:08.378 GMT-0700,118.97200000000001,118.77799999999999,0.0008,0.075
29.03.2021 06:58:08.428 GMT-0700,119.083,118.727,0.1,0.1
29.03.2021 06:58:08.624 GMT-0700,119.023,118.71700000000001,0.0008,0.1
29.03.2021 06:58:11.262 GMT-0700,118.98200000000001,118.71799999999999,0.075,0.1
29.03.2021 06:58:14.308 GMT-0700,119.022,118.71799999999999,0.1,0.1
29.03.2021 06:58:19.840 GMT-0700,119.023,118.82700000000001,0.1,0.075
29.03.2021 06:58:20.028 GMT-0700,119.022,118.71799999999999,0.1,0.1
29.03.2021 06:58:20.779 GMT-0700,118.98200000000001,118.71799999999999,0.0008,0.1
29.03.2021 06:58:24.520 GMT-0700,119.023,118.71700000000001,0.1,0.1
29.03.2021 06:58:24.727 GMT-0700,119.022,118.728,0.1,0.1
29.03.2021 06:58:24.892 GMT-0700,119.023,118.71700000000001,0.1,0.1
29.03.2021 06:58:26.728 GMT-0700,118.98200000000001,118.728,0.075,0.075
29.03.2021 06:58:26.779 GMT-0700,118.98299999999999,118.71700000000001,0.1,0.1
29.03.2021 06:58:40.009 GMT-0700,119.022,118.71799999999999,0.1,0.1
29.03.2021 06:58:43.278 GMT-0700,119.022,118.728,0.1,0.075
29.03.2021 06:58:43.653 GMT-0700,119.023,118.71700000000001,0.1,0.1
29.03.2021 06:58:44.481 GMT-0700,118.993,118.71700000000001,0.075,0.1
29.03.2021 06:58:51.749 GMT-0700,119.023,118.71700000000001,0.1,0.1
29.03.2021 06:58:55.822 GMT-0700,119.023,118.77700000000002,0.1,0.075
29.03.2021 06:58:59.242 GMT-0700,119.022,118.85799999999999,0.1,0.075
29.03.2021 06:58:59.292 GMT-0700,119.08200000000001,118.848,0.1,0.1
29.03.2021 06:59:05.106 GMT-0700,119.083,118.947,0.0008,0.075
29.03.2021 06:59:05.156 GMT-0700,119.25200000000001,118.878,0.1,0.1
29.03.2021 06:59:05.206 GMT-0700,119.253,118.947,0.1,0.1
29.03.2021 06:59:08.640 GMT-0700,119.18200000000002,118.978,0.1,0.1
29.03.2021 06:59:08.691 GMT-0700,119.18200000000002,118.948,0.1,0.1
29.03.2021 06:59:21.928 GMT-0700,119.18200000000002,118.96799999999999,0.1,0.1
29.03.2021 06:59:23.549 GMT-0700,119.18299999999999,118.99700000000001,0.1,0.1
29.03.2021 06:59:26.352 GMT-0700,119.072,118.99799999999999,0.075,0.0008
29.03.2021 06:59:26.402 GMT-0700,119.17200000000001,118.85799999999999,0.1,0.1
29.03.2021 06:59:26.478 GMT-0700,119.173,118.84700000000001,0.1,0.1
29.03.2021 06:59:27.951 GMT-0700,119.18299999999999,118.84700000000001,0.1,0.1
29.03.2021 06:59:28.256 GMT-0700,119.18299999999999,118.85700000000001,0.1,0.0008
29.03.2021 06:59:28.393 GMT-0700,119.003,118.85700000000001,0.0008,0.1
29.03.2021 06:59:28.443 GMT-0700,119.18200000000002,118.848,0.1,0.1
29.03.2021 06:59:30.386 GMT-0700,119.18299999999999,118.71700000000001,0.1,0.1
29.03.2021 06:59:33.189 GMT-0700,119.173,118.727,0.1,0.1
29.03.2021 06:59:33.605 GMT-0700,119.18299999999999,118.71700000000001,0.1,0.1
29.03.2021 06:59:37.422 GMT-0700,119.023,118.71700000000001,0.0008,0.1
29.03.2021 06:59:49.126 GMT-0700,118.863,118.71700000000001,0.075,0.0008
29.03.2021 06:59:49.176 GMT-0700,118.84299999999999,118.63700000000001,0.1,0.1
29.03.2021 06:59:50.675 GMT-0700,118.913,118.63700000000001,0.1,0.1
29.03.2021 06:59:51.947 GMT-0700,118.89200000000001,118.63799999999999,0.075,0.1
29.03.2021 06:59:52.179 GMT-0700,118.883,118.63700000000001,0.1,0.1
29.03.2021 06:59:58.013 GMT-0700,118.87200000000001,118.63799999999999,0.0008,0.1
29.03.2021 06:59:58.500 GMT-0700,118.69200000000001,118.448,0.1,0.1
29.03.2021 06:59:58.645 GMT-0700,118.87200000000001,118.458,0.1,0.0008
29.03.2021 06:59:59.707 GMT-0700,118.772,118.448,0.075,0.1
29.03.2021 07:00:00.062 GMT-0700,118.87200000000001,118.548,0.1,0.1
29.03.2021 07:00:01.219 GMT-0700,118.86200000000001,118.548,0.0008,0.1
29.03.2021 07:00:01.418 GMT-0700,118.87299999999999,118.54700000000001,0.1,0.1
29.03.2021 07:00:01.810 GMT-0700,118.68299999999999,118.54700000000001,0.075,0.1
29.03.2021 07:00:01.861 GMT-0700,118.602,118.318,0.1,0.1
29.03.2021 07:00:02.221 GMT-0700,118.87299999999999,118.45700000000001,0.1,0.075
29.03.2021 07:00:04.007 GMT-0700,118.86200000000001,118.458,0.1,0.1
29.03.2021 07:00:04.110 GMT-0700,118.87200000000001,118.458,0.1,0.1
29.03.2021 07:00:04.550 GMT-0700,118.87299999999999,118.57700000000001,0.1,0.0008
29.03.2021 07:00:04.600 GMT-0700,118.87200000000001,118.46799999999999,0.1,0.1
29.03.2021 07:00:07.906 GMT-0700,118.86200000000001,118.478,0.0008,0.0008
29.03.2021 07:00:08.207 GMT-0700,118.87299999999999,118.45700000000001,0.1,0.1
29.03.2021 07:00:12.277 GMT-0700,118.87200000000001,118.538,0.1,0.075
29.03.2021 07:00:14.015 GMT-0700,118.863,118.54700000000001,0.0008,0.0008
29.03.2021 07:00:14.065 GMT-0700,118.87299999999999,118.45700000000001,0.1,0.1
29.03.2021 07:00:14.248 GMT-0700,118.87200000000001,118.63799999999999,0.1,0.075
29.03.2021 07:00:15.154 GMT-0700,118.86200000000001,118.63799999999999,0.0008,0.1
29.03.2021 07:00:15.205 GMT-0700,118.863,118.46700000000001,0.1,0.1
29.03.2021 07:00:15.306 GMT-0700,118.72200000000001,118.458,0.1,0.1
29.03.2021 07:00:15.568 GMT-0700,118.67200000000001,118.458,0.1,0.1
29.03.2021 07:00:15.619 GMT-0700,118.693,118.45700000000001,0.1,0.1
29.03.2021 07:00:16.574 GMT-0700,118.59200000000001,118.318,0.1,0.1
29.03.2021 07:00:16.681 GMT-0700,118.67200000000001,118.458,0.1,0.075
29.03.2021 07:00:16.782 GMT-0700,118.68200000000002,118.518,0.1,0.1
29.03.2021 07:00:16.833 GMT-0700,118.68200000000002,118.458,0.1,0.1
29.03.2021 07:00:16.930 GMT-0700,118.68299999999999,118.48700000000001,0.1,0.075
29.03.2021 07:00:17.632 GMT-0700,118.73299999999999,118.48700000000001,0.1,0.1
29.03.2021 07:00:18.270 GMT-0700,118.87299999999999,118.48700000000001,0.1,0.1
29.03.2021 07:00:19.115 GMT-0700,118.87299999999999,118.46700000000001,0.1,0.1
29.03.2021 07:00:20.052 GMT-0700,118.87200000000001,118.548,0.1,0.0008
29.03.2021 07:00:20.737 GMT-0700,118.87299999999999,118.46700000000001,0.1,0.1
29.03.2021 07:00:21.261 GMT-0700,118.87200000000001,118.618,0.1,0.0008
29.03.2021 07:00:22.667 GMT-0700,118.86200000000001,118.618,0.0008,0.1
29.03.2021 07:00:23.103 GMT-0700,118.87299999999999,118.617,0.1,0.1
29.03.2021 07:00:25.087 GMT-0700,118.86200000000001,118.618,0.1,0.1
29.03.2021 07:00:25.137 GMT-0700,118.87200000000001,118.618,0.1,0.1
29.03.2021 07:00:25.755 GMT-0700,118.863,118.617,0.0008,0.1
29.03.2021 07:00:25.805 GMT-0700,118.87299999999999,118.617,0.1,0.1
29.03.2021 07:00:36.338 GMT-0700,118.87299999999999,118.46700000000001,0.1,0.1
29.03.2021 07:00:36.408 GMT-0700,118.87200000000001,118.63799999999999,0.1,0.075
29.03.2021 07:00:36.553 GMT-0700,118.863,118.63700000000001,0.0008,0.1
29.03.2021 07:00:36.603 GMT-0700,118.87299999999999,118.63700000000001,0.1,0.1
29.03.2021 07:00:38.105 GMT-0700,118.87299999999999,118.70700000000001,0.0008,0.075
29.03.2021 07:00:38.156 GMT-0700,119.022,118.618,0.1,0.1
29.03.2021 07:00:38.993 GMT-0700,119.023,118.727,0.1,0.1
29.03.2021 07:00:39.112 GMT-0700,119.01200000000001,118.728,0.1,0.1
29.03.2021 07:00:39.302 GMT-0700,119.022,118.728,0.1,0.1
29.03.2021 07:00:41.101 GMT-0700,118.882,118.728,0.075,0.0008
29.03.2021 07:00:41.151 GMT-0700,118.79299999999999,118.46700000000001,0.1,0.1
29.03.2021 07:00:41.482 GMT-0700,118.79200000000002,118.658,0.1,0.0008
29.03.2021 07:00:44.155 GMT-0700,118.882,118.658,0.1,0.1
29.03.2021 07:00:48.721 GMT-0700,118.87299999999999,118.65700000000001,0.0008,0.1
29.03.2021 07:00:48.799 GMT-0700,118.882,118.658,0.1,0.1
29.03.2021 07:00:51.517 GMT-0700,118.89200000000001,118.60799999999999,0.1,0.1
29.03.2021 07:00:51.637 GMT-0700,118.893,118.70700000000001,0.1,0.0008
29.03.2021 07:01:06.731 GMT-0700,118.89200000000001,118.60799999999999,0.1,0.1
29.03.2021 07:01:06.807 GMT-0700,118.893,118.71700000000001,0.1,0.0008
29.03.2021 07:01:08.128 GMT-0700,118.863,118.71700000000001,0.075,0.1
29.03.2021 07:01:21.891 GMT-0700,118.863,118.60700000000001,0.1,0.1
29.03.2021 07:01:22.022 GMT-0700,118.86200000000001,118.728,0.1,0.075
29.03.2021 07:01:23.392 GMT-0700,118.863,118.73700000000001,0.1,0.075
29.03.2021 07:01:32.151 GMT-0700,118.86200000000001,118.798,0.1,0.0008
29.03.2021 07:01:32.202 GMT-0700,119.01299999999999,118.74700000000001,0.1,0.1
29.03.2021 07:01:32.305 GMT-0700,119.01299999999999,118.82700000000001,0.075,0.0008
29.03.2021 07:01:32.355 GMT-0700,119.023,118.82700000000001,0.1,0.1
29.03.2021 07:01:33.543 GMT-0700,119.01200000000001,118.82799999999999,0.1,0.1
29.03.2021 07:01:33.767 GMT-0700,119.023,118.82700000000001,0.1,0.1
29.03.2021 07:01:33.905 GMT-0700,118.86200000000001,118.798,0.1,0.1
29.03.2021 07:01:33.955 GMT-0700,119.022,118.82799999999999,0.1,0.1
29.03.2021 07:01:35.039 GMT-0700,119.01200000000001,118.82799999999999,0.0008,0.075
29.03.2021 07:01:35.089 GMT-0700,119.022,118.77799999999999,0.1,0.1
29.03.2021 07:01:42.085 GMT-0700,119.01200000000001,118.77799999999999,0.1,0.1
29.03.2021 07:01:42.252 GMT-0700,119.01299999999999,118.82700000000001,0.075,0.0008
29.03.2021 07:01:42.302 GMT-0700,119.023,118.74700000000001,0.1,0.1
29.03.2021 07:01:43.127 GMT-0700,119.023,118.84700000000001,0.1,0.0008
29.03.2021 07:01:43.315 GMT-0700,119.01200000000001,118.848,0.075,0.1
29.03.2021 07:01:43.659 GMT-0700,119.022,118.848,0.1,0.1
29.03.2021 07:01:44.837 GMT-0700,118.90299999999999,118.84700000000001,0.075,0.0008
29.03.2021 07:01:44.887 GMT-0700,119.023,118.80700000000002,0.1,0.1
29.03.2021 07:01:44.983 GMT-0700,119.023,118.82700000000001,0.1,0.1
29.03.2021 07:01:52.566 GMT-0700,119.01299999999999,118.82700000000001,0.075,0.1
29.03.2021 07:01:56.870 GMT-0700,118.89200000000001,118.82799999999999,0.075,0.0008
29.03.2021 07:01:56.920 GMT-0700,118.84200000000001,118.60799999999999,0.1,0.1
29.03.2021 07:01:57.016 GMT-0700,118.84200000000001,118.678,0.1,0.075
29.03.2021 07:01:57.367 GMT-0700,118.882,118.678,0.1,0.1
29.03.2021 07:01:59.925 GMT-0700,119.01200000000001,118.678,0.1,0.1
29.03.2021 07:02:01.764 GMT-0700,119.01299999999999,118.70700000000001,0.1,0.0008
29.03.2021 07:02:04.722 GMT-0700,119.003,118.787,0.0008,0.0008
29.03.2021 07:02:04.772 GMT-0700,119.003,118.617,0.1,0.1
29.03.2021 07:02:04.860 GMT-0700,119.00200000000001,118.80799999999999,0.1,0.075
29.03.2021 07:02:05.207 GMT-0700,119.022,118.80799999999999,0.1,0.1
29.03.2021 07:02:06.219 GMT-0700,118.93299999999999,118.80700000000002,0.075,0.1
29.03.2021 07:02:14.758 GMT-0700,119.022,118.80799999999999,0.1,0.1
29.03.2021 07:02:15.051 GMT-0700,119.01299999999999,118.80700000000002,0.075,0.1
29.03.2021 07:02:16.976 GMT-0700,119.00200000000001,118.80799999999999,0.1,0.1
29.03.2021 07:02:17.404 GMT-0700,119.022,118.80799999999999,0.1,0.1
29.03.2021 07:02:19.534 GMT-0700,118.853,118.80700000000002,0.075,0.0008
29.03.2021 07:02:19.584 GMT-0700,118.852,118.60799999999999,0.1,0.1
29.03.2021 07:02:19.698 GMT-0700,118.852,118.658,0.1,0.1
29.03.2021 07:02:30.672 GMT-0700,118.893,118.65700000000001,0.1,0.1
29.03.2021 07:02:35.104 GMT-0700,118.893,118.60700000000001,0.1,0.1
29.03.2021 07:02:36.908 GMT-0700,118.89200000000001,118.698,0.1,0.1
29.03.2021 07:02:37.161 GMT-0700,119.022,118.698,0.1,0.1
29.03.2021 07:02:44.715 GMT-0700,118.743,118.697,0.0008,0.1
29.03.2021 07:02:44.766 GMT-0700,118.893,118.46700000000001,0.1,0.1
29.03.2021 07:02:44.832 GMT-0700,118.89200000000001,118.598,0.1,0.0008
29.03.2021 07:02:44.933 GMT-0700,118.89200000000001,118.63799999999999,0.1,0.1
29.03.2021 07:02:45.938 GMT-0700,118.68200000000002,118.63799999999999,0.0008,0.075
29.03.2021 07:02:45.989 GMT-0700,118.882,118.478,0.1,0.1
29.03.2021 07:02:46.098 GMT-0700,118.893,118.63700000000001,0.1,0.1
29.03.2021 07:02:47.265 GMT-0700,118.883,118.63700000000001,0.0008,0.1
29.03.2021 07:02:47.416 GMT-0700,118.893,118.63700000000001,0.1,0.1
29.03.2021 07:02:50.256 GMT-0700,118.73299999999999,118.63700000000001,0.1,0.1
29.03.2021 07:02:50.307 GMT-0700,118.882,118.628,0.1,0.1
29.03.2021 07:02:51.110 GMT-0700,118.893,118.62700000000001,0.1,0.1
29.03.2021 07:02:52.885 GMT-0700,118.76200000000001,118.628,0.075,0.0008
29.03.2021 07:02:52.935 GMT-0700,118.76299999999999,118.46700000000001,0.1,0.1
29.03.2021 07:02:52.997 GMT-0700,118.76200000000001,118.518,0.1,0.075
29.03.2021 07:02:54.131 GMT-0700,118.753,118.51700000000001,0.0008,0.1
29.03.2021 07:02:54.305 GMT-0700,118.76200000000001,118.518,0.1,0.1
29.03.2021 07:02:54.876 GMT-0700,118.753,118.51700000000001,0.075,0.1
29.03.2021 07:02:55.182 GMT-0700,118.76200000000001,118.518,0.1,0.1
29.03.2021 07:02:56.674 GMT-0700,118.663,118.51700000000001,0.0008,0.1
29.03.2021 07:03:02.529 GMT-0700,118.61200000000001,118.518,0.1,0.1
29.03.2021 07:03:02.630 GMT-0700,118.533,118.31700000000001,0.1,0.1
29.03.2021 07:03:02.716 GMT-0700,118.533,118.427,0.1,0.075
29.03.2021 07:03:03.976 GMT-0700,118.75200000000001,118.43799999999999,0.1,0.1
29.03.2021 07:03:04.031 GMT-0700,118.753,118.49700000000001,0.075,0.0008
29.03.2021 07:03:04.081 GMT-0700,118.76299999999999,118.49700000000001,0.1,0.1
29.03.2021 07:03:04.489 GMT-0700,118.76299999999999,118.537,0.1,0.075
29.03.2021 07:03:04.539 GMT-0700,118.76299999999999,118.43700000000001,0.1,0.1
29.03.2021 07:03:04.611 GMT-0700,118.76200000000001,118.548,0.1,0.0008
29.03.2021 07:03:09.075 GMT-0700,118.753,118.54700000000001,0.0008,0.1
29.03.2021 07:03:09.125 GMT-0700,118.76200000000001,118.548,0.1,0.1
29.03.2021 07:03:09.198 GMT-0700,118.61200000000001,118.548,0.075,0.0008
29.03.2021 07:03:09.248 GMT-0700,118.76299999999999,118.51700000000001,0.1,0.1
29.03.2021 07:03:10.927 GMT-0700,118.56200000000001,118.518,0.075,0.0008
29.03.2021 07:03:10.978 GMT-0700,118.62299999999999,118.30700000000002,0.1,0.1
29.03.2021 07:03:11.412 GMT-0700,118.632,118.30799999999999,0.1,0.1
29.03.2021 07:03:11.942 GMT-0700,118.76299999999999,118.30700000000002,0.1,0.1
29.03.2021 07:03:14.310 GMT-0700,118.59200000000001,118.30799999999999,0.0008,0.1
29.03.2021 07:03:14.600 GMT-0700,118.58200000000001,118.30799999999999,0.0008,0.1
29.03.2021 07:03:14.701 GMT-0700,118.59200000000001,118.30799999999999,0.1,0.1
29.03.2021 07:03:14.938 GMT-0700,118.59299999999999,118.397,0.0008,0.075
29.03.2021 07:03:14.989 GMT-0700,118.76299999999999,118.32700000000001,0.1,0.1
29.03.2021 07:03:15.464 GMT-0700,118.76299999999999,118.31700000000001,0.1,0.1
29.03.2021 07:03:17.986 GMT-0700,118.76200000000001,118.30799999999999,0.1,0.1
29.03.2021 07:03:19.668 GMT-0700,118.76299999999999,118.52700000000002,0.1,0.0008
29.03.2021 07:03:19.719 GMT-0700,118.76200000000001,118.448,0.1,0.1
29.03.2021 07:03:20.556 GMT-0700,118.75200000000001,118.458,0.0008,0.0008
29.03.2021 07:03:20.855 GMT-0700,118.76299999999999,118.447,0.1,0.1
29.03.2021 07:03:28.335 GMT-0700,118.75200000000001,118.448,0.0008,0.1
29.03.2021 07:03:30.047 GMT-0700,118.76200000000001,118.448,0.1,0.1
29.03.2021 07:03:32.130 GMT-0700,118.76200000000001,118.508,0.1,0.0008
29.03.2021 07:03:32.510 GMT-0700,118.75200000000001,118.508,0.075,0.1
29.03.2021 07:03:32.560 GMT-0700,118.76200000000001,118.508,0.1,0.1
29.03.2021 07:03:33.489 GMT-0700,118.753,118.537,0.075,0.075
29.03.2021 07:03:33.540 GMT-0700,118.76299999999999,118.507,0.1,0.1
29.03.2021 07:03:34.360 GMT-0700,118.75200000000001,118.508,0.0008,0.1
29.03.2021 07:03:34.777 GMT-0700,118.76200000000001,118.508,0.1,0.1
29.03.2021 07:03:40.136 GMT-0700,118.76299999999999,118.55700000000002,0.1,0.0008
29.03.2021 07:03:40.288 GMT-0700,118.76200000000001,118.57799999999999,0.1,0.075
29.03.2021 07:03:40.338 GMT-0700,118.76200000000001,118.568,0.1,0.1
29.03.2021 07:03:40.470 GMT-0700,118.76200000000001,118.57799999999999,0.1,0.0008
29.03.2021 07:03:42.421 GMT-0700,118.75200000000001,118.588,0.075,0.1
29.03.2021 07:03:42.471 GMT-0700,118.753,118.45700000000001,0.1,0.1
29.03.2021 07:03:42.910 GMT-0700,118.76299999999999,118.447,0.1,0.1
29.03.2021 07:03:43.172 GMT-0700,118.89200000000001,118.63799999999999,0.1,0.1
29.03.2021 07:03:43.700 GMT-0700,118.883,118.677,0.0008,0.0008
29.03.2021 07:03:43.751 GMT-0700,118.883,118.63700000000001,0.1,0.1
29.03.2021 07:03:44.647 GMT-0700,118.893,118.63700000000001,0.1,0.1
29.03.2021 07:03:45.890 GMT-0700,118.883,118.63700000000001,0.1,0.1
29.03.2021 07:03:46.058 GMT-0700,118.89200000000001,118.63799999999999,0.1,0.1
29.03.2021 07:03:46.757 GMT-0700,118.89200000000001,118.448,0.1,0.1
29.03.2021 07:03:49.755 GMT-0700,118.89200000000001,118.658,0.1,0.075
29.03.2021 07:03:49.995 GMT-0700,118.753,118.65700000000001,0.075,0.0008
29.03.2021 07:03:50.045 GMT-0700,118.75200000000001,118.458,0.1,0.1
29.03.2021 07:03:53.424 GMT-0700,118.753,118.447,0.075,0.1
29.03.2021 07:03:53.702 GMT-0700,118.893,118.59700000000001,0.1,0.1
29.03.2021 07:03:53.752 GMT-0700,118.883,118.447,0.1,0.1
29.03.2021 07:03:53.811 GMT-0700,118.89200000000001,118.448,0.1,0.1
29.03.2021 07:04:00.311 GMT-0700,118.89200000000001,118.60799999999999,0.1,0.075
29.03.2021 07:04:00.392 GMT-0700,118.773,118.45700000000001,0.1,0.1
29.03.2021 07:04:03.818 GMT-0700,118.89200000000001,118.57799999999999,0.1,0.0008
29.03.2021 07:04:04.569 GMT-0700,118.882,118.588,0.1,0.1
29.03.2021 07:04:04.643 GMT-0700,118.893,118.57700000000001,0.1,0.1
29.03.2021 07:04:05.457 GMT-0700,118.883,118.587,0.075,0.075
29.03.2021 07:04:05.618 GMT-0700,118.883,118.66700000000002,0.0008,0.1
29.03.2021 07:04:05.668 GMT-0700,118.89200000000001,118.66799999999999,0.1,0.1
29.03.2021 07:04:07.426 GMT-0700,118.882,118.66799999999999,0.0008,0.1
29.03.2021 07:04:07.551 GMT-0700,118.89200000000001,118.66799999999999,0.1,0.1
29.03.2021 07:04:09.279 GMT-0700,118.893,118.57700000000001,0.1,0.1
29.03.2021 07:04:10.386 GMT-0700,118.89200000000001,118.588,0.1,0.0008
29.03.2021 07:04:10.634 GMT-0700,118.89200000000001,118.57799999999999,0.1,0.1
29.03.2021 07:04:12.974 GMT-0700,118.893,118.587,0.1,0.0008
29.03.2021 07:04:13.990 GMT-0700,118.87299999999999,118.57700000000001,0.0008,0.1
29.03.2021 07:04:14.040 GMT-0700,118.883,118.57700000000001,0.1,0.1
29.03.2021 07:04:15.853 GMT-0700,118.87299999999999,118.57700000000001,0.1,0.1
29.03.2021 07:04:19.864 GMT-0700,118.87200000000001,118.648,0.075,0.0008
29.03.2021 07:04:19.915 GMT-0700,118.882,118.57799999999999,0.1,0.1
29.03.2021 07:04:25.151 GMT-0700,118.90299999999999,118.57700000000001,0.1,0.1
29.03.2021 07:04:28.282 GMT-0700,119.022,118.57799999999999,0.1,0.1
29.03.2021 07:04:29.611 GMT-0700,119.01299999999999,118.587,0.1,0.1
29.03.2021 07:04:29.713 GMT-0700,119.022,118.57799999999999,0.1,0.1
29.03.2021 07:04:31.891 GMT-0700,119.022,118.708,0.1,0.075
29.03.2021 07:04:34.566 GMT-0700,119.022,118.57799999999999,0.1,0.1
29.03.2021 07:04:39.566 GMT-0700,119.01200000000001,118.588,0.075,0.075
29.03.2021 07:04:39.788 GMT-0700,119.023,118.57700000000001,0.1,0.1
29.03.2021 07:04:40.717 GMT-0700,119.01200000000001,118.588,0.0008,0.0008
29.03.2021 07:04:40.958 GMT-0700,119.022,118.57799999999999,0.1,0.1
29.03.2021 07:04:41.971 GMT-0700,119.023,118.787,0.1,0.0008
29.03.2021 07:04:47.018 GMT-0700,119.01299999999999,118.787,0.1,0.1
29.03.2021 07:04:47.273 GMT-0700,119.023,118.787,0.1,0.1
29.03.2021 07:04:48.081 GMT-0700,119.01299999999999,118.787,0.0008,0.1
29.03.2021 07:04:48.991 GMT-0700,119.003,118.787,0.1,0.1
29.03.2021 07:04:50.642 GMT-0700,118.992,118.788,0.1,0.1
29.03.2021 07:04:50.864 GMT-0700,119.00200000000001,118.788,0.1,0.1
29.03.2021 07:04:56.389 GMT-0700,118.992,118.788,0.1,0.1
29.03.2021 07:04:56.721 GMT-0700,119.003,118.787,0.1,0.1
29.03.2021 07:04:56.992 GMT-0700,119.00200000000001,118.77799999999999,0.1,0.1
29.03.2021 07:04:57.106 GMT-0700,118.833,118.77700000000002,0.0008,0.075
29.03.2021 07:04:57.156 GMT-0700,118.81299999999999,118.57700000000001,0.1,0.1
29.03.2021 07:04:57.207 GMT-0700,118.833,118.57700000000001,0.1,0.1
29.03.2021 07:04:58.171 GMT-0700,118.93200000000002,118.57799999999999,0.1,0.1
29.03.2021 07:04:58.298 GMT-0700,118.923,118.57700000000001,0.075,0.1
29.03.2021 07:04:58.511 GMT-0700,118.93299999999999,118.57700000000001,0.1,0.1
29.03.2021 07:05:02.112 GMT-0700,118.89200000000001,118.57799999999999,0.1,0.1
29.03.2021 07:05:05.787 GMT-0700,118.893,118.587,0.1,0.075
29.03.2021 07:05:05.888 GMT-0700,118.89200000000001,118.57799999999999,0.1,0.1
29.03.2021 07:05:06.151 GMT-0700,118.773,118.57700000000001,0.075,0.1
29.03.2021 07:05:06.201 GMT-0700,118.883,118.57700000000001,0.1,0.1
29.03.2021 07:05:17.145 GMT-0700,118.743,118.68700000000001,0.0008,0.0008
29.03.2021 07:05:17.195 GMT-0700,118.73200000000001,118.57799999999999,0.1,0.1
29.03.2021 07:05:18.522 GMT-0700,118.89200000000001,118.57799999999999,0.1,0.1
29.03.2021 07:05:19.159 GMT-0700,118.882,118.57799999999999,0.075,0.1
29.03.2021 07:05:22.795 GMT-0700,118.87299999999999,118.57700000000001,0.0008,0.1
29.03.2021 07:05:22.896 GMT-0700,118.89200000000001,118.57799999999999,0.1,0.1
29.03.2021 07:05:26.231 GMT-0700,118.883,118.57700000000001,0.075,0.1
29.03.2021 07:05:26.407 GMT-0700,118.893,118.57700000000001,0.1,0.1
29.03.2021 07:05:36.946 GMT-0700,118.882,118.57799999999999,0.075,0.1
29.03.2021 07:05:37.205 GMT-0700,118.893,118.57700000000001,0.1,0.1
29.03.2021 07:05:40.317 GMT-0700,118.883,118.57700000000001,0.075,0.1
29.03.2021 07:05:44.029 GMT-0700,118.883,118.59700000000001,0.0008,0.1
29.03.2021 07:05:44.079 GMT-0700,118.89200000000001,118.598,0.1,0.1
29.03.2021 07:05:45.413 GMT-0700,118.893,118.60700000000001,0.1,0.1
29.03.2021 07:05:45.697 GMT-0700,118.883,118.617,0.1,0.075
29.03.2021 07:05:45.917 GMT-0700,118.698,118.617,0.075,0.0008
29.03.2021 07:05:45.967 GMT-0700,118.693,118.59700000000001,0.1,0.1
29.03.2021 07:05:46.090 GMT-0700,118.65299999999999,118.57700000000001,0.1,0.1
29.03.2021 07:05:46.140 GMT-0700,118.693,118.57700000000001,0.1,0.1
29.03.2021 07:05:46.215 GMT-0700,118.68200000000002,118.57799999999999,0.075,0.0008
29.03.2021 07:05:46.266 GMT-0700,118.68299999999999,118.31700000000001,0.1,0.1
29.03.2021 07:05:46.316 GMT-0700,118.68299999999999,118.43700000000001,0.1,0.075
29.03.2021 07:05:47.200 GMT-0700,118.693,118.43700000000001,0.1,0.1
29.03.2021 07:05:48.555 GMT-0700,118.863,118.43700000000001,0.1,0.1
29.03.2021 07:05:53.263 GMT-0700,118.70200000000001,118.448,0.075,0.075
29.03.2021 07:05:53.313 GMT-0700,118.863,118.43700000000001,0.1,0.1
29.03.2021 07:05:55.004 GMT-0700,118.84200000000001,118.43799999999999,0.1,0.1
29.03.2021 07:05:58.069 GMT-0700,118.84299999999999,118.55700000000002,0.1,0.075
29.03.2021 07:05:59.871 GMT-0700,118.76299999999999,118.55700000000002,0.0008,0.1
29.03.2021 07:06:00.310 GMT-0700,118.76299999999999,118.43700000000001,0.1,0.1
29.03.2021 07:06:00.814 GMT-0700,118.76200000000001,118.548,0.1,0.0008
29.03.2021 07:06:05.890 GMT-0700,118.76200000000001,118.518,0.1,0.1
29.03.2021 07:06:16.257 GMT-0700,118.56200000000001,118.518,0.0008,0.075
29.03.2021 07:06:16.308 GMT-0700,118.633,118.31700000000001,0.1,0.1
29.03.2021 07:06:16.770 GMT-0700,118.632,118.32799999999999,0.1,0.1
29.03.2021 07:06:17.052 GMT-0700,118.632,118.318,0.1,0.1
29.03.2021 07:06:17.204 GMT-0700,118.62200000000001,118.318,0.0008,0.1
29.03.2021 07:06:17.254 GMT-0700,118.633,118.31700000000001,0.1,0.1
29.03.2021 07:06:17.305 GMT-0700,118.643,118.31700000000001,0.1,0.1
29.03.2021 07:06:18.377 GMT-0700,118.76299999999999,118.31700000000001,0.1,0.1
29.03.2021 07:06:20.460 GMT-0700,118.75200000000001,118.32799999999999,0.075,0.075
29.03.2021 07:06:20.872 GMT-0700,118.76200000000001,118.32799999999999,0.1,0.1
29.03.2021 07:06:22.152 GMT-0700,118.632,118.32799999999999,0.0008,0.075
29.03.2021 07:06:23.128 GMT-0700,118.632,118.448,0.1,0.0008
29.03.2021 07:06:23.229 GMT-0700,118.76200000000001,118.448,0.1,0.1
29.03.2021 07:06:30.265 GMT-0700,118.76299999999999,118.43700000000001,0.1,0.1
29.03.2021 07:06:34.781 GMT-0700,118.75200000000001,118.43799999999999,0.1,0.1
29.03.2021 07:06:35.110 GMT-0700,118.76200000000001,118.43799999999999,0.1,0.1
29.03.2021 07:06:37.084 GMT-0700,118.643,118.43700000000001,0.0008,0.1
29.03.2021 07:06:37.311 GMT-0700,118.643,118.31700000000001,0.1,0.1
29.03.2021 07:06:43.458 GMT-0700,118.643,118.32700000000001,0.1,0.1
29.03.2021 07:06:43.678 GMT-0700,118.643,118.31700000000001,0.1,0.1
29.03.2021 07:06:50.891 GMT-0700,118.632,118.32799999999999,0.0008,0.0008
29.03.2021 07:06:50.991 GMT-0700,118.64200000000001,118.318,0.1,0.1
29.03.2021 07:06:51.677 GMT-0700,118.443,118.31700000000001,0.075,0.1
29.03.2021 07:06:51.778 GMT-0700,118.62299999999999,118.31700000000001,0.1,0.1
29.03.2021 07:06:52.093 GMT-0700,118.62299999999999,118.197,0.1,0.1
29.03.2021 07:06:52.144 GMT-0700,118.473,118.197,0.1,0.1
29.03.2021 07:06:52.925 GMT-0700,118.463,118.197,0.075,0.1
29.03.2021 07:06:53.518 GMT-0700,118.463,118.20700000000001,0.1,0.075
29.03.2021 07:06:53.661 GMT-0700,118.462,118.198,0.1,0.1
29.03.2021 07:06:53.974 GMT-0700,118.522,118.198,0.1,0.1
29.03.2021 07:06:54.183 GMT-0700,118.51299999999999,118.20700000000001,0.0008,0.0008
29.03.2021 07:06:54.477 GMT-0700,118.522,118.198,0.1,0.1
29.03.2021 07:06:56.538 GMT-0700,118.51200000000001,118.208,0.0008,0.0008
29.03.2021 07:06:56.811 GMT-0700,118.522,118.198,0.1,0.1
29.03.2021 07:07:01.589 GMT-0700,118.36200000000001,118.258,0.0008,0.0008
29.03.2021 07:07:01.640 GMT-0700,118.522,118.258,0.1,0.1
29.03.2021 07:07:02.268 GMT-0700,118.51299999999999,118.257,0.1,0.1
29.03.2021 07:07:02.654 GMT-0700,118.522,118.258,0.1,0.1
29.03.2021 07:07:04.225 GMT-0700,118.51299999999999,118.257,0.075,0.1
29.03.2021 07:07:04.396 GMT-0700,118.523,118.257,0.1,0.1
29.03.2021 07:07:04.864 GMT-0700,118.51200000000001,118.32799999999999,0.0008,0.0008
29.03.2021 07:07:04.914 GMT-0700,118.522,118.198,0.1,0.1
29.03.2021 07:07:05.053 GMT-0700,118.523,118.34700000000001,0.1,0.0008
29.03.2021 07:07:05.652 GMT-0700,118.523,118.37700000000001,0.1,0.075
29.03.2021 07:07:05.703 GMT-0700,118.523,118.34700000000001,0.1,0.1
29.03.2021 07:07:06.166 GMT-0700,118.522,118.398,0.1,0.1
29.03.2021 07:07:08.306 GMT-0700,118.62299999999999,118.397,0.1,0.1
29.03.2021 07:07:08.356 GMT-0700,118.64200000000001,118.43799999999999,0.1,0.1
29.03.2021 07:07:08.800 GMT-0700,118.488,118.43799999999999,0.075,0.0008
29.03.2021 07:07:08.851 GMT-0700,118.64200000000001,118.208,0.1,0.1
29.03.2021 07:07:08.945 GMT-0700,118.64200000000001,118.198,0.1,0.1
29.03.2021 07:07:08.995 GMT-0700,118.643,118.34700000000001,0.1,0.1
29.03.2021 07:07:09.576 GMT-0700,118.632,118.348,0.0008,0.1
29.03.2021 07:07:09.864 GMT-0700,118.643,118.34700000000001,0.1,0.1
29.03.2021 07:07:20.291 GMT-0700,118.643,118.31700000000001,0.1,0.1
29.03.2021 07:07:23.173 GMT-0700,118.632,118.318,0.1,0.1
29.03.2021 07:07:23.409 GMT-0700,118.643,118.31700000000001,0.1,0.1
29.03.2021 07:07:26.758 GMT-0700,118.633,118.31700000000001,0.075,0.1
29.03.2021 07:07:27.028 GMT-0700,118.643,118.31700000000001,0.1,0.1
29.03.2021 07:07:31.644 GMT-0700,118.64200000000001,118.32799999999999,0.1,0.075
29.03.2021 07:07:33.136 GMT-0700,118.632,118.32799999999999,0.1,0.1
29.03.2021 07:07:33.309 GMT-0700,118.643,118.32700000000001,0.1,0.1
29.03.2021 07:07:34.123 GMT-0700,118.643,118.31700000000001,0.1,0.1
29.03.2021 07:07:40.872 GMT-0700,118.632,118.318,0.0008,0.1
29.03.2021 07:07:40.922 GMT-0700,118.64200000000001,118.318,0.1,0.1
29.03.2021 07:07:41.806 GMT-0700,118.643,118.38700000000001,0.1,0.075
29.03.2021 07:07:46.870 GMT-0700,118.643,118.31700000000001,0.1,0.1
29.03.2021 07:07:50.061 GMT-0700,118.632,118.318,0.1,0.1
29.03.2021 07:07:50.369 GMT-0700,118.643,118.31700000000001,0.1,0.1
29.03.2021 07:07:52.114 GMT-0700,118.64200000000001,118.348,0.1,0.0008
29.03.2021 07:07:52.259 GMT-0700,118.633,118.34700000000001,0.0008,0.1
29.03.2021 07:07:52.417 GMT-0700,118.64200000000001,118.348,0.1,0.1
29.03.2021 07:07:54.413 GMT-0700,118.51200000000001,118.348,0.075,0.1
29.03.2021 07:07:55.559 GMT-0700,118.64200000000001,118.348,0.1,0.1
29.03.2021 07:07:56.108 GMT-0700,118.632,118.348,0.1,0.1
29.03.2021 07:08:01.283 GMT-0700,118.51299999999999,118.34700000000001,0.0008,0.1
29.03.2021 07:08:01.384 GMT-0700,118.42200000000001,118.30799999999999,0.1,0.1
29.03.2021 07:08:01.603 GMT-0700,118.423,118.197,0.1,0.1
29.03.2021 07:08:02.364 GMT-0700,118.51200000000001,118.198,0.1,0.1
29.03.2021 07:08:04.596 GMT-0700,118.50200000000001,118.198,0.0008,0.1
29.03.2021 07:08:04.809 GMT-0700,118.51299999999999,118.197,0.1,0.1
29.03.2021 07:08:09.213 GMT-0700,118.503,118.197,0.0008,0.1
29.03.2021 07:08:09.313 GMT-0700,118.51299999999999,118.197,0.1,0.1
29.03.2021 07:08:11.636 GMT-0700,118.50200000000001,118.198,0.075,0.1
29.03.2021 07:08:11.686 GMT-0700,118.51299999999999,118.197,0.1,0.1
29.03.2021 07:08:14.772 GMT-0700,118.50200000000001,118.198,0.1,0.1
29.03.2021 07:08:15.156 GMT-0700,118.51200000000001,118.198,0.1,0.1
29.03.2021 07:08:17.267 GMT-0700,118.50200000000001,118.198,0.075,0.1
29.03.2021 07:08:17.368 GMT-0700,118.51200000000001,118.198,0.1,0.1
29.03.2021 07:08:18.470 GMT-0700,118.51299999999999,118.29700000000001,0.1,0.075
29.03.2021 07:08:18.521 GMT-0700,118.51200000000001,118.198,0.1,0.1
29.03.2021 07:08:20.175 GMT-0700,118.51299999999999,118.20700000000001,0.1,0.1
29.03.2021 07:08:20.328 GMT-0700,118.51200000000001,118.198,0.1,0.1
29.03.2021 07:08:25.354 GMT-0700,118.51200000000001,118.30799999999999,0.1,0.075
29.03.2021 07:08:28.323 GMT-0700,118.503,118.30700000000002,0.075,0.1
29.03.2021 07:08:28.373 GMT-0700,118.51200000000001,118.30799999999999,0.1,0.1
29.03.2021 07:08:28.506 GMT-0700,118.382,118.208,0.1,0.1
29.03.2021 07:08:28.557 GMT-0700,118.51299999999999,118.197,0.1,0.1
29.03.2021 07:08:30.402 GMT-0700,118.503,118.197,0.0008,0.1
29.03.2021 07:08:30.906 GMT-0700,118.51299999999999,118.197,0.1,0.1
29.03.2021 07:08:32.175 GMT-0700,118.50200000000001,118.198,0.0008,0.1
29.03.2021 07:08:32.225 GMT-0700,118.51200000000001,118.198,0.1,0.1
29.03.2021 07:08:40.291 GMT-0700,118.503,118.07700000000001,0.1,0.1
29.03.2021 07:08:40.342 GMT-0700,118.50200000000001,118.208,0.1,0.1
29.03.2021 07:08:40.643 GMT-0700,118.51200000000001,118.208,0.1,0.1
29.03.2021 07:08:41.653 GMT-0700,118.37200000000001,118.208,0.075,0.1
29.03.2021 07:08:49.236 GMT-0700,118.26,118.208,0.075,0.1
29.03.2021 07:08:49.286 GMT-0700,118.353,118.07700000000001,0.1,0.1
29.03.2021 07:08:49.387 GMT-0700,118.353,118.12700000000001,0.1,0.1
29.03.2021 07:08:51.788 GMT-0700,118.352,118.18799999999999,0.1,0.075
29.03.2021 07:08:53.353 GMT-0700,118.273,118.18700000000001,0.075,0.0008
29.03.2021 07:08:53.403 GMT-0700,118.273,118.12700000000001,0.1,0.1
29.03.2021 07:09:04.491 GMT-0700,118.352,118.128,0.1,0.0008
29.03.2021 07:09:04.542 GMT-0700,118.353,118.06700000000001,0.1,0.1
29.03.2021 07:09:04.667 GMT-0700,118.353,118.12700000000001,0.1,0.0008
29.03.2021 07:09:07.715 GMT-0700,118.34200000000001,118.128,0.0008,0.1
29.03.2021 07:09:07.815 GMT-0700,118.353,118.12700000000001,0.1,0.1
29.03.2021 07:09:11.345 GMT-0700,118.34200000000001,118.128,0.075,0.1
29.03.2021 07:09:11.549 GMT-0700,118.353,118.12700000000001,0.1,0.1
29.03.2021 07:09:15.299 GMT-0700,118.173,118.12700000000001,0.0008,0.075
29.03.2021 07:09:15.349 GMT-0700,118.20299999999999,117.947,0.1,0.1
29.03.2021 07:09:15.465 GMT-0700,118.20200000000001,117.93799999999999,0.1,0.1
29.03.2021 07:09:16.351 GMT-0700,118.242,117.93799999999999,0.1,0.1
29.03.2021 07:09:16.777 GMT-0700,118.243,117.947,0.1,0.075
29.03.2021 07:09:16.996 GMT-0700,118.23299999999999,117.947,0.1,0.1
29.03.2021 07:09:17.234 GMT-0700,118.243,117.947,0.1,0.1
29.03.2021 07:09:17.590 GMT-0700,118.242,117.958,0.1,0.075
29.03.2021 07:09:17.691 GMT-0700,118.242,117.93799999999999,0.1,0.1
29.03.2021 07:09:20.069 GMT-0700,118.11200000000001,117.93799999999999,0.0008,0.1
29.03.2021 07:09:20.119 GMT-0700,118.213,117.93700000000001,0.1,0.1
29.03.2021 07:09:22.116 GMT-0700,118.20299999999999,117.947,0.0008,0.0008
29.03.2021 07:09:22.217 GMT-0700,118.213,117.947,0.1,0.1
29.03.2021 07:09:26.671 GMT-0700,118.213,117.95700000000001,0.1,0.1
29.03.2021 07:09:27.666 GMT-0700,118.212,117.96799999999999,0.1,0.075
29.03.2021 07:09:30.149 GMT-0700,118.212,117.958,0.1,0.1
29.03.2021 07:09:30.679 GMT-0700,118.212,117.948,0.1,0.1
29.03.2021 07:09:31.331 GMT-0700,118.213,118.007,0.1,0.1
29.03.2021 07:09:35.423 GMT-0700,118.193,118.007,0.0008,0.1
29.03.2021 07:09:35.474 GMT-0700,118.213,118.007,0.1,0.1
29.03.2021 07:09:35.618 GMT-0700,118.213,118.037,0.1,0.075
29.03.2021 07:09:35.668 GMT-0700,118.212,117.948,0.1,0.1
29.03.2021 07:09:35.719 GMT-0700,118.212,117.958,0.1,0.0008
29.03.2021 07:09:35.770 GMT-0700,118.213,117.93700000000001,0.1,0.1
29.03.2021 07:09:48.356 GMT-0700,118.213,117.947,0.1,0.075
29.03.2021 07:09:48.736 GMT-0700,118.213,117.93700000000001,0.1,0.1
29.03.2021 07:09:49.637 GMT-0700,118.212,117.948,0.1,0.075
29.03.2021 07:09:50.064 GMT-0700,118.213,117.93700000000001,0.1,0.1
29.03.2021 07:09:50.974 GMT-0700,118.212,118.07799999999999,0.1,0.0008
29.03.2021 07:09:51.025 GMT-0700,118.353,118.087,0.1,0.1
29.03.2021 07:09:51.590 GMT-0700,118.28200000000001,118.088,0.1,0.1
29.03.2021 07:09:52.032 GMT-0700,118.28200000000001,117.93799999999999,0.1,0.1
29.03.2021 07:09:52.729 GMT-0700,118.28200000000001,117.948,0.1,0.075
29.03.2021 07:09:57.572 GMT-0700,118.283,118.13700000000001,0.1,0.075
29.03.2021 07:10:01.124 GMT-0700,118.19200000000001,118.13799999999999,0.0008,0.075
29.03.2021 07:10:01.174 GMT-0700,118.28200000000001,117.948,0.1,0.1
29.03.2021 07:10:01.363 GMT-0700,118.28200000000001,117.93799999999999,0.1,0.1
29.03.2021 07:10:01.471 GMT-0700,118.253,117.93700000000001,0.1,0.1
29.03.2021 07:10:02.784 GMT-0700,118.25200000000001,117.948,0.1,0.075
29.03.2021 07:10:02.942 GMT-0700,118.253,117.93700000000001,0.1,0.1
29.03.2021 07:10:07.035 GMT-0700,118.253,117.947,0.1,0.075
29.03.2021 07:10:11.970 GMT-0700,118.25200000000001,117.958,0.1,0.075
29.03.2021 07:10:13.079 GMT-0700,118.25200000000001,117.96799999999999,0.1,0.075
29.03.2021 07:10:16.636 GMT-0700,118.353,117.96700000000001,0.1,0.1
29.03.2021 07:10:18.608 GMT-0700,118.352,117.948,0.1,0.1
29.03.2021 07:10:18.818 GMT-0700,118.34299999999999,117.95700000000001,0.075,0.075
29.03.2021 07:10:18.869 GMT-0700,118.353,117.93700000000001,0.1,0.1
29.03.2021 07:10:19.034 GMT-0700,118.26299999999999,117.93700000000001,0.0008,0.1
29.03.2021 07:10:19.729 GMT-0700,118.26200000000001,118.098,0.1,0.0008
29.03.2021 07:10:29.739 GMT-0700,118.26299999999999,118.117,0.1,0.075
29.03.2021 07:10:30.599 GMT-0700,118.352,118.118,0.1,0.1
29.03.2021 07:10:30.893 GMT-0700,118.34299999999999,118.177,0.1,0.1
29.03.2021 07:10:30.943 GMT-0700,118.352,118.118,0.1,0.1
29.03.2021 07:10:37.341 GMT-0700,118.34200000000001,118.118,0.0008,0.1
29.03.2021 07:10:37.392 GMT-0700,118.353,118.117,0.1,0.1
29.03.2021 07:10:37.450 GMT-0700,118.352,118.128,0.1,0.0008
29.03.2021 07:10:39.182 GMT-0700,118.34200000000001,118.13799999999999,0.1,0.1
29.03.2021 07:10:39.327 GMT-0700,118.352,118.13799999999999,0.1,0.1
29.03.2021 07:10:40.753 GMT-0700,118.34299999999999,118.13700000000001,0.075,0.1
29.03.2021 07:10:40.937 GMT-0700,118.352,118.13799999999999,0.1,0.1
29.03.2021 07:10:49.404 GMT-0700,118.34200000000001,118.13799999999999,0.0008,0.1
29.03.2021 07:10:49.504 GMT-0700,118.353,118.13700000000001,0.1,0.1
29.03.2021 07:10:53.372 GMT-0700,118.34200000000001,118.13799999999999,0.1,0.1
29.03.2021 07:10:53.557 GMT-0700,118.352,118.13799999999999,0.1,0.1
29.03.2021 07:10:54.069 GMT-0700,118.353,118.147,0.1,0.0008
29.03.2021 07:10:55.283 GMT-0700,118.352,118.158,0.1,0.0008
29.03.2021 07:10:59.935 GMT-0700,118.34200000000001,118.158,0.075,0.1
29.03.2021 07:11:00.123 GMT-0700,118.352,118.158,0.1,0.1
29.03.2021 07:11:03.583 GMT-0700,118.34200000000001,118.158,0.075,0.1
29.03.2021 07:11:03.761 GMT-0700,118.353,118.15700000000001,0.1,0.1
29.03.2021 07:11:04.815 GMT-0700,118.283,118.15700000000001,0.075,0.1
29.03.2021 07:11:07.804 GMT-0700,118.283,118.21700000000001,0.075,0.0008
29.03.2021 07:11:07.854 GMT-0700,118.352,118.118,0.1,0.1
29.03.2021 07:11:07.905 GMT-0700,118.352,118.16799999999999,0.1,0.1
29.03.2021 07:11:21.147 GMT-0700,118.353,118.117,0.1,0.1
