Local time,Ask,Bid,AskVolume,BidVolume
08.03.2021 08:30:10.106 GMT-0600,174.96200000000002,174.768,0.011,0.011
08.03.2021 08:30:10.157 GMT-0600,174.96200000000002,174.758,0.011,0.011
08.03.2021 08:30:10.292 GMT-0600,175.003,174.83700000000002,0.011,0.0075
08.03.2021 08:30:10.343 GMT-0600,175.003,174.757,0.011,0.011
08.03.2021 08:30:17.046 GMT-0600,175.253,174.757,0.011,0.011
08.03.2021 08:30:17.162 GMT-0600,175.253,174.76700000000002,0.011,0.011
08.03.2021 08:30:17.265 GMT-0600,175.012,174.758,0.011,0.011
08.03.2021 08:30:18.017 GMT-0600,174.843,174.62,0.0075,0.0008
08.03.2021 08:30:42.385 GMT-0600,174.683,173.847,0.0075,0.011
08.03.2021 08:30:44.450 GMT-0600,174.493,174.287,0.0008,0.0075
08.03.2021 08:30:44.826 GMT-0600,174.22299999999998,173.567,0.0008,0.011
08.03.2021 08:30:45.988 GMT-0600,174.062,173.31799999999998,0.0075,0.011
08.03.2021 08:30:46.337 GMT-0600,174.062,173.328,0.011,0.0075
08.03.2021 08:30:47.223 GMT-0600,173.86200000000002,173.438,0.0075,0.0075
08.03.2021 08:30:47.274 GMT-0600,174.062,173.438,0.011,0.011
08.03.2021 08:30:50.745 GMT-0600,174.133,173.327,0.011,0.011
08.03.2021 08:30:51.026 GMT-0600,173.90200000000002,173.328,0.0008,0.011
08.03.2021 08:30:51.692 GMT-0600,173.903,173.33700000000002,0.011,0.0075
08.03.2021 08:30:51.744 GMT-0600,173.90200000000002,173.31799999999998,0.011,0.011
08.03.2021 08:30:52.198 GMT-0600,173.90200000000002,173.328,0.011,0.0075
08.03.2021 08:30:53.616 GMT-0600,173.90200000000002,173.338,0.011,0.011
08.03.2021 08:30:53.744 GMT-0600,174.122,173.31799999999998,0.011,0.011
08.03.2021 08:30:54.037 GMT-0600,174.133,173.317,0.011,0.011
08.03.2021 08:30:54.199 GMT-0600,174.133,173.327,0.011,0.0008
08.03.2021 08:30:55.280 GMT-0600,174.122,173.338,0.0008,0.0008
08.03.2021 08:30:55.380 GMT-0600,174.132,173.31799999999998,0.011,0.011
08.03.2021 08:30:55.779 GMT-0600,174.132,173.328,0.011,0.0008
08.03.2021 08:30:57.338 GMT-0600,174.123,173.33700000000002,0.0075,0.0075
08.03.2021 08:30:57.632 GMT-0600,174.133,173.317,0.011,0.011
08.03.2021 08:30:57.850 GMT-0600,174.133,173.327,0.011,0.0075
08.03.2021 08:30:58.275 GMT-0600,174.123,173.33700000000002,0.011,0.011
08.03.2021 08:30:58.325 GMT-0600,174.132,173.31799999999998,0.011,0.011
08.03.2021 08:30:58.813 GMT-0600,174.132,173.328,0.011,0.0075
08.03.2021 08:30:59.118 GMT-0600,174.122,173.338,0.011,0.011
08.03.2021 08:30:59.393 GMT-0600,174.133,173.317,0.011,0.011
08.03.2021 08:30:59.835 GMT-0600,174.132,173.328,0.011,0.0075
08.03.2021 08:31:00.225 GMT-0600,174.122,173.338,0.011,0.011
08.03.2021 08:31:00.335 GMT-0600,174.133,173.317,0.011,0.011
08.03.2021 08:31:00.734 GMT-0600,174.133,173.327,0.011,0.0008
08.03.2021 08:31:00.961 GMT-0600,174.122,173.338,0.0075,0.0075
08.03.2021 08:31:01.147 GMT-0600,174.133,173.317,0.011,0.011
08.03.2021 08:31:01.640 GMT-0600,174.132,173.328,0.011,0.0008
08.03.2021 08:31:02.074 GMT-0600,174.123,173.33700000000002,0.0075,0.0075
08.03.2021 08:31:02.234 GMT-0600,174.132,173.31799999999998,0.011,0.011
08.03.2021 08:31:02.990 GMT-0600,174.133,173.327,0.011,0.0075
08.03.2021 08:31:03.416 GMT-0600,174.122,173.338,0.0075,0.0075
08.03.2021 08:31:03.940 GMT-0600,174.133,173.317,0.011,0.011
08.03.2021 08:31:05.803 GMT-0600,174.122,173.328,0.011,0.011
08.03.2021 08:31:06.188 GMT-0600,174.133,173.317,0.011,0.011
08.03.2021 08:31:07.801 GMT-0600,174.122,173.698,0.0075,0.0075
08.03.2021 08:31:07.852 GMT-0600,174.132,173.31799999999998,0.011,0.011
08.03.2021 08:31:09.171 GMT-0600,174.122,173.328,0.011,0.011
08.03.2021 08:31:09.323 GMT-0600,174.132,173.31799999999998,0.011,0.011
08.03.2021 08:31:10.634 GMT-0600,174.122,173.328,0.0008,0.0008
08.03.2021 08:31:10.737 GMT-0600,174.132,173.328,0.011,0.011
08.03.2021 08:31:11.899 GMT-0600,174.122,173.338,0.011,0.011
08.03.2021 08:31:12.053 GMT-0600,174.132,173.31799999999998,0.011,0.011
08.03.2021 08:31:12.810 GMT-0600,174.123,173.327,0.0075,0.0075
08.03.2021 08:31:12.910 GMT-0600,174.133,173.317,0.011,0.011
08.03.2021 08:31:13.433 GMT-0600,174.122,173.328,0.011,0.011
08.03.2021 08:31:13.606 GMT-0600,174.133,173.317,0.011,0.011
08.03.2021 08:31:16.489 GMT-0600,174.122,173.328,0.011,0.011
08.03.2021 08:31:16.539 GMT-0600,174.123,173.317,0.011,0.011
08.03.2021 08:31:16.590 GMT-0600,174.133,173.317,0.011,0.011
08.03.2021 08:31:16.640 GMT-0600,174.132,173.628,0.011,0.011
08.03.2021 08:31:16.746 GMT-0600,174.133,173.317,0.011,0.011
08.03.2021 08:31:17.202 GMT-0600,174.133,173.327,0.011,0.0008
08.03.2021 08:31:17.302 GMT-0600,174.132,173.31799999999998,0.011,0.011
08.03.2021 08:31:17.907 GMT-0600,174.132,173.328,0.011,0.0075
08.03.2021 08:31:18.301 GMT-0600,174.132,173.31799999999998,0.011,0.011
08.03.2021 08:31:19.331 GMT-0600,174.132,173.328,0.011,0.0075
08.03.2021 08:31:19.703 GMT-0600,174.132,173.31799999999998,0.011,0.011
08.03.2021 08:31:20.340 GMT-0600,174.133,173.327,0.011,0.011
08.03.2021 08:31:20.473 GMT-0600,174.132,173.31799999999998,0.011,0.011
08.03.2021 08:31:20.999 GMT-0600,174.133,173.327,0.011,0.0008
08.03.2021 08:31:21.489 GMT-0600,174.133,173.317,0.011,0.011
08.03.2021 08:31:23.417 GMT-0600,174.133,173.827,0.011,0.0075
08.03.2021 08:31:23.467 GMT-0600,174.133,173.317,0.011,0.011
08.03.2021 08:31:23.625 GMT-0600,174.132,173.758,0.011,0.0075
08.03.2021 08:31:23.676 GMT-0600,174.133,173.317,0.011,0.011
08.03.2021 08:31:25.055 GMT-0600,174.132,173.328,0.011,0.011
08.03.2021 08:31:25.197 GMT-0600,174.132,173.31799999999998,0.011,0.011
08.03.2021 08:31:26.126 GMT-0600,174.132,173.698,0.011,0.0075
08.03.2021 08:31:27.332 GMT-0600,174.132,173.708,0.011,0.0075
08.03.2021 08:31:27.383 GMT-0600,174.133,173.697,0.011,0.011
08.03.2021 08:31:28.295 GMT-0600,174.133,173.70700000000002,0.011,0.0075
08.03.2021 08:31:28.567 GMT-0600,174.133,173.747,0.011,0.011
08.03.2021 08:31:30.581 GMT-0600,174.133,173.757,0.011,0.011
08.03.2021 08:31:30.869 GMT-0600,174.133,173.747,0.011,0.011
08.03.2021 08:31:31.967 GMT-0600,174.132,173.758,0.011,0.0008
08.03.2021 08:31:32.067 GMT-0600,174.132,173.748,0.011,0.011
08.03.2021 08:31:33.283 GMT-0600,174.622,173.748,0.011,0.011
08.03.2021 08:31:34.501 GMT-0600,174.61200000000002,173.758,0.0075,0.0075
08.03.2021 08:31:34.612 GMT-0600,174.623,173.747,0.011,0.011
08.03.2021 08:31:37.778 GMT-0600,174.613,173.757,0.0075,0.0075
08.03.2021 08:31:37.984 GMT-0600,174.623,173.747,0.011,0.011
08.03.2021 08:31:38.534 GMT-0600,174.61200000000002,173.758,0.011,0.011
08.03.2021 08:31:38.855 GMT-0600,174.623,173.747,0.011,0.011
08.03.2021 08:31:40.092 GMT-0600,174.61200000000002,173.758,0.011,0.011
08.03.2021 08:31:40.363 GMT-0600,174.623,173.747,0.011,0.011
08.03.2021 08:31:40.901 GMT-0600,174.61200000000002,173.758,0.0008,0.0008
08.03.2021 08:31:41.002 GMT-0600,174.623,173.747,0.011,0.011
08.03.2021 08:31:41.901 GMT-0600,174.613,173.757,0.0075,0.0075
08.03.2021 08:31:41.952 GMT-0600,174.622,173.748,0.011,0.011
08.03.2021 08:31:42.856 GMT-0600,174.61200000000002,173.758,0.0075,0.0075
08.03.2021 08:31:43.100 GMT-0600,174.623,173.747,0.011,0.011
08.03.2021 08:31:43.934 GMT-0600,174.61200000000002,173.748,0.0075,0.011
08.03.2021 08:31:44.138 GMT-0600,174.61200000000002,173.758,0.011,0.0075
08.03.2021 08:31:44.338 GMT-0600,174.622,173.748,0.011,0.011
08.03.2021 08:31:44.789 GMT-0600,174.613,173.757,0.011,0.011
08.03.2021 08:31:44.901 GMT-0600,174.622,173.748,0.011,0.011
08.03.2021 08:31:45.815 GMT-0600,174.613,173.757,0.0008,0.0008
08.03.2021 08:31:46.252 GMT-0600,174.623,173.747,0.011,0.011
08.03.2021 08:31:47.374 GMT-0600,174.61200000000002,173.758,0.011,0.011
08.03.2021 08:31:47.604 GMT-0600,174.622,173.748,0.011,0.011
08.03.2021 08:31:48.617 GMT-0600,174.613,173.757,0.0075,0.0075
08.03.2021 08:31:48.718 GMT-0600,174.622,173.748,0.011,0.011
08.03.2021 08:31:51.039 GMT-0600,174.61200000000002,173.758,0.0075,0.0075
08.03.2021 08:31:51.212 GMT-0600,174.622,173.748,0.011,0.011
08.03.2021 08:31:52.390 GMT-0600,174.622,173.758,0.011,0.0008
08.03.2021 08:31:52.440 GMT-0600,174.623,173.747,0.011,0.011
08.03.2021 08:31:53.091 GMT-0600,174.61200000000002,173.758,0.0075,0.0075
08.03.2021 08:31:53.452 GMT-0600,174.623,173.747,0.011,0.011
08.03.2021 08:31:54.187 GMT-0600,174.172,173.748,0.0075,0.011
08.03.2021 08:31:54.238 GMT-0600,174.623,173.747,0.011,0.011
08.03.2021 08:31:54.358 GMT-0600,174.61200000000002,173.748,0.0008,0.011
08.03.2021 08:31:54.726 GMT-0600,174.103,173.747,0.011,0.011
08.03.2021 08:31:54.830 GMT-0600,174.103,173.757,0.011,0.0008
08.03.2021 08:31:55.101 GMT-0600,174.103,173.747,0.011,0.011
08.03.2021 08:31:55.315 GMT-0600,174.102,173.81799999999998,0.011,0.0075
08.03.2021 08:32:01.686 GMT-0600,174.093,173.817,0.011,0.011
08.03.2021 08:32:01.791 GMT-0600,174.032,173.81799999999998,0.011,0.011
08.03.2021 08:32:05.633 GMT-0600,174.023,173.817,0.0075,0.011
08.03.2021 08:32:05.684 GMT-0600,174.013,173.70700000000002,0.011,0.011
08.03.2021 08:32:05.809 GMT-0600,174.013,173.697,0.011,0.011
08.03.2021 08:32:10.085 GMT-0600,174.013,173.70700000000002,0.011,0.0075
08.03.2021 08:32:10.135 GMT-0600,174.013,173.697,0.011,0.011
08.03.2021 08:32:10.688 GMT-0600,174.012,173.768,0.011,0.011
08.03.2021 08:32:10.950 GMT-0600,174.233,173.76700000000002,0.011,0.011
08.03.2021 08:32:11.093 GMT-0600,174.232,173.81799999999998,0.011,0.0075
08.03.2021 08:32:11.690 GMT-0600,174.252,173.768,0.011,0.011
08.03.2021 08:32:11.800 GMT-0600,174.253,173.83700000000002,0.011,0.0075
08.03.2021 08:32:11.901 GMT-0600,174.622,173.918,0.011,0.011
08.03.2021 08:32:12.001 GMT-0600,174.623,173.76700000000002,0.011,0.011
08.03.2021 08:32:12.831 GMT-0600,174.61200000000002,173.778,0.011,0.011
08.03.2021 08:32:12.988 GMT-0600,174.623,173.76700000000002,0.011,0.011
08.03.2021 08:32:13.828 GMT-0600,174.613,173.77700000000002,0.0008,0.0008
08.03.2021 08:32:14.144 GMT-0600,174.622,173.768,0.011,0.011
08.03.2021 08:32:15.109 GMT-0600,174.61200000000002,173.778,0.0075,0.0075
08.03.2021 08:32:15.209 GMT-0600,174.622,173.768,0.011,0.011
08.03.2021 08:32:15.856 GMT-0600,174.61200000000002,173.768,0.011,0.011
08.03.2021 08:32:15.907 GMT-0600,174.622,173.768,0.011,0.011
08.03.2021 08:32:16.781 GMT-0600,174.613,173.76700000000002,0.0008,0.011
08.03.2021 08:32:16.932 GMT-0600,174.622,173.768,0.011,0.011
08.03.2021 08:32:17.856 GMT-0600,174.61200000000002,173.768,0.0008,0.011
08.03.2021 08:32:18.154 GMT-0600,174.623,173.76700000000002,0.011,0.011
08.03.2021 08:32:19.280 GMT-0600,174.61200000000002,173.768,0.0008,0.011
08.03.2021 08:32:19.541 GMT-0600,174.623,173.76700000000002,0.011,0.011
08.03.2021 08:32:20.279 GMT-0600,174.613,173.76700000000002,0.0008,0.011
08.03.2021 08:32:20.410 GMT-0600,174.623,173.76700000000002,0.011,0.011
08.03.2021 08:32:21.056 GMT-0600,174.613,173.76700000000002,0.0008,0.011
08.03.2021 08:32:21.304 GMT-0600,174.622,173.768,0.011,0.011
08.03.2021 08:32:21.577 GMT-0600,174.162,173.768,0.011,0.011
08.03.2021 08:32:22.045 GMT-0600,174.622,173.768,0.011,0.011
08.03.2021 08:32:22.096 GMT-0600,174.133,173.76700000000002,0.011,0.011
08.03.2021 08:32:22.252 GMT-0600,174.622,173.768,0.011,0.011
08.03.2021 08:32:22.327 GMT-0600,174.132,173.768,0.0075,0.011
08.03.2021 08:32:25.491 GMT-0600,174.122,173.768,0.011,0.011
08.03.2021 08:32:26.376 GMT-0600,174.122,173.84799999999998,0.011,0.0075
08.03.2021 08:32:27.441 GMT-0600,174.122,173.768,0.011,0.011
08.03.2021 08:32:28.600 GMT-0600,174.122,173.84799999999998,0.011,0.0008
08.03.2021 08:32:30.482 GMT-0600,174.123,173.76700000000002,0.011,0.011
08.03.2021 08:32:30.617 GMT-0600,174.122,173.84799999999998,0.011,0.0075
08.03.2021 08:32:30.925 GMT-0600,174.122,173.768,0.011,0.011
08.03.2021 08:32:31.521 GMT-0600,174.122,173.84799999999998,0.011,0.011
08.03.2021 08:32:31.731 GMT-0600,174.122,173.768,0.011,0.011
08.03.2021 08:32:32.197 GMT-0600,174.123,173.77700000000002,0.011,0.0075
08.03.2021 08:32:32.462 GMT-0600,174.123,173.76700000000002,0.011,0.011
08.03.2021 08:32:32.912 GMT-0600,174.122,173.778,0.011,0.0075
08.03.2021 08:32:33.013 GMT-0600,174.122,173.768,0.011,0.011
08.03.2021 08:32:33.523 GMT-0600,174.122,173.828,0.011,0.0075
08.03.2021 08:32:33.888 GMT-0600,174.123,173.76700000000002,0.011,0.011
08.03.2021 08:32:34.051 GMT-0600,174.122,173.828,0.011,0.0008
08.03.2021 08:32:34.710 GMT-0600,174.123,173.76700000000002,0.011,0.011
08.03.2021 08:32:35.135 GMT-0600,174.123,173.827,0.011,0.0075
08.03.2021 08:32:40.350 GMT-0600,174.123,173.76700000000002,0.011,0.011
08.03.2021 08:32:47.805 GMT-0600,174.113,173.76700000000002,0.011,0.011
08.03.2021 08:32:48.111 GMT-0600,174.05200000000002,173.768,0.0075,0.011
08.03.2021 08:32:48.212 GMT-0600,174.093,173.76700000000002,0.011,0.011
08.03.2021 08:32:48.843 GMT-0600,174.093,173.887,0.011,0.0008
08.03.2021 08:32:48.894 GMT-0600,174.093,173.76700000000002,0.011,0.011
08.03.2021 08:32:49.197 GMT-0600,174.232,173.768,0.011,0.011
08.03.2021 08:32:49.795 GMT-0600,174.22299999999998,174.02700000000002,0.0008,0.0008
08.03.2021 08:32:49.846 GMT-0600,174.382,173.768,0.011,0.011
08.03.2021 08:32:50.309 GMT-0600,174.382,174.088,0.011,0.0008
08.03.2021 08:32:50.712 GMT-0600,174.382,173.768,0.011,0.011
08.03.2021 08:32:50.762 GMT-0600,174.382,173.778,0.011,0.011
08.03.2021 08:32:51.052 GMT-0600,174.382,173.768,0.011,0.011
08.03.2021 08:32:51.434 GMT-0600,174.383,173.947,0.011,0.0075
08.03.2021 08:32:51.729 GMT-0600,174.622,174.028,0.011,0.011
08.03.2021 08:32:51.780 GMT-0600,174.622,173.948,0.011,0.011
08.03.2021 08:32:51.830 GMT-0600,174.343,173.947,0.0075,0.011
08.03.2021 08:32:52.004 GMT-0600,174.343,173.76700000000002,0.011,0.011
08.03.2021 08:32:52.238 GMT-0600,174.343,173.89700000000002,0.011,0.0075
08.03.2021 08:32:52.860 GMT-0600,174.342,173.768,0.011,0.011
08.03.2021 08:32:52.996 GMT-0600,174.343,173.77700000000002,0.011,0.0075
08.03.2021 08:32:53.047 GMT-0600,174.393,173.76700000000002,0.011,0.011
08.03.2021 08:32:53.553 GMT-0600,174.393,173.947,0.011,0.0075
08.03.2021 08:32:53.710 GMT-0600,174.382,173.948,0.0008,0.011
08.03.2021 08:32:53.760 GMT-0600,174.393,173.947,0.011,0.011
08.03.2021 08:32:54.638 GMT-0600,174.39200000000002,173.888,0.011,0.011
08.03.2021 08:32:54.827 GMT-0600,174.393,173.997,0.011,0.0075
08.03.2021 08:32:55.212 GMT-0600,174.393,173.887,0.011,0.011
08.03.2021 08:32:55.782 GMT-0600,174.383,173.89700000000002,0.011,0.011
08.03.2021 08:32:56.008 GMT-0600,174.393,173.887,0.011,0.011
08.03.2021 08:32:56.058 GMT-0600,174.39200000000002,173.988,0.011,0.011
08.03.2021 08:32:56.109 GMT-0600,174.39200000000002,173.888,0.011,0.011
08.03.2021 08:32:57.068 GMT-0600,174.382,173.898,0.0075,0.0075
08.03.2021 08:32:57.242 GMT-0600,174.393,173.887,0.011,0.011
08.03.2021 08:32:57.835 GMT-0600,174.382,173.998,0.0075,0.0075
08.03.2021 08:32:58.027 GMT-0600,174.382,174.008,0.0008,0.011
08.03.2021 08:32:58.077 GMT-0600,174.393,174.007,0.011,0.011
08.03.2021 08:32:58.281 GMT-0600,174.393,174.107,0.011,0.011
08.03.2021 08:32:58.332 GMT-0600,174.39200000000002,173.888,0.011,0.011
08.03.2021 08:32:58.835 GMT-0600,174.393,173.89700000000002,0.011,0.0008
08.03.2021 08:32:59.119 GMT-0600,174.39200000000002,173.888,0.011,0.011
08.03.2021 08:32:59.867 GMT-0600,174.39200000000002,174.048,0.011,0.011
08.03.2021 08:32:59.917 GMT-0600,174.622,174.048,0.011,0.011
08.03.2021 08:33:00.372 GMT-0600,174.403,173.887,0.011,0.011
08.03.2021 08:33:00.478 GMT-0600,174.403,173.89700000000002,0.011,0.0008
08.03.2021 08:33:00.642 GMT-0600,174.403,173.887,0.011,0.011
08.03.2021 08:33:01.104 GMT-0600,174.40200000000002,174.048,0.011,0.0008
08.03.2021 08:33:01.699 GMT-0600,174.40200000000002,173.898,0.011,0.011
08.03.2021 08:33:02.085 GMT-0600,174.352,173.888,0.011,0.011
08.03.2021 08:33:03.782 GMT-0600,174.352,173.898,0.011,0.0075
08.03.2021 08:33:03.934 GMT-0600,174.352,173.888,0.011,0.011
08.03.2021 08:33:05.196 GMT-0600,174.353,173.89700000000002,0.011,0.011
08.03.2021 08:33:05.451 GMT-0600,174.353,173.887,0.011,0.011
08.03.2021 08:33:06.132 GMT-0600,174.353,173.89700000000002,0.011,0.0075
08.03.2021 08:33:06.803 GMT-0600,174.353,173.887,0.011,0.011
08.03.2021 08:33:07.443 GMT-0600,174.352,173.898,0.011,0.0008
08.03.2021 08:33:07.493 GMT-0600,174.352,173.888,0.011,0.011
08.03.2021 08:33:07.906 GMT-0600,174.613,174.257,0.011,0.011
08.03.2021 08:33:07.956 GMT-0600,174.61200000000002,173.888,0.011,0.011
08.03.2021 08:33:08.007 GMT-0600,174.623,173.887,0.011,0.011
08.03.2021 08:33:08.166 GMT-0600,174.622,173.898,0.011,0.0008
08.03.2021 08:33:08.360 GMT-0600,174.623,173.887,0.011,0.011
08.03.2021 08:33:09.450 GMT-0600,174.613,173.89700000000002,0.0008,0.0008
08.03.2021 08:33:09.828 GMT-0600,174.622,173.888,0.011,0.011
08.03.2021 08:33:09.917 GMT-0600,174.622,174.308,0.011,0.011
08.03.2021 08:33:10.862 GMT-0600,174.61200000000002,174.31799999999998,0.0075,0.0075
08.03.2021 08:33:10.912 GMT-0600,174.61200000000002,173.898,0.011,0.011
08.03.2021 08:33:11.130 GMT-0600,174.623,173.887,0.011,0.011
08.03.2021 08:33:11.700 GMT-0600,174.613,173.89700000000002,0.0008,0.0008
08.03.2021 08:33:11.815 GMT-0600,174.613,174.30700000000002,0.011,0.0008
08.03.2021 08:33:11.866 GMT-0600,174.622,174.308,0.011,0.011
08.03.2021 08:33:12.461 GMT-0600,174.323,173.887,0.011,0.011
08.03.2021 08:33:12.512 GMT-0600,174.312,174.018,0.011,0.011
08.03.2021 08:33:12.725 GMT-0600,174.623,174.01700000000002,0.011,0.011
08.03.2021 08:33:12.871 GMT-0600,174.412,174.018,0.0075,0.011
08.03.2021 08:33:13.329 GMT-0600,174.403,174.01700000000002,0.0008,0.011
08.03.2021 08:33:13.379 GMT-0600,174.412,174.018,0.011,0.011
08.03.2021 08:33:14.303 GMT-0600,174.40200000000002,174.018,0.0075,0.011
08.03.2021 08:33:14.353 GMT-0600,174.412,174.018,0.011,0.011
08.03.2021 08:33:15.314 GMT-0600,174.40200000000002,174.018,0.0075,0.011
08.03.2021 08:33:15.800 GMT-0600,174.412,174.018,0.011,0.011
08.03.2021 08:33:16.778 GMT-0600,174.40200000000002,174.018,0.0075,0.011
08.03.2021 08:33:16.879 GMT-0600,174.41299999999998,174.01700000000002,0.011,0.011
08.03.2021 08:33:17.039 GMT-0600,174.622,174.058,0.011,0.0075
08.03.2021 08:33:18.580 GMT-0600,174.61200000000002,174.018,0.011,0.011
08.03.2021 08:33:18.751 GMT-0600,174.622,174.018,0.011,0.011
08.03.2021 08:33:19.779 GMT-0600,174.412,174.018,0.0008,0.011
08.03.2021 08:33:21.474 GMT-0600,174.412,174.06799999999998,0.011,0.0008
08.03.2021 08:33:22.468 GMT-0600,174.403,174.067,0.0075,0.0008
08.03.2021 08:33:22.519 GMT-0600,174.41299999999998,174.01700000000002,0.011,0.011
08.03.2021 08:33:23.440 GMT-0600,174.40200000000002,174.018,0.0008,0.011
08.03.2021 08:33:23.604 GMT-0600,174.412,174.018,0.011,0.011
08.03.2021 08:33:24.499 GMT-0600,174.403,174.01700000000002,0.011,0.011
08.03.2021 08:33:24.802 GMT-0600,174.412,174.018,0.011,0.011
08.03.2021 08:33:25.199 GMT-0600,174.412,174.06799999999998,0.011,0.0008
08.03.2021 08:33:25.417 GMT-0600,174.403,174.067,0.0075,0.0008
08.03.2021 08:33:25.468 GMT-0600,174.403,174.01700000000002,0.011,0.011
08.03.2021 08:33:25.651 GMT-0600,174.412,174.018,0.011,0.011
08.03.2021 08:33:26.755 GMT-0600,174.40200000000002,174.018,0.011,0.011
08.03.2021 08:33:26.952 GMT-0600,174.412,174.06799999999998,0.011,0.011
08.03.2021 08:33:27.172 GMT-0600,174.41299999999998,174.08700000000002,0.011,0.0008
08.03.2021 08:33:28.293 GMT-0600,174.412,174.06799999999998,0.011,0.011
08.03.2021 08:33:28.621 GMT-0600,174.403,174.067,0.0075,0.011
08.03.2021 08:33:28.859 GMT-0600,174.412,174.06799999999998,0.011,0.011
08.03.2021 08:33:29.035 GMT-0600,174.262,174.06799999999998,0.0075,0.011
08.03.2021 08:33:29.085 GMT-0600,174.41299999999998,174.067,0.011,0.011
08.03.2021 08:33:29.186 GMT-0600,174.363,174.067,0.0075,0.011
08.03.2021 08:33:30.823 GMT-0600,174.412,174.06799999999998,0.011,0.011
08.03.2021 08:33:30.873 GMT-0600,174.262,174.06799999999998,0.011,0.011
08.03.2021 08:33:34.790 GMT-0600,174.113,174.067,0.0075,0.0008
08.03.2021 08:33:34.841 GMT-0600,174.05200000000002,173.878,0.011,0.011
08.03.2021 08:33:38.523 GMT-0600,174.05200000000002,173.778,0.011,0.0008
08.03.2021 08:33:39.528 GMT-0600,174.05200000000002,173.858,0.011,0.0075
08.03.2021 08:33:40.330 GMT-0600,174.06,173.95700000000002,0.0008,0.0075
08.03.2021 08:33:40.380 GMT-0600,174.373,173.967,0.011,0.011
08.03.2021 08:33:40.517 GMT-0600,174.382,173.968,0.011,0.011
08.03.2021 08:33:40.778 GMT-0600,174.382,174.03799999999998,0.011,0.0075
08.03.2021 08:33:40.948 GMT-0600,174.373,174.08700000000002,0.0075,0.0075
08.03.2021 08:33:40.999 GMT-0600,174.383,174.037,0.011,0.011
08.03.2021 08:33:41.678 GMT-0600,174.372,174.048,0.0075,0.0075
08.03.2021 08:33:41.779 GMT-0600,174.383,174.047,0.011,0.011
08.03.2021 08:33:42.555 GMT-0600,174.372,174.048,0.0075,0.011
08.03.2021 08:33:42.824 GMT-0600,174.383,174.047,0.011,0.011
08.03.2021 08:33:43.292 GMT-0600,174.372,174.048,0.0075,0.011
08.03.2021 08:33:43.653 GMT-0600,174.383,174.047,0.011,0.011
08.03.2021 08:33:46.201 GMT-0600,174.372,174.048,0.0008,0.011
08.03.2021 08:33:46.381 GMT-0600,174.383,174.047,0.011,0.011
08.03.2021 08:33:46.785 GMT-0600,174.383,174.127,0.011,0.0075
08.03.2021 08:33:46.836 GMT-0600,174.382,174.048,0.011,0.011
08.03.2021 08:33:48.226 GMT-0600,174.373,174.047,0.0008,0.011
08.03.2021 08:33:48.560 GMT-0600,174.382,174.048,0.011,0.011
08.03.2021 08:33:52.892 GMT-0600,174.372,174.058,0.0008,0.0008
08.03.2021 08:33:53.093 GMT-0600,174.412,174.058,0.011,0.011
08.03.2021 08:33:53.324 GMT-0600,174.41299999999998,174.20700000000002,0.0075,0.0008
08.03.2021 08:33:53.374 GMT-0600,174.352,174.088,0.011,0.011
08.03.2021 08:33:53.425 GMT-0600,174.352,174.078,0.011,0.011
08.03.2021 08:33:53.525 GMT-0600,174.622,174.218,0.011,0.011
08.03.2021 08:33:53.731 GMT-0600,174.613,174.287,0.0075,0.0075
08.03.2021 08:33:54.449 GMT-0600,174.602,174.28799999999998,0.0008,0.011
08.03.2021 08:33:54.549 GMT-0600,174.623,174.287,0.011,0.011
08.03.2021 08:33:55.505 GMT-0600,174.61200000000002,174.28799999999998,0.011,0.011
08.03.2021 08:33:55.606 GMT-0600,174.622,174.28799999999998,0.011,0.011
08.03.2021 08:33:57.104 GMT-0600,174.622,174.308,0.011,0.0075
08.03.2021 08:33:57.155 GMT-0600,174.622,174.28799999999998,0.011,0.011
08.03.2021 08:33:57.237 GMT-0600,174.623,174.297,0.011,0.011
08.03.2021 08:33:57.633 GMT-0600,174.622,174.28799999999998,0.011,0.011
08.03.2021 08:33:58.063 GMT-0600,174.622,174.298,0.011,0.0075
08.03.2021 08:33:58.600 GMT-0600,174.58200000000002,174.308,0.011,0.0008
08.03.2021 08:34:02.719 GMT-0600,174.583,174.26700000000002,0.011,0.011
08.03.2021 08:34:02.769 GMT-0600,174.58200000000002,174.408,0.011,0.011
08.03.2021 08:34:03.723 GMT-0600,174.58200000000002,174.268,0.011,0.011
08.03.2021 08:34:04.419 GMT-0600,174.463,174.26700000000002,0.0008,0.0075
08.03.2021 08:34:04.470 GMT-0600,174.573,174.077,0.011,0.011
08.03.2021 08:34:04.573 GMT-0600,174.583,174.067,0.011,0.011
08.03.2021 08:34:05.495 GMT-0600,174.573,174.077,0.0075,0.0075
08.03.2021 08:34:05.765 GMT-0600,174.58200000000002,174.06799999999998,0.011,0.011
08.03.2021 08:34:06.472 GMT-0600,174.572,174.078,0.0008,0.0008
08.03.2021 08:34:06.664 GMT-0600,174.58200000000002,174.06799999999998,0.011,0.011
08.03.2021 08:34:07.783 GMT-0600,174.573,174.077,0.0008,0.0008
08.03.2021 08:34:08.012 GMT-0600,174.58200000000002,174.078,0.011,0.011
08.03.2021 08:34:08.483 GMT-0600,174.572,174.088,0.0075,0.0075
08.03.2021 08:34:08.584 GMT-0600,174.583,174.357,0.011,0.011
08.03.2021 08:34:08.769 GMT-0600,174.583,174.08700000000002,0.011,0.011
08.03.2021 08:34:09.656 GMT-0600,174.583,174.097,0.011,0.0075
08.03.2021 08:34:09.706 GMT-0600,174.583,174.08700000000002,0.011,0.011
08.03.2021 08:34:10.143 GMT-0600,174.58200000000002,174.278,0.011,0.0075
08.03.2021 08:34:10.839 GMT-0600,174.583,174.287,0.011,0.0008
08.03.2021 08:34:11.251 GMT-0600,174.583,174.36700000000002,0.011,0.0008
08.03.2021 08:34:12.070 GMT-0600,174.583,174.287,0.011,0.011
08.03.2021 08:34:13.889 GMT-0600,174.583,174.27700000000002,0.011,0.011
08.03.2021 08:34:14.131 GMT-0600,174.583,174.287,0.011,0.0075
08.03.2021 08:34:14.181 GMT-0600,174.58200000000002,174.278,0.011,0.011
08.03.2021 08:34:14.342 GMT-0600,174.583,174.39700000000002,0.011,0.0075
08.03.2021 08:34:14.914 GMT-0600,174.58200000000002,174.28799999999998,0.011,0.011
08.03.2021 08:34:15.054 GMT-0600,174.882,174.278,0.0008,0.011
08.03.2021 08:34:15.484 GMT-0600,174.89200000000002,174.28799999999998,0.011,0.0075
08.03.2021 08:34:15.535 GMT-0600,174.893,174.27700000000002,0.011,0.011
08.03.2021 08:34:15.588 GMT-0600,174.883,174.27700000000002,0.0075,0.011
08.03.2021 08:34:15.638 GMT-0600,174.89200000000002,174.278,0.011,0.011
08.03.2021 08:34:15.750 GMT-0600,174.893,174.42700000000002,0.011,0.0075
08.03.2021 08:34:16.150 GMT-0600,174.882,174.428,0.0008,0.011
08.03.2021 08:34:16.200 GMT-0600,174.893,174.42700000000002,0.011,0.011
08.03.2021 08:34:17.437 GMT-0600,174.882,174.428,0.011,0.011
08.03.2021 08:34:17.909 GMT-0600,174.89200000000002,174.428,0.011,0.011
08.03.2021 08:34:18.741 GMT-0600,174.882,174.428,0.0075,0.011
08.03.2021 08:34:18.992 GMT-0600,174.893,174.42700000000002,0.011,0.011
08.03.2021 08:34:19.818 GMT-0600,174.893,174.437,0.011,0.0008
08.03.2021 08:34:20.056 GMT-0600,174.882,174.428,0.011,0.011
08.03.2021 08:34:20.168 GMT-0600,174.89200000000002,174.428,0.011,0.011
08.03.2021 08:34:21.663 GMT-0600,174.782,174.428,0.011,0.011
08.03.2021 08:34:22.109 GMT-0600,174.783,174.27700000000002,0.011,0.011
08.03.2021 08:34:23.430 GMT-0600,174.77200000000002,174.28799999999998,0.0075,0.0075
08.03.2021 08:34:23.598 GMT-0600,174.783,174.287,0.011,0.011
08.03.2021 08:34:23.757 GMT-0600,174.783,174.27700000000002,0.011,0.011
08.03.2021 08:34:25.473 GMT-0600,174.782,174.448,0.011,0.0075
08.03.2021 08:34:27.002 GMT-0600,174.77200000000002,174.448,0.0075,0.0008
08.03.2021 08:34:27.053 GMT-0600,174.77200000000002,174.28799999999998,0.011,0.011
08.03.2021 08:34:27.201 GMT-0600,174.783,174.27700000000002,0.011,0.011
08.03.2021 08:34:27.583 GMT-0600,174.782,174.418,0.011,0.0075
08.03.2021 08:34:27.634 GMT-0600,174.40200000000002,174.06799999999998,0.011,0.011
08.03.2021 08:34:30.894 GMT-0600,174.27200000000002,173.858,0.011,0.011
08.03.2021 08:34:30.994 GMT-0600,174.463,174.02700000000002,0.011,0.011
08.03.2021 08:34:31.044 GMT-0600,174.343,174.02700000000002,0.011,0.011
08.03.2021 08:34:31.256 GMT-0600,174.342,173.858,0.011,0.011
08.03.2021 08:34:31.681 GMT-0600,174.343,173.86700000000002,0.011,0.0008
08.03.2021 08:34:31.782 GMT-0600,174.342,173.858,0.011,0.011
08.03.2021 08:34:32.941 GMT-0600,174.342,173.868,0.011,0.011
08.03.2021 08:34:33.173 GMT-0600,174.343,173.857,0.011,0.011
08.03.2021 08:34:34.105 GMT-0600,174.33200000000002,173.868,0.0075,0.0075
08.03.2021 08:34:34.156 GMT-0600,174.342,173.858,0.011,0.011
08.03.2021 08:34:35.640 GMT-0600,174.342,173.868,0.011,0.0075
08.03.2021 08:34:35.859 GMT-0600,174.343,174.02700000000002,0.011,0.0075
08.03.2021 08:34:36.698 GMT-0600,174.342,173.858,0.011,0.011
08.03.2021 08:34:37.065 GMT-0600,174.342,174.028,0.011,0.0008
08.03.2021 08:34:37.533 GMT-0600,174.342,173.868,0.011,0.011
08.03.2021 08:34:37.645 GMT-0600,174.342,173.858,0.011,0.011
08.03.2021 08:34:38.169 GMT-0600,174.342,173.868,0.011,0.0075
08.03.2021 08:34:38.538 GMT-0600,174.343,173.857,0.011,0.011
08.03.2021 08:34:38.835 GMT-0600,174.342,173.928,0.011,0.0075
08.03.2021 08:34:39.082 GMT-0600,174.342,173.938,0.011,0.0008
08.03.2021 08:34:39.183 GMT-0600,174.343,173.857,0.011,0.011
08.03.2021 08:34:39.233 GMT-0600,174.342,173.938,0.011,0.011
08.03.2021 08:34:39.284 GMT-0600,174.343,173.857,0.011,0.011
08.03.2021 08:34:39.334 GMT-0600,174.342,173.938,0.011,0.011
08.03.2021 08:34:39.384 GMT-0600,174.342,173.858,0.011,0.011
08.03.2021 08:34:39.747 GMT-0600,174.342,173.938,0.011,0.0075
08.03.2021 08:34:40.196 GMT-0600,174.463,173.937,0.011,0.011
08.03.2021 08:34:40.557 GMT-0600,174.452,173.938,0.0075,0.011
08.03.2021 08:34:40.657 GMT-0600,174.463,173.937,0.011,0.011
08.03.2021 08:34:41.193 GMT-0600,174.452,173.938,0.0075,0.011
08.03.2021 08:34:41.293 GMT-0600,174.452,173.868,0.011,0.011
08.03.2021 08:34:41.383 GMT-0600,174.103,173.86700000000002,0.0075,0.0008
08.03.2021 08:34:41.433 GMT-0600,174.103,173.80700000000002,0.011,0.011
08.03.2021 08:34:42.032 GMT-0600,174.092,173.768,0.0075,0.011
08.03.2021 08:34:42.157 GMT-0600,174.102,173.768,0.011,0.011
08.03.2021 08:34:44.661 GMT-0600,174.092,173.768,0.0075,0.011
08.03.2021 08:34:44.881 GMT-0600,174.102,173.768,0.011,0.011
08.03.2021 08:34:44.948 GMT-0600,174.013,173.76700000000002,0.0075,0.0008
08.03.2021 08:34:44.999 GMT-0600,174.283,173.697,0.011,0.011
08.03.2021 08:34:45.382 GMT-0600,174.123,173.697,0.011,0.011
08.03.2021 08:34:45.538 GMT-0600,174.11200000000002,173.698,0.0075,0.011
08.03.2021 08:34:45.588 GMT-0600,174.123,173.697,0.011,0.011
08.03.2021 08:34:46.080 GMT-0600,174.11200000000002,173.698,0.011,0.011
08.03.2021 08:34:46.266 GMT-0600,174.122,173.698,0.011,0.011
08.03.2021 08:34:47.107 GMT-0600,174.113,173.697,0.011,0.011
08.03.2021 08:34:47.299 GMT-0600,174.123,173.697,0.011,0.011
08.03.2021 08:34:47.656 GMT-0600,174.123,173.80700000000002,0.011,0.0075
08.03.2021 08:34:47.706 GMT-0600,174.122,173.698,0.011,0.011
08.03.2021 08:34:47.820 GMT-0600,174.113,173.697,0.011,0.011
08.03.2021 08:34:48.085 GMT-0600,174.122,173.698,0.011,0.011
08.03.2021 08:34:48.241 GMT-0600,174.123,173.747,0.011,0.0008
08.03.2021 08:34:48.292 GMT-0600,174.123,173.697,0.011,0.011
08.03.2021 08:34:48.707 GMT-0600,174.11200000000002,173.698,0.0075,0.011
08.03.2021 08:34:48.758 GMT-0600,174.123,173.697,0.011,0.011
08.03.2021 08:34:49.342 GMT-0600,174.11200000000002,173.698,0.0008,0.011
08.03.2021 08:34:49.622 GMT-0600,174.123,173.697,0.011,0.011
08.03.2021 08:34:50.255 GMT-0600,174.11200000000002,173.698,0.0075,0.011
08.03.2021 08:34:50.390 GMT-0600,174.123,173.697,0.011,0.011
08.03.2021 08:34:51.185 GMT-0600,174.113,173.697,0.0075,0.011
08.03.2021 08:34:51.592 GMT-0600,174.113,173.757,0.011,0.0008
08.03.2021 08:34:51.643 GMT-0600,174.122,173.758,0.011,0.011
08.03.2021 08:34:51.858 GMT-0600,174.123,173.697,0.011,0.011
08.03.2021 08:34:53.981 GMT-0600,174.11200000000002,173.698,0.0008,0.011
08.03.2021 08:34:54.358 GMT-0600,174.122,173.698,0.011,0.011
08.03.2021 08:34:54.493 GMT-0600,174.122,173.758,0.011,0.0075
08.03.2021 08:34:54.704 GMT-0600,173.923,173.757,0.011,0.011
08.03.2021 08:34:54.812 GMT-0600,174.113,173.76700000000002,0.011,0.011
08.03.2021 08:34:55.725 GMT-0600,174.122,173.768,0.011,0.011
08.03.2021 08:34:55.870 GMT-0600,174.123,173.757,0.011,0.011
08.03.2021 08:34:56.513 GMT-0600,174.123,173.77700000000002,0.011,0.0075
08.03.2021 08:34:56.563 GMT-0600,174.123,173.757,0.011,0.011
08.03.2021 08:34:56.649 GMT-0600,174.123,173.787,0.011,0.0075
08.03.2021 08:34:57.142 GMT-0600,174.123,173.757,0.011,0.011
08.03.2021 08:34:59.273 GMT-0600,174.123,173.787,0.011,0.0008
08.03.2021 08:34:59.555 GMT-0600,174.123,173.757,0.011,0.011
08.03.2021 08:35:00.556 GMT-0600,174.123,173.76700000000002,0.011,0.0008
08.03.2021 08:35:00.656 GMT-0600,174.122,173.758,0.011,0.011
08.03.2021 08:35:00.742 GMT-0600,174.123,173.80700000000002,0.011,0.0008
08.03.2021 08:35:01.393 GMT-0600,174.24200000000002,173.758,0.011,0.011
08.03.2021 08:35:01.586 GMT-0600,174.24200000000002,173.918,0.011,0.0075
08.03.2021 08:35:05.481 GMT-0600,174.24200000000002,173.938,0.011,0.0075
08.03.2021 08:35:05.785 GMT-0600,174.24200000000002,173.858,0.011,0.011
08.03.2021 08:35:06.024 GMT-0600,174.243,173.997,0.011,0.0075
08.03.2021 08:35:11.841 GMT-0600,174.243,174.167,0.0008,0.0075
08.03.2021 08:35:11.892 GMT-0600,174.382,174.03799999999998,0.011,0.011
08.03.2021 08:35:12.623 GMT-0600,174.372,174.03799999999998,0.011,0.011
08.03.2021 08:35:12.757 GMT-0600,174.382,174.03799999999998,0.011,0.011
08.03.2021 08:35:13.530 GMT-0600,174.373,174.037,0.0075,0.011
08.03.2021 08:35:13.656 GMT-0600,174.373,174.097,0.011,0.011
08.03.2021 08:35:13.707 GMT-0600,174.383,174.037,0.011,0.011
08.03.2021 08:35:13.757 GMT-0600,174.383,174.097,0.011,0.011
08.03.2021 08:35:14.240 GMT-0600,174.372,174.09799999999998,0.0075,0.011
08.03.2021 08:35:14.619 GMT-0600,174.382,174.09799999999998,0.011,0.011
08.03.2021 08:35:15.190 GMT-0600,174.373,174.097,0.0075,0.011
08.03.2021 08:35:15.475 GMT-0600,174.383,174.097,0.011,0.011
08.03.2021 08:35:16.240 GMT-0600,174.373,174.097,0.0075,0.011
08.03.2021 08:35:16.341 GMT-0600,174.383,174.097,0.011,0.011
08.03.2021 08:35:16.392 GMT-0600,174.382,174.03799999999998,0.011,0.011
08.03.2021 08:35:16.754 GMT-0600,174.383,174.097,0.011,0.0075
08.03.2021 08:35:16.952 GMT-0600,174.383,174.107,0.011,0.011
08.03.2021 08:35:17.002 GMT-0600,174.46200000000002,174.09799999999998,0.011,0.011
08.03.2021 08:35:17.103 GMT-0600,174.533,174.23700000000002,0.011,0.011
08.03.2021 08:35:17.212 GMT-0600,174.52200000000002,174.238,0.0075,0.011
08.03.2021 08:35:17.263 GMT-0600,174.533,174.23700000000002,0.011,0.011
08.03.2021 08:35:18.297 GMT-0600,174.523,174.23700000000002,0.0008,0.011
08.03.2021 08:35:18.490 GMT-0600,174.532,174.238,0.011,0.011
08.03.2021 08:35:19.364 GMT-0600,174.52200000000002,174.238,0.011,0.011
08.03.2021 08:35:19.562 GMT-0600,174.532,174.238,0.011,0.011
08.03.2021 08:35:20.297 GMT-0600,174.532,174.308,0.0008,0.0075
08.03.2021 08:35:20.347 GMT-0600,174.382,174.03799999999998,0.011,0.011
08.03.2021 08:35:20.404 GMT-0600,174.383,174.23700000000002,0.011,0.0008
08.03.2021 08:35:20.504 GMT-0600,174.633,174.27700000000002,0.011,0.011
08.03.2021 08:35:21.362 GMT-0600,174.622,174.278,0.0008,0.011
08.03.2021 08:35:21.594 GMT-0600,174.632,174.278,0.011,0.011
08.03.2021 08:35:22.034 GMT-0600,174.623,174.27700000000002,0.011,0.011
08.03.2021 08:35:22.156 GMT-0600,174.632,174.278,0.011,0.011
08.03.2021 08:35:23.614 GMT-0600,174.622,174.278,0.0075,0.011
08.03.2021 08:35:23.890 GMT-0600,174.632,174.278,0.011,0.011
08.03.2021 08:35:24.482 GMT-0600,174.622,174.278,0.0008,0.011
08.03.2021 08:35:24.583 GMT-0600,174.632,174.278,0.011,0.011
08.03.2021 08:35:26.838 GMT-0600,174.315,174.27700000000002,0.0075,0.0008
08.03.2021 08:35:26.888 GMT-0600,174.43200000000002,174.03799999999998,0.011,0.011
08.03.2021 08:35:27.065 GMT-0600,174.363,174.037,0.0075,0.011
08.03.2021 08:35:28.346 GMT-0600,174.363,174.047,0.011,0.0075
08.03.2021 08:35:28.559 GMT-0600,174.36200000000002,174.03799999999998,0.011,0.011
08.03.2021 08:35:29.015 GMT-0600,174.36200000000002,174.048,0.011,0.0075
08.03.2021 08:35:29.410 GMT-0600,174.363,174.037,0.011,0.011
08.03.2021 08:35:29.677 GMT-0600,174.352,174.03799999999998,0.011,0.011
08.03.2021 08:35:29.910 GMT-0600,174.36200000000002,174.03799999999998,0.011,0.011
08.03.2021 08:35:29.960 GMT-0600,174.22299999999998,174.037,0.011,0.011
08.03.2021 08:35:30.010 GMT-0600,174.36200000000002,174.03799999999998,0.011,0.011
08.03.2021 08:35:30.253 GMT-0600,174.36200000000002,174.118,0.011,0.0008
08.03.2021 08:35:30.303 GMT-0600,174.363,174.037,0.011,0.011
08.03.2021 08:35:30.393 GMT-0600,174.36200000000002,174.088,0.011,0.0075
08.03.2021 08:35:31.617 GMT-0600,174.36200000000002,174.03799999999998,0.011,0.011
08.03.2021 08:35:31.746 GMT-0600,174.102,173.858,0.011,0.011
08.03.2021 08:35:31.846 GMT-0600,174.243,173.697,0.011,0.011
08.03.2021 08:35:31.896 GMT-0600,174.24200000000002,173.84799999999998,0.011,0.011
08.03.2021 08:35:32.117 GMT-0600,174.24200000000002,173.918,0.011,0.0075
08.03.2021 08:35:32.456 GMT-0600,174.232,173.84799999999998,0.011,0.011
08.03.2021 08:35:33.062 GMT-0600,174.24200000000002,173.918,0.011,0.0008
08.03.2021 08:35:33.402 GMT-0600,174.24200000000002,173.84799999999998,0.011,0.011
08.03.2021 08:35:36.478 GMT-0600,174.243,173.917,0.011,0.0008
08.03.2021 08:35:36.739 GMT-0600,174.24200000000002,173.84799999999998,0.011,0.011
08.03.2021 08:35:37.253 GMT-0600,174.232,173.84799999999998,0.0075,0.011
08.03.2021 08:35:37.675 GMT-0600,174.243,173.917,0.011,0.0075
08.03.2021 08:35:37.726 GMT-0600,174.24200000000002,173.84799999999998,0.011,0.011
08.03.2021 08:35:37.962 GMT-0600,174.042,173.84799999999998,0.0075,0.0008
08.03.2021 08:35:38.012 GMT-0600,174.19299999999998,173.697,0.011,0.011
08.03.2021 08:35:39.086 GMT-0600,174.032,173.84799999999998,0.011,0.011
08.03.2021 08:35:39.481 GMT-0600,174.023,173.70700000000002,0.011,0.011
08.03.2021 08:35:39.561 GMT-0600,174.023,173.697,0.011,0.011
08.03.2021 08:35:40.478 GMT-0600,174.032,173.708,0.011,0.011
08.03.2021 08:35:40.658 GMT-0600,174.032,173.698,0.011,0.011
08.03.2021 08:35:42.203 GMT-0600,174.192,173.698,0.011,0.011
08.03.2021 08:35:42.831 GMT-0600,174.18200000000002,173.698,0.0075,0.011
08.03.2021 08:35:42.932 GMT-0600,174.19299999999998,173.697,0.011,0.011
08.03.2021 08:35:43.851 GMT-0600,174.18200000000002,173.708,0.0075,0.0075
08.03.2021 08:35:43.988 GMT-0600,174.192,173.758,0.011,0.011
08.03.2021 08:35:44.391 GMT-0600,174.192,173.698,0.011,0.011
08.03.2021 08:35:45.953 GMT-0600,174.18200000000002,173.698,0.0075,0.011
08.03.2021 08:35:46.114 GMT-0600,174.19299999999998,173.697,0.011,0.011
08.03.2021 08:35:46.568 GMT-0600,174.183,173.70700000000002,0.0075,0.0075
08.03.2021 08:35:47.007 GMT-0600,174.192,173.798,0.011,0.011
08.03.2021 08:35:47.713 GMT-0600,174.19299999999998,173.697,0.011,0.011
08.03.2021 08:35:47.764 GMT-0600,174.183,173.797,0.011,0.011
08.03.2021 08:35:47.907 GMT-0600,174.19299999999998,173.797,0.011,0.011
08.03.2021 08:35:48.607 GMT-0600,174.183,173.797,0.0008,0.011
08.03.2021 08:35:48.708 GMT-0600,174.192,173.798,0.011,0.011
08.03.2021 08:35:49.309 GMT-0600,174.18200000000002,173.798,0.0008,0.0075
08.03.2021 08:35:49.359 GMT-0600,174.183,173.70700000000002,0.011,0.011
08.03.2021 08:35:49.926 GMT-0600,174.173,173.70700000000002,0.0008,0.0008
08.03.2021 08:35:50.171 GMT-0600,174.18200000000002,173.698,0.011,0.011
08.03.2021 08:35:50.735 GMT-0600,174.173,173.70700000000002,0.0075,0.0075
08.03.2021 08:35:50.931 GMT-0600,174.192,173.698,0.011,0.011
08.03.2021 08:35:51.621 GMT-0600,174.183,173.70700000000002,0.0075,0.0075
08.03.2021 08:35:51.838 GMT-0600,174.072,173.798,0.011,0.0075
08.03.2021 08:35:52.747 GMT-0600,174.073,173.697,0.011,0.011
08.03.2021 08:35:53.133 GMT-0600,174.073,173.70700000000002,0.011,0.011
08.03.2021 08:35:53.314 GMT-0600,174.072,173.698,0.011,0.011
08.03.2021 08:35:56.954 GMT-0600,174.073,173.70700000000002,0.011,0.0075
08.03.2021 08:35:57.217 GMT-0600,174.072,173.698,0.011,0.011
08.03.2021 08:35:59.352 GMT-0600,174.073,173.70700000000002,0.011,0.0075
08.03.2021 08:35:59.613 GMT-0600,174.073,173.697,0.011,0.011
08.03.2021 08:36:00.218 GMT-0600,174.072,173.708,0.011,0.0075
08.03.2021 08:36:00.517 GMT-0600,174.073,173.697,0.011,0.011
08.03.2021 08:36:00.568 GMT-0600,173.753,173.507,0.011,0.011
08.03.2021 08:36:01.915 GMT-0600,173.872,173.698,0.0008,0.011
08.03.2021 08:36:01.965 GMT-0600,174.033,173.697,0.011,0.011
08.03.2021 08:36:02.016 GMT-0600,174.072,173.698,0.011,0.011
08.03.2021 08:36:02.259 GMT-0600,174.072,173.718,0.011,0.0075
08.03.2021 08:36:02.606 GMT-0600,174.002,173.718,0.011,0.011
08.03.2021 08:36:03.054 GMT-0600,173.993,173.77700000000002,0.0075,0.0075
08.03.2021 08:36:03.104 GMT-0600,174.073,173.77700000000002,0.011,0.011
08.03.2021 08:36:05.996 GMT-0600,174.063,173.77700000000002,0.0075,0.011
08.03.2021 08:36:06.162 GMT-0600,174.073,173.77700000000002,0.011,0.011
08.03.2021 08:36:06.746 GMT-0600,174.062,173.778,0.011,0.011
08.03.2021 08:36:07.274 GMT-0600,174.073,173.77700000000002,0.011,0.011
08.03.2021 08:36:08.768 GMT-0600,174.063,173.77700000000002,0.0075,0.011
08.03.2021 08:36:09.071 GMT-0600,174.072,173.778,0.011,0.011
08.03.2021 08:36:09.961 GMT-0600,174.062,173.778,0.0075,0.011
08.03.2021 08:36:10.407 GMT-0600,174.072,173.778,0.011,0.011
08.03.2021 08:36:11.705 GMT-0600,174.063,173.77700000000002,0.011,0.011
08.03.2021 08:36:12.209 GMT-0600,174.073,173.77700000000002,0.011,0.011
08.03.2021 08:36:12.690 GMT-0600,174.062,173.778,0.0075,0.011
08.03.2021 08:36:12.790 GMT-0600,174.072,173.778,0.011,0.011
08.03.2021 08:36:14.537 GMT-0600,174.062,173.778,0.0075,0.011
08.03.2021 08:36:14.910 GMT-0600,174.073,173.77700000000002,0.011,0.011
08.03.2021 08:36:15.493 GMT-0600,174.062,173.778,0.0008,0.011
08.03.2021 08:36:15.808 GMT-0600,174.073,173.77700000000002,0.011,0.011
08.03.2021 08:36:16.577 GMT-0600,174.062,173.778,0.0075,0.011
08.03.2021 08:36:16.732 GMT-0600,174.073,173.77700000000002,0.011,0.011
08.03.2021 08:36:17.423 GMT-0600,174.033,173.77700000000002,0.0008,0.011
08.03.2021 08:36:17.473 GMT-0600,174.073,173.77700000000002,0.011,0.011
08.03.2021 08:36:17.757 GMT-0600,174.033,173.67700000000002,0.011,0.011
08.03.2021 08:36:17.866 GMT-0600,174.033,173.667,0.011,0.011
08.03.2021 08:36:18.424 GMT-0600,173.91299999999998,173.667,0.0075,0.011
08.03.2021 08:36:20.555 GMT-0600,173.893,173.667,0.011,0.011
08.03.2021 08:36:22.072 GMT-0600,173.812,173.668,0.0008,0.011
08.03.2021 08:36:22.122 GMT-0600,174.033,173.667,0.011,0.011
08.03.2021 08:36:22.571 GMT-0600,174.02200000000002,173.728,0.0075,0.0075
08.03.2021 08:36:22.622 GMT-0600,174.02200000000002,173.668,0.011,0.011
08.03.2021 08:36:22.688 GMT-0600,174.023,173.697,0.011,0.0008
08.03.2021 08:36:23.240 GMT-0600,174.012,173.698,0.0008,0.011
08.03.2021 08:36:23.290 GMT-0600,174.023,173.697,0.011,0.011
08.03.2021 08:36:23.568 GMT-0600,174.033,173.697,0.011,0.011
08.03.2021 08:36:23.763 GMT-0600,174.023,173.697,0.0008,0.011
08.03.2021 08:36:23.814 GMT-0600,174.033,173.697,0.011,0.011
08.03.2021 08:36:24.412 GMT-0600,174.023,173.697,0.0075,0.011
08.03.2021 08:36:24.512 GMT-0600,174.032,173.698,0.011,0.011
08.03.2021 08:36:25.014 GMT-0600,174.02200000000002,173.698,0.011,0.011
08.03.2021 08:36:25.207 GMT-0600,174.033,173.697,0.011,0.011
08.03.2021 08:36:26.074 GMT-0600,173.903,173.80700000000002,0.0075,0.0075
08.03.2021 08:36:26.125 GMT-0600,174.072,173.808,0.011,0.011
08.03.2021 08:36:26.187 GMT-0600,174.072,173.84799999999998,0.011,0.0075
08.03.2021 08:36:27.772 GMT-0600,174.063,173.847,0.0075,0.011
08.03.2021 08:36:27.823 GMT-0600,174.062,173.688,0.011,0.011
08.03.2021 08:36:27.879 GMT-0600,174.062,173.937,0.011,0.0008
08.03.2021 08:36:27.929 GMT-0600,174.062,173.918,0.011,0.011
08.03.2021 08:36:28.062 GMT-0600,174.19299999999998,173.917,0.011,0.011
08.03.2021 08:36:28.259 GMT-0600,174.19299999999998,173.977,0.0008,0.0075
08.03.2021 08:36:28.309 GMT-0600,174.24200000000002,173.878,0.011,0.011
08.03.2021 08:36:28.363 GMT-0600,174.243,173.92700000000002,0.011,0.0075
08.03.2021 08:36:31.128 GMT-0600,174.24200000000002,173.888,0.011,0.011
08.03.2021 08:36:31.309 GMT-0600,174.24200000000002,173.878,0.011,0.011
08.03.2021 08:36:31.473 GMT-0600,174.24200000000002,173.998,0.011,0.0075
08.03.2021 08:36:33.083 GMT-0600,174.403,173.997,0.011,0.011
08.03.2021 08:36:33.154 GMT-0600,174.36200000000002,173.998,0.0075,0.011
08.03.2021 08:36:33.298 GMT-0600,174.352,173.998,0.0075,0.011
08.03.2021 08:36:33.582 GMT-0600,174.36200000000002,173.998,0.011,0.011
08.03.2021 08:36:35.408 GMT-0600,174.43200000000002,173.998,0.011,0.011
08.03.2021 08:36:35.668 GMT-0600,174.36200000000002,173.998,0.0008,0.011
08.03.2021 08:36:36.023 GMT-0600,174.433,173.997,0.011,0.011
08.03.2021 08:36:36.073 GMT-0600,174.43200000000002,174.008,0.011,0.011
08.03.2021 08:36:36.197 GMT-0600,174.363,174.007,0.0008,0.011
08.03.2021 08:36:36.882 GMT-0600,174.36200000000002,173.998,0.011,0.011
08.03.2021 08:36:37.768 GMT-0600,174.36200000000002,174.008,0.011,0.0075
08.03.2021 08:36:37.868 GMT-0600,174.433,174.007,0.011,0.011
08.03.2021 08:36:38.255 GMT-0600,174.423,174.007,0.0075,0.011
08.03.2021 08:36:38.587 GMT-0600,174.433,174.007,0.011,0.011
08.03.2021 08:36:39.393 GMT-0600,174.423,174.007,0.0075,0.011
08.03.2021 08:36:39.607 GMT-0600,174.433,174.007,0.011,0.011
08.03.2021 08:36:40.366 GMT-0600,174.423,174.007,0.0075,0.011
08.03.2021 08:36:40.544 GMT-0600,174.43200000000002,174.008,0.011,0.011
08.03.2021 08:36:41.258 GMT-0600,174.422,174.008,0.0008,0.011
08.03.2021 08:36:41.308 GMT-0600,174.433,174.007,0.011,0.011
08.03.2021 08:36:42.374 GMT-0600,174.423,174.007,0.0008,0.011
08.03.2021 08:36:42.424 GMT-0600,174.433,174.007,0.011,0.011
08.03.2021 08:36:43.114 GMT-0600,174.422,174.008,0.0008,0.011
08.03.2021 08:36:43.215 GMT-0600,174.43200000000002,174.008,0.011,0.011
08.03.2021 08:36:43.720 GMT-0600,174.423,174.007,0.0075,0.011
08.03.2021 08:36:44.085 GMT-0600,174.433,174.007,0.011,0.011
08.03.2021 08:36:44.662 GMT-0600,174.422,174.008,0.0075,0.011
08.03.2021 08:36:45.061 GMT-0600,174.433,174.007,0.011,0.011
08.03.2021 08:36:45.146 GMT-0600,174.43200000000002,174.03799999999998,0.011,0.011
08.03.2021 08:36:45.703 GMT-0600,174.433,174.167,0.011,0.011
08.03.2021 08:36:45.908 GMT-0600,174.423,174.167,0.0075,0.011
08.03.2021 08:36:45.958 GMT-0600,174.433,174.167,0.011,0.011
08.03.2021 08:36:46.326 GMT-0600,174.43200000000002,174.258,0.0008,0.0075
08.03.2021 08:36:46.377 GMT-0600,174.633,174.197,0.011,0.011
08.03.2021 08:36:46.455 GMT-0600,174.52200000000002,174.208,0.0075,0.0075
08.03.2021 08:36:46.505 GMT-0600,174.523,174.197,0.011,0.011
08.03.2021 08:36:47.023 GMT-0600,174.523,174.26700000000002,0.011,0.0075
08.03.2021 08:36:47.758 GMT-0600,174.52200000000002,174.298,0.011,0.011
08.03.2021 08:36:47.880 GMT-0600,174.372,174.298,0.0075,0.0008
08.03.2021 08:36:47.931 GMT-0600,174.372,174.03799999999998,0.011,0.011
08.03.2021 08:36:48.057 GMT-0600,174.373,174.197,0.011,0.0075
08.03.2021 08:36:48.295 GMT-0600,174.452,174.34799999999998,0.011,0.011
08.03.2021 08:36:48.345 GMT-0600,174.632,174.198,0.011,0.011
08.03.2021 08:36:48.396 GMT-0600,174.632,174.338,0.011,0.011
08.03.2021 08:36:48.547 GMT-0600,174.623,174.33700000000002,0.0008,0.011
08.03.2021 08:36:48.647 GMT-0600,174.632,174.198,0.011,0.011
08.03.2021 08:36:48.921 GMT-0600,174.633,174.20700000000002,0.011,0.0075
08.03.2021 08:36:49.094 GMT-0600,174.633,174.197,0.011,0.011
08.03.2021 08:36:49.145 GMT-0600,174.623,174.197,0.011,0.011
08.03.2021 08:36:49.195 GMT-0600,174.632,174.198,0.011,0.011
08.03.2021 08:36:49.886 GMT-0600,174.632,174.338,0.011,0.0075
08.03.2021 08:36:49.986 GMT-0600,174.632,174.198,0.011,0.011
08.03.2021 08:36:50.337 GMT-0600,174.622,174.208,0.0008,0.0008
08.03.2021 08:36:50.438 GMT-0600,174.633,174.33700000000002,0.011,0.011
08.03.2021 08:36:51.181 GMT-0600,174.632,174.198,0.011,0.011
08.03.2021 08:36:51.430 GMT-0600,174.623,174.20700000000002,0.0008,0.0008
08.03.2021 08:36:51.632 GMT-0600,174.633,174.197,0.011,0.011
08.03.2021 08:36:52.226 GMT-0600,174.623,174.20700000000002,0.0075,0.0075
08.03.2021 08:36:52.706 GMT-0600,174.632,174.198,0.011,0.011
08.03.2021 08:36:53.537 GMT-0600,174.623,174.20700000000002,0.0008,0.0008
08.03.2021 08:36:53.587 GMT-0600,174.632,174.198,0.011,0.011
08.03.2021 08:36:54.229 GMT-0600,174.622,174.208,0.0075,0.0075
08.03.2021 08:36:54.380 GMT-0600,174.453,174.197,0.011,0.011
08.03.2021 08:36:55.456 GMT-0600,174.453,173.887,0.011,0.011
08.03.2021 08:36:55.562 GMT-0600,174.452,173.878,0.011,0.011
08.03.2021 08:36:56.150 GMT-0600,174.44299999999998,173.887,0.0075,0.0075
08.03.2021 08:36:56.260 GMT-0600,174.452,173.878,0.011,0.011
08.03.2021 08:36:56.818 GMT-0600,174.44299999999998,173.887,0.011,0.011
08.03.2021 08:36:57.209 GMT-0600,174.453,173.877,0.011,0.011
08.03.2021 08:36:57.907 GMT-0600,174.44299999999998,173.887,0.011,0.011
08.03.2021 08:36:58.109 GMT-0600,174.453,173.877,0.011,0.011
08.03.2021 08:36:58.605 GMT-0600,174.292,173.878,0.0008,0.011
08.03.2021 08:36:58.705 GMT-0600,174.292,173.718,0.011,0.011
08.03.2021 08:36:58.761 GMT-0600,174.293,173.877,0.011,0.0075
08.03.2021 08:37:00.590 GMT-0600,174.293,173.907,0.011,0.011
08.03.2021 08:37:00.808 GMT-0600,174.233,173.907,0.011,0.011
08.03.2021 08:37:01.098 GMT-0600,174.232,173.878,0.011,0.011
08.03.2021 08:37:02.031 GMT-0600,174.122,173.878,0.011,0.011
08.03.2021 08:37:02.082 GMT-0600,174.262,173.878,0.011,0.011
08.03.2021 08:37:02.639 GMT-0600,174.102,173.878,0.0075,0.0008
08.03.2021 08:37:02.689 GMT-0600,174.103,173.717,0.011,0.011
08.03.2021 08:37:02.749 GMT-0600,174.103,173.727,0.011,0.0008
08.03.2021 08:37:02.849 GMT-0600,174.103,173.717,0.011,0.011
08.03.2021 08:37:03.102 GMT-0600,174.103,173.877,0.011,0.0075
08.03.2021 08:37:04.591 GMT-0600,174.103,173.89700000000002,0.011,0.0075
08.03.2021 08:37:05.228 GMT-0600,174.093,173.89700000000002,0.0075,0.0008
08.03.2021 08:37:05.279 GMT-0600,174.103,173.717,0.011,0.011
08.03.2021 08:37:07.429 GMT-0600,174.103,173.817,0.011,0.0075
08.03.2021 08:37:08.105 GMT-0600,174.102,173.728,0.011,0.011
08.03.2021 08:37:08.256 GMT-0600,174.103,173.717,0.011,0.011
08.03.2021 08:37:08.463 GMT-0600,174.103,173.827,0.011,0.011
08.03.2021 08:37:12.354 GMT-0600,174.102,173.878,0.011,0.0075
08.03.2021 08:37:13.920 GMT-0600,174.103,173.887,0.011,0.0008
08.03.2021 08:37:14.115 GMT-0600,174.102,173.878,0.011,0.011
08.03.2021 08:37:15.279 GMT-0600,174.102,173.888,0.011,0.0075
08.03.2021 08:37:15.554 GMT-0600,174.103,173.877,0.011,0.011
08.03.2021 08:37:16.047 GMT-0600,174.442,174.03799999999998,0.011,0.011
08.03.2021 08:37:16.147 GMT-0600,174.452,174.09799999999998,0.011,0.011
08.03.2021 08:37:16.469 GMT-0600,174.262,174.09799999999998,0.0075,0.011
08.03.2021 08:37:16.646 GMT-0600,174.36200000000002,174.09799999999998,0.011,0.011
08.03.2021 08:37:16.860 GMT-0600,174.352,174.09799999999998,0.0075,0.011
08.03.2021 08:37:16.960 GMT-0600,174.453,174.097,0.011,0.011
08.03.2021 08:37:19.066 GMT-0600,174.263,174.097,0.0075,0.011
08.03.2021 08:37:21.756 GMT-0600,174.353,173.89700000000002,0.011,0.011
08.03.2021 08:37:22.592 GMT-0600,174.342,173.908,0.0075,0.0075
08.03.2021 08:37:22.694 GMT-0600,174.353,173.907,0.011,0.011
08.03.2021 08:37:23.208 GMT-0600,174.263,173.907,0.0008,0.011
08.03.2021 08:37:23.574 GMT-0600,174.353,173.89700000000002,0.011,0.011
08.03.2021 08:37:24.946 GMT-0600,174.353,173.907,0.011,0.011
08.03.2021 08:37:25.072 GMT-0600,174.353,173.997,0.011,0.0075
08.03.2021 08:37:25.517 GMT-0600,174.342,173.998,0.0075,0.011
08.03.2021 08:37:25.668 GMT-0600,174.452,174.028,0.011,0.011
08.03.2021 08:37:25.754 GMT-0600,174.382,174.028,0.011,0.011
08.03.2021 08:37:25.862 GMT-0600,174.383,174.037,0.011,0.0075
08.03.2021 08:37:25.963 GMT-0600,174.372,174.138,0.011,0.011
08.03.2021 08:37:27.275 GMT-0600,174.26500000000001,174.218,0.0008,0.0075
08.03.2021 08:37:27.326 GMT-0600,174.452,174.178,0.011,0.011
08.03.2021 08:37:31.882 GMT-0600,174.633,174.17700000000002,0.011,0.011
08.03.2021 08:37:31.996 GMT-0600,174.622,174.178,0.0008,0.011
08.03.2021 08:37:32.097 GMT-0600,174.532,174.178,0.011,0.011
08.03.2021 08:37:32.257 GMT-0600,174.533,174.257,0.011,0.011
08.03.2021 08:37:32.410 GMT-0600,174.632,174.258,0.011,0.011
08.03.2021 08:37:32.579 GMT-0600,174.623,174.257,0.0075,0.011
08.03.2021 08:37:32.745 GMT-0600,174.632,174.258,0.011,0.011
08.03.2021 08:37:33.672 GMT-0600,174.622,174.258,0.0075,0.011
08.03.2021 08:37:34.111 GMT-0600,174.633,174.257,0.011,0.011
08.03.2021 08:37:34.726 GMT-0600,174.623,174.257,0.011,0.011
08.03.2021 08:37:34.834 GMT-0600,174.633,174.257,0.011,0.011
08.03.2021 08:37:34.995 GMT-0600,174.632,174.418,0.011,0.0008
08.03.2021 08:37:35.045 GMT-0600,174.633,174.17700000000002,0.011,0.011
08.03.2021 08:37:35.347 GMT-0600,174.632,174.268,0.011,0.011
08.03.2021 08:37:36.043 GMT-0600,174.632,174.178,0.011,0.011
08.03.2021 08:37:36.550 GMT-0600,174.633,174.26700000000002,0.011,0.0008
08.03.2021 08:37:40.828 GMT-0600,174.632,174.368,0.011,0.0008
08.03.2021 08:37:40.878 GMT-0600,174.633,174.33700000000002,0.011,0.011
08.03.2021 08:37:40.935 GMT-0600,174.633,174.377,0.011,0.0075
08.03.2021 08:37:41.194 GMT-0600,174.632,174.198,0.011,0.011
08.03.2021 08:37:42.556 GMT-0600,174.622,174.198,0.011,0.011
08.03.2021 08:37:42.661 GMT-0600,174.632,174.198,0.011,0.011
08.03.2021 08:37:44.908 GMT-0600,174.632,174.358,0.011,0.0075
08.03.2021 08:37:44.958 GMT-0600,174.633,174.33700000000002,0.011,0.011
08.03.2021 08:37:47.251 GMT-0600,174.632,174.208,0.011,0.011
08.03.2021 08:37:47.914 GMT-0600,174.632,174.178,0.011,0.011
08.03.2021 08:37:48.104 GMT-0600,174.633,174.187,0.011,0.0075
08.03.2021 08:37:48.510 GMT-0600,174.632,174.178,0.011,0.011
08.03.2021 08:37:50.256 GMT-0600,174.633,174.187,0.011,0.0075
08.03.2021 08:37:50.590 GMT-0600,174.562,174.188,0.0075,0.0008
08.03.2021 08:37:50.640 GMT-0600,174.563,174.17700000000002,0.011,0.011
08.03.2021 08:37:52.014 GMT-0600,174.553,174.187,0.011,0.011
08.03.2021 08:37:52.362 GMT-0600,174.563,174.17700000000002,0.011,0.011
08.03.2021 08:37:54.498 GMT-0600,174.55200000000002,174.188,0.0075,0.0075
08.03.2021 08:37:54.548 GMT-0600,174.562,174.178,0.011,0.011
08.03.2021 08:37:55.607 GMT-0600,174.562,174.188,0.011,0.0008
08.03.2021 08:37:55.708 GMT-0600,174.563,174.17700000000002,0.011,0.011
08.03.2021 08:37:57.491 GMT-0600,174.513,174.17700000000002,0.0008,0.011
08.03.2021 08:37:58.967 GMT-0600,174.512,174.188,0.011,0.0075
08.03.2021 08:37:59.068 GMT-0600,174.623,174.347,0.011,0.011
08.03.2021 08:37:59.118 GMT-0600,174.632,174.34799999999998,0.011,0.011
08.03.2021 08:37:59.280 GMT-0600,174.573,174.347,0.011,0.011
08.03.2021 08:38:00.999 GMT-0600,174.563,174.347,0.0008,0.011
08.03.2021 08:38:01.474 GMT-0600,174.342,174.028,0.011,0.011
08.03.2021 08:38:01.882 GMT-0600,174.33200000000002,174.028,0.0075,0.011
08.03.2021 08:38:03.281 GMT-0600,174.352,174.028,0.011,0.011
08.03.2021 08:38:03.332 GMT-0600,174.363,174.02700000000002,0.011,0.011
08.03.2021 08:38:03.382 GMT-0600,174.283,174.02700000000002,0.011,0.011
08.03.2021 08:38:03.641 GMT-0600,174.283,174.007,0.011,0.011
08.03.2021 08:38:04.700 GMT-0600,174.262,174.008,0.0075,0.011
08.03.2021 08:38:04.900 GMT-0600,174.253,174.007,0.0075,0.011
08.03.2021 08:38:05.158 GMT-0600,174.282,174.008,0.011,0.011
08.03.2021 08:38:05.275 GMT-0600,174.363,174.007,0.011,0.011
08.03.2021 08:38:05.452 GMT-0600,174.213,174.007,0.0075,0.011
08.03.2021 08:38:05.932 GMT-0600,174.213,174.037,0.011,0.0008
08.03.2021 08:38:06.510 GMT-0600,174.21200000000002,173.958,0.011,0.011
08.03.2021 08:38:10.162 GMT-0600,174.312,173.748,0.011,0.011
08.03.2021 08:38:10.220 GMT-0600,174.103,173.747,0.0075,0.0008
08.03.2021 08:38:10.270 GMT-0600,174.102,173.738,0.011,0.011
08.03.2021 08:38:10.715 GMT-0600,174.102,173.748,0.0075,0.0008
08.03.2021 08:38:10.765 GMT-0600,174.30200000000002,173.748,0.011,0.011
08.03.2021 08:38:10.825 GMT-0600,174.043,173.747,0.0008,0.0075
08.03.2021 08:38:10.876 GMT-0600,174.042,173.738,0.011,0.011
08.03.2021 08:38:12.193 GMT-0600,174.02200000000002,173.748,0.0075,0.0075
08.03.2021 08:38:12.360 GMT-0600,174.02200000000002,173.738,0.011,0.011
08.03.2021 08:38:12.511 GMT-0600,174.013,173.73700000000002,0.0075,0.011
08.03.2021 08:38:12.943 GMT-0600,174.012,173.748,0.011,0.0008
08.03.2021 08:38:14.117 GMT-0600,174.013,173.757,0.011,0.011
08.03.2021 08:38:14.376 GMT-0600,174.043,173.747,0.011,0.011
08.03.2021 08:38:15.184 GMT-0600,174.042,173.758,0.011,0.0075
08.03.2021 08:38:15.459 GMT-0600,174.043,173.747,0.011,0.011
08.03.2021 08:38:16.449 GMT-0600,174.042,173.758,0.011,0.0075
08.03.2021 08:38:16.564 GMT-0600,174.043,173.977,0.0008,0.0075
08.03.2021 08:38:16.614 GMT-0600,174.303,173.887,0.011,0.011
08.03.2021 08:38:16.724 GMT-0600,174.24200000000002,173.888,0.011,0.011
08.03.2021 08:38:19.098 GMT-0600,174.313,173.887,0.011,0.011
08.03.2021 08:38:20.752 GMT-0600,174.233,173.887,0.011,0.011
08.03.2021 08:38:20.870 GMT-0600,174.222,173.888,0.0075,0.011
08.03.2021 08:38:21.021 GMT-0600,174.18200000000002,173.888,0.011,0.011
08.03.2021 08:38:21.254 GMT-0600,174.313,173.887,0.011,0.011
08.03.2021 08:38:23.090 GMT-0600,174.30200000000002,173.888,0.0075,0.011
08.03.2021 08:38:23.487 GMT-0600,174.312,173.888,0.011,0.011
08.03.2021 08:38:24.177 GMT-0600,174.303,173.887,0.0075,0.011
08.03.2021 08:38:24.406 GMT-0600,174.113,173.887,0.0075,0.011
08.03.2021 08:38:26.389 GMT-0600,174.093,173.887,0.0075,0.011
08.03.2021 08:38:26.439 GMT-0600,174.30200000000002,173.888,0.011,0.011
08.03.2021 08:38:28.599 GMT-0600,174.313,174.047,0.011,0.0075
08.03.2021 08:38:28.720 GMT-0600,174.47299999999998,174.077,0.011,0.011
08.03.2021 08:38:28.770 GMT-0600,174.463,174.077,0.011,0.011
08.03.2021 08:38:28.821 GMT-0600,174.47299999999998,174.077,0.011,0.011
08.03.2021 08:38:29.065 GMT-0600,174.423,174.077,0.0008,0.011
08.03.2021 08:38:29.307 GMT-0600,174.412,174.078,0.0075,0.011
08.03.2021 08:38:29.459 GMT-0600,174.423,174.077,0.011,0.011
08.03.2021 08:38:30.042 GMT-0600,174.472,174.078,0.011,0.011
08.03.2021 08:38:30.365 GMT-0600,174.46200000000002,174.078,0.0075,0.011
08.03.2021 08:38:30.415 GMT-0600,174.472,174.078,0.011,0.011
08.03.2021 08:38:31.108 GMT-0600,174.46200000000002,174.078,0.011,0.011
08.03.2021 08:38:31.213 GMT-0600,174.47299999999998,174.077,0.011,0.011
08.03.2021 08:38:32.818 GMT-0600,174.46200000000002,174.078,0.0075,0.011
08.03.2021 08:38:32.919 GMT-0600,174.472,174.078,0.011,0.011
08.03.2021 08:38:33.786 GMT-0600,174.46200000000002,174.078,0.0075,0.011
08.03.2021 08:38:33.973 GMT-0600,174.47299999999998,174.077,0.011,0.011
08.03.2021 08:38:34.418 GMT-0600,174.463,174.077,0.0075,0.011
08.03.2021 08:38:34.468 GMT-0600,174.472,174.078,0.011,0.011
08.03.2021 08:38:35.329 GMT-0600,174.463,174.077,0.0075,0.011
08.03.2021 08:38:35.760 GMT-0600,174.47299999999998,174.077,0.011,0.011
08.03.2021 08:38:36.630 GMT-0600,174.303,174.077,0.0008,0.0075
08.03.2021 08:38:36.680 GMT-0600,174.30200000000002,173.888,0.011,0.011
08.03.2021 08:38:36.730 GMT-0600,174.30200000000002,174.018,0.011,0.011
08.03.2021 08:38:37.081 GMT-0600,174.303,174.047,0.011,0.011
08.03.2021 08:38:37.257 GMT-0600,174.30200000000002,174.03799999999998,0.011,0.011
08.03.2021 08:38:37.721 GMT-0600,174.47299999999998,174.037,0.011,0.011
08.03.2021 08:38:38.774 GMT-0600,174.46200000000002,174.03799999999998,0.0075,0.011
08.03.2021 08:38:38.875 GMT-0600,174.47299999999998,174.037,0.011,0.011
08.03.2021 08:38:40.644 GMT-0600,174.46200000000002,174.03799999999998,0.0075,0.011
08.03.2021 08:38:40.797 GMT-0600,174.472,174.03799999999998,0.011,0.011
08.03.2021 08:38:41.581 GMT-0600,174.46200000000002,174.03799999999998,0.0075,0.011
08.03.2021 08:38:41.682 GMT-0600,174.472,174.03799999999998,0.011,0.011
08.03.2021 08:38:44.224 GMT-0600,174.463,174.187,0.0075,0.0075
08.03.2021 08:38:44.274 GMT-0600,174.47299999999998,174.187,0.011,0.011
08.03.2021 08:38:46.459 GMT-0600,174.46200000000002,174.188,0.0008,0.011
08.03.2021 08:38:46.559 GMT-0600,174.472,174.188,0.011,0.011
08.03.2021 08:38:46.673 GMT-0600,174.472,174.378,0.0075,0.0008
08.03.2021 08:38:46.723 GMT-0600,174.722,174.198,0.011,0.011
08.03.2021 08:38:47.081 GMT-0600,174.662,174.188,0.0075,0.011
08.03.2021 08:38:51.407 GMT-0600,174.653,174.187,0.0008,0.011
08.03.2021 08:38:51.508 GMT-0600,174.55200000000002,174.188,0.011,0.011
08.03.2021 08:38:51.794 GMT-0600,174.532,174.188,0.0008,0.011
08.03.2021 08:38:52.360 GMT-0600,174.512,174.188,0.0075,0.011
08.03.2021 08:39:05.276 GMT-0600,174.512,174.198,0.011,0.0075
08.03.2021 08:39:05.397 GMT-0600,174.513,174.187,0.011,0.011
08.03.2021 08:39:05.455 GMT-0600,174.352,174.188,0.0075,0.0008
08.03.2021 08:39:05.506 GMT-0600,174.342,174.03799999999998,0.011,0.011
08.03.2021 08:39:05.609 GMT-0600,174.352,174.03799999999998,0.011,0.011
08.03.2021 08:39:06.466 GMT-0600,174.533,174.037,0.011,0.011
08.03.2021 08:39:06.538 GMT-0600,174.52200000000002,174.06799999999998,0.0008,0.0008
08.03.2021 08:39:06.588 GMT-0600,174.533,174.037,0.011,0.011
08.03.2021 08:39:09.718 GMT-0600,174.71200000000002,174.178,0.011,0.011
08.03.2021 08:39:09.910 GMT-0600,174.71200000000002,174.258,0.0008,0.0075
08.03.2021 08:39:09.960 GMT-0600,174.722,174.258,0.011,0.011
08.03.2021 08:39:11.439 GMT-0600,174.722,174.178,0.011,0.011
08.03.2021 08:39:12.036 GMT-0600,174.71200000000002,174.178,0.0075,0.011
08.03.2021 08:39:12.224 GMT-0600,174.72299999999998,174.17700000000002,0.011,0.011
08.03.2021 08:39:12.960 GMT-0600,174.71200000000002,174.178,0.0075,0.011
08.03.2021 08:39:13.061 GMT-0600,174.72299999999998,174.17700000000002,0.011,0.011
08.03.2021 08:39:13.996 GMT-0600,174.71200000000002,174.178,0.011,0.011
08.03.2021 08:39:14.102 GMT-0600,174.722,174.178,0.011,0.011
08.03.2021 08:39:15.465 GMT-0600,174.71200000000002,174.178,0.0075,0.011
08.03.2021 08:39:15.820 GMT-0600,174.72299999999998,174.17700000000002,0.011,0.011
08.03.2021 08:39:16.112 GMT-0600,174.72299999999998,174.26700000000002,0.011,0.0075
08.03.2021 08:39:16.165 GMT-0600,174.722,174.178,0.011,0.011
08.03.2021 08:39:16.715 GMT-0600,174.713,174.17700000000002,0.011,0.011
08.03.2021 08:39:16.765 GMT-0600,174.72299999999998,174.17700000000002,0.011,0.011
08.03.2021 08:39:17.056 GMT-0600,174.72299999999998,174.26700000000002,0.011,0.0008
08.03.2021 08:39:18.149 GMT-0600,174.713,174.26700000000002,0.011,0.011
08.03.2021 08:39:18.381 GMT-0600,174.722,174.178,0.011,0.011
08.03.2021 08:39:18.719 GMT-0600,174.722,174.188,0.011,0.0075
08.03.2021 08:39:18.878 GMT-0600,174.72299999999998,174.17700000000002,0.011,0.011
08.03.2021 08:39:21.342 GMT-0600,174.71200000000002,174.188,0.0075,0.0075
08.03.2021 08:39:21.517 GMT-0600,174.722,174.188,0.011,0.011
08.03.2021 08:39:22.100 GMT-0600,174.713,174.197,0.0075,0.0075
08.03.2021 08:39:22.256 GMT-0600,174.563,174.317,0.0075,0.011
08.03.2021 08:39:22.753 GMT-0600,174.322,173.938,0.011,0.011
08.03.2021 08:39:22.804 GMT-0600,174.322,173.948,0.011,0.011
08.03.2021 08:39:22.904 GMT-0600,174.563,173.937,0.011,0.011
08.03.2021 08:39:23.720 GMT-0600,174.562,173.978,0.011,0.0008
08.03.2021 08:39:23.828 GMT-0600,174.562,174.118,0.011,0.011
08.03.2021 08:39:25.777 GMT-0600,174.553,174.11700000000002,0.011,0.011
08.03.2021 08:39:25.936 GMT-0600,174.563,174.11700000000002,0.011,0.011
08.03.2021 08:39:26.589 GMT-0600,174.553,174.11700000000002,0.0008,0.011
08.03.2021 08:39:26.957 GMT-0600,174.563,174.11700000000002,0.011,0.011
08.03.2021 08:39:29.253 GMT-0600,174.55200000000002,174.118,0.0075,0.011
08.03.2021 08:39:29.766 GMT-0600,174.562,174.118,0.011,0.011
08.03.2021 08:39:30.726 GMT-0600,174.553,174.11700000000002,0.0008,0.011
08.03.2021 08:39:30.907 GMT-0600,174.563,174.11700000000002,0.011,0.011
08.03.2021 08:39:31.541 GMT-0600,174.553,174.11700000000002,0.0075,0.011
08.03.2021 08:39:31.796 GMT-0600,174.563,174.11700000000002,0.011,0.011
08.03.2021 08:39:33.331 GMT-0600,174.55200000000002,174.118,0.0008,0.011
08.03.2021 08:39:33.571 GMT-0600,174.562,174.118,0.011,0.011
08.03.2021 08:39:34.588 GMT-0600,174.553,174.11700000000002,0.0008,0.011
08.03.2021 08:39:34.689 GMT-0600,174.562,174.118,0.011,0.011
08.03.2021 08:39:35.268 GMT-0600,174.55200000000002,174.118,0.0008,0.011
08.03.2021 08:39:35.420 GMT-0600,174.563,174.11700000000002,0.011,0.011
08.03.2021 08:39:36.162 GMT-0600,174.472,174.118,0.0075,0.011
08.03.2021 08:39:41.059 GMT-0600,174.41299999999998,174.11700000000002,0.011,0.011
08.03.2021 08:39:41.109 GMT-0600,174.472,174.118,0.011,0.011
08.03.2021 08:39:45.931 GMT-0600,174.442,174.118,0.0008,0.011
08.03.2021 08:39:49.286 GMT-0600,174.47299999999998,174.11700000000002,0.011,0.011
08.03.2021 08:39:49.631 GMT-0600,174.472,174.418,0.0008,0.0075
08.03.2021 08:39:49.682 GMT-0600,174.72299999999998,174.417,0.011,0.011
08.03.2021 08:39:49.732 GMT-0600,174.623,174.417,0.011,0.011
08.03.2021 08:39:50.244 GMT-0600,174.71200000000002,174.418,0.011,0.011
08.03.2021 08:39:50.460 GMT-0600,174.722,174.418,0.011,0.011
08.03.2021 08:39:50.636 GMT-0600,174.72299999999998,174.11700000000002,0.011,0.011
08.03.2021 08:39:51.030 GMT-0600,174.713,174.127,0.0075,0.0075
08.03.2021 08:39:51.080 GMT-0600,174.72299999999998,174.127,0.011,0.011
08.03.2021 08:39:51.298 GMT-0600,174.72299999999998,174.347,0.011,0.0075
08.03.2021 08:39:51.665 GMT-0600,174.71200000000002,174.34799999999998,0.0075,0.011
08.03.2021 08:39:51.715 GMT-0600,174.72299999999998,174.347,0.011,0.011
08.03.2021 08:39:52.979 GMT-0600,174.713,174.347,0.0008,0.011
08.03.2021 08:39:53.613 GMT-0600,174.722,174.34799999999998,0.011,0.011
08.03.2021 08:39:54.763 GMT-0600,174.71200000000002,174.34799999999998,0.011,0.011
08.03.2021 08:39:54.968 GMT-0600,174.72299999999998,174.347,0.011,0.011
08.03.2021 08:39:55.378 GMT-0600,174.583,174.127,0.011,0.011
08.03.2021 08:39:55.478 GMT-0600,174.722,174.28799999999998,0.011,0.011
08.03.2021 08:39:56.714 GMT-0600,174.71200000000002,174.298,0.0075,0.0075
08.03.2021 08:39:57.162 GMT-0600,174.72299999999998,174.297,0.011,0.011
08.03.2021 08:39:57.875 GMT-0600,174.713,174.30700000000002,0.0075,0.0075
08.03.2021 08:39:58.110 GMT-0600,174.72299999999998,174.30700000000002,0.011,0.011
08.03.2021 08:39:58.636 GMT-0600,174.71200000000002,174.31799999999998,0.011,0.011
08.03.2021 08:39:58.961 GMT-0600,174.72299999999998,174.417,0.011,0.011
08.03.2021 08:39:59.528 GMT-0600,174.713,174.317,0.011,0.011
08.03.2021 08:39:59.861 GMT-0600,174.72299999999998,174.30700000000002,0.011,0.011
08.03.2021 08:40:00.394 GMT-0600,174.72299999999998,174.467,0.0008,0.0075
08.03.2021 08:40:00.445 GMT-0600,174.782,174.468,0.011,0.011
08.03.2021 08:40:00.794 GMT-0600,174.782,174.488,0.011,0.011
08.03.2021 08:40:00.968 GMT-0600,174.77200000000002,174.488,0.0075,0.011
08.03.2021 08:40:01.765 GMT-0600,174.773,174.51700000000002,0.011,0.011
08.03.2021 08:40:02.016 GMT-0600,174.782,174.518,0.011,0.011
08.03.2021 08:40:03.003 GMT-0600,174.593,174.51700000000002,0.0075,0.0008
08.03.2021 08:40:03.053 GMT-0600,174.72299999999998,174.287,0.011,0.011
08.03.2021 08:40:04.245 GMT-0600,174.71200000000002,174.298,0.0075,0.0075
08.03.2021 08:40:04.409 GMT-0600,174.722,174.28799999999998,0.011,0.011
08.03.2021 08:40:05.193 GMT-0600,174.602,174.298,0.0075,0.0075
08.03.2021 08:40:05.294 GMT-0600,174.583,174.287,0.011,0.011
08.03.2021 08:40:05.514 GMT-0600,174.722,174.28799999999998,0.011,0.011
08.03.2021 08:40:13.308 GMT-0600,174.782,174.28799999999998,0.011,0.011
08.03.2021 08:40:14.461 GMT-0600,174.77200000000002,174.28799999999998,0.0075,0.011
08.03.2021 08:40:14.767 GMT-0600,174.532,174.28799999999998,0.011,0.011
08.03.2021 08:40:14.817 GMT-0600,174.782,174.28799999999998,0.011,0.011
08.03.2021 08:40:14.940 GMT-0600,174.513,174.287,0.011,0.011
08.03.2021 08:40:14.990 GMT-0600,174.782,174.28799999999998,0.011,0.011
08.03.2021 08:40:15.315 GMT-0600,174.773,174.287,0.0075,0.011
08.03.2021 08:40:15.662 GMT-0600,174.782,174.28799999999998,0.011,0.011
08.03.2021 08:40:16.200 GMT-0600,174.783,174.377,0.011,0.0008
08.03.2021 08:40:18.590 GMT-0600,174.77200000000002,174.378,0.0075,0.011
08.03.2021 08:40:18.817 GMT-0600,174.782,174.378,0.011,0.011
08.03.2021 08:40:20.563 GMT-0600,174.773,174.377,0.0075,0.011
08.03.2021 08:40:20.613 GMT-0600,174.782,174.378,0.011,0.011
08.03.2021 08:40:21.622 GMT-0600,174.773,174.377,0.011,0.011
08.03.2021 08:40:21.816 GMT-0600,174.782,174.378,0.011,0.011
08.03.2021 08:40:23.678 GMT-0600,174.773,174.377,0.0075,0.011
08.03.2021 08:40:23.728 GMT-0600,174.782,174.378,0.011,0.011
08.03.2021 08:40:25.548 GMT-0600,174.77200000000002,174.378,0.0008,0.011
08.03.2021 08:40:25.649 GMT-0600,174.782,174.378,0.011,0.011
08.03.2021 08:40:26.368 GMT-0600,174.773,174.377,0.0075,0.011
08.03.2021 08:40:26.419 GMT-0600,174.782,174.378,0.011,0.011
08.03.2021 08:40:27.012 GMT-0600,174.773,174.377,0.0075,0.011
08.03.2021 08:40:27.311 GMT-0600,174.783,174.377,0.011,0.011
08.03.2021 08:40:27.898 GMT-0600,174.773,174.377,0.0075,0.011
08.03.2021 08:40:28.267 GMT-0600,174.783,174.377,0.011,0.011
08.03.2021 08:40:28.876 GMT-0600,174.77200000000002,174.378,0.0008,0.011
08.03.2021 08:40:29.110 GMT-0600,174.782,174.378,0.011,0.011
08.03.2021 08:40:29.965 GMT-0600,174.77200000000002,174.378,0.011,0.011
08.03.2021 08:40:30.015 GMT-0600,174.782,174.378,0.011,0.011
08.03.2021 08:40:30.690 GMT-0600,174.773,174.377,0.0075,0.011
08.03.2021 08:40:30.964 GMT-0600,174.783,174.377,0.011,0.011
08.03.2021 08:40:32.028 GMT-0600,174.782,174.408,0.011,0.0075
08.03.2021 08:40:32.411 GMT-0600,174.773,174.407,0.011,0.011
08.03.2021 08:40:32.522 GMT-0600,174.783,174.407,0.011,0.011
08.03.2021 08:40:32.844 GMT-0600,174.782,174.378,0.011,0.011
08.03.2021 08:40:32.941 GMT-0600,174.782,174.408,0.011,0.0008
08.03.2021 08:40:33.166 GMT-0600,174.77200000000002,174.408,0.0008,0.011
08.03.2021 08:40:33.216 GMT-0600,174.782,174.408,0.011,0.011
08.03.2021 08:40:34.158 GMT-0600,174.77200000000002,174.408,0.0075,0.0008
08.03.2021 08:40:34.209 GMT-0600,174.77200000000002,174.378,0.011,0.011
08.03.2021 08:40:34.259 GMT-0600,174.77200000000002,174.418,0.011,0.011
08.03.2021 08:40:34.552 GMT-0600,174.782,174.418,0.011,0.011
08.03.2021 08:40:35.781 GMT-0600,174.773,174.417,0.011,0.011
08.03.2021 08:40:35.914 GMT-0600,174.783,174.417,0.011,0.011
08.03.2021 08:40:36.430 GMT-0600,174.732,174.418,0.0008,0.011
08.03.2021 08:40:38.410 GMT-0600,174.783,174.417,0.011,0.011
08.03.2021 08:40:38.718 GMT-0600,174.77200000000002,174.418,0.011,0.011
08.03.2021 08:40:39.008 GMT-0600,174.783,174.417,0.011,0.011
08.03.2021 08:40:39.991 GMT-0600,174.77200000000002,174.418,0.0008,0.011
08.03.2021 08:40:40.375 GMT-0600,174.783,174.417,0.011,0.011
08.03.2021 08:40:41.292 GMT-0600,174.77200000000002,174.418,0.0075,0.011
08.03.2021 08:40:41.621 GMT-0600,174.783,174.417,0.011,0.011
08.03.2021 08:40:41.691 GMT-0600,174.782,174.608,0.0075,0.0008
08.03.2021 08:40:41.741 GMT-0600,174.86200000000002,174.438,0.011,0.011
08.03.2021 08:40:41.791 GMT-0600,174.863,174.547,0.011,0.011
08.03.2021 08:40:43.155 GMT-0600,174.863,174.42700000000002,0.011,0.011
08.03.2021 08:40:43.874 GMT-0600,174.863,174.437,0.011,0.0075
08.03.2021 08:40:44.153 GMT-0600,174.903,174.437,0.011,0.011
08.03.2021 08:40:44.418 GMT-0600,174.803,174.437,0.0075,0.011
08.03.2021 08:40:44.468 GMT-0600,174.852,174.438,0.011,0.011
08.03.2021 08:40:44.583 GMT-0600,174.853,174.447,0.011,0.0075
08.03.2021 08:40:44.634 GMT-0600,174.852,174.428,0.011,0.011
08.03.2021 08:40:46.862 GMT-0600,174.853,174.437,0.011,0.0075
08.03.2021 08:40:47.615 GMT-0600,174.852,174.428,0.011,0.011
08.03.2021 08:40:48.052 GMT-0600,174.853,174.55700000000002,0.011,0.011
08.03.2021 08:40:56.792 GMT-0600,174.852,174.56799999999998,0.011,0.0075
08.03.2021 08:40:57.673 GMT-0600,174.66299999999998,174.55700000000002,0.0075,0.0008
08.03.2021 08:40:57.723 GMT-0600,174.753,174.42700000000002,0.011,0.011
08.03.2021 08:41:00.034 GMT-0600,174.743,174.42700000000002,0.0075,0.011
08.03.2021 08:41:00.211 GMT-0600,174.753,174.42700000000002,0.011,0.011
08.03.2021 08:41:00.864 GMT-0600,174.58200000000002,174.428,0.011,0.011
08.03.2021 08:41:00.914 GMT-0600,174.623,174.42700000000002,0.011,0.011
08.03.2021 08:41:02.368 GMT-0600,174.623,174.55700000000002,0.0008,0.0075
08.03.2021 08:41:02.418 GMT-0600,174.853,174.61700000000002,0.011,0.011
08.03.2021 08:41:02.824 GMT-0600,174.953,174.61700000000002,0.011,0.011
08.03.2021 08:41:03.202 GMT-0600,174.952,174.56799999999998,0.011,0.011
08.03.2021 08:41:03.279 GMT-0600,174.953,174.637,0.011,0.0008
08.03.2021 08:41:03.330 GMT-0600,174.953,174.567,0.011,0.011
08.03.2021 08:41:07.970 GMT-0600,174.903,174.567,0.0075,0.011
08.03.2021 08:41:10.647 GMT-0600,174.903,174.58700000000002,0.011,0.011
08.03.2021 08:41:12.385 GMT-0600,174.90200000000002,174.758,0.0075,0.0008
08.03.2021 08:41:12.436 GMT-0600,175.003,174.597,0.011,0.011
08.03.2021 08:41:12.543 GMT-0600,175.002,174.588,0.011,0.011
08.03.2021 08:41:12.742 GMT-0600,174.99200000000002,174.588,0.0075,0.011
08.03.2021 08:41:13.161 GMT-0600,175.002,174.588,0.011,0.011
08.03.2021 08:41:13.373 GMT-0600,174.993,174.58700000000002,0.0008,0.011
08.03.2021 08:41:13.967 GMT-0600,174.993,174.77700000000002,0.011,0.0008
08.03.2021 08:41:14.017 GMT-0600,175.213,174.977,0.011,0.011
08.03.2021 08:41:14.118 GMT-0600,175.21200000000002,174.888,0.011,0.011
08.03.2021 08:41:15.586 GMT-0600,175.21200000000002,175.03799999999998,0.0008,0.0075
08.03.2021 08:41:15.637 GMT-0600,175.373,175.037,0.011,0.011
08.03.2021 08:41:15.738 GMT-0600,175.382,175.03799999999998,0.011,0.011
08.03.2021 08:41:18.644 GMT-0600,175.372,175.03799999999998,0.0075,0.011
08.03.2021 08:41:18.901 GMT-0600,175.383,175.037,0.011,0.011
08.03.2021 08:41:20.054 GMT-0600,175.312,175.03799999999998,0.0075,0.011
08.03.2021 08:41:21.017 GMT-0600,175.303,175.037,0.011,0.011
08.03.2021 08:41:21.067 GMT-0600,175.313,175.037,0.011,0.011
08.03.2021 08:41:25.999 GMT-0600,175.27200000000002,175.03799999999998,0.0075,0.011
08.03.2021 08:41:26.100 GMT-0600,175.183,175.037,0.011,0.011
08.03.2021 08:41:27.703 GMT-0600,175.27200000000002,175.03799999999998,0.011,0.011
08.03.2021 08:41:27.764 GMT-0600,175.18200000000002,175.03799999999998,0.011,0.011
08.03.2021 08:41:28.142 GMT-0600,175.113,175.037,0.0075,0.0008
08.03.2021 08:41:28.192 GMT-0600,175.153,174.877,0.011,0.011
08.03.2021 08:41:28.324 GMT-0600,175.073,174.877,0.0075,0.011
08.03.2021 08:41:28.617 GMT-0600,175.072,174.968,0.0008,0.0075
08.03.2021 08:41:28.668 GMT-0600,175.153,174.877,0.011,0.011
08.03.2021 08:41:28.718 GMT-0600,175.132,174.878,0.011,0.011
08.03.2021 08:41:29.102 GMT-0600,175.173,174.877,0.011,0.011
08.03.2021 08:41:29.784 GMT-0600,175.203,174.877,0.0008,0.011
08.03.2021 08:41:30.047 GMT-0600,175.213,174.877,0.011,0.011
08.03.2021 08:41:32.433 GMT-0600,175.202,174.878,0.011,0.011
08.03.2021 08:41:32.629 GMT-0600,175.21200000000002,174.878,0.011,0.011
08.03.2021 08:41:33.400 GMT-0600,175.202,174.878,0.0008,0.011
08.03.2021 08:41:33.500 GMT-0600,175.21200000000002,174.878,0.011,0.011
08.03.2021 08:41:34.619 GMT-0600,175.213,174.887,0.011,0.0075
08.03.2021 08:41:34.719 GMT-0600,175.213,174.877,0.011,0.011
08.03.2021 08:41:35.497 GMT-0600,175.21200000000002,174.888,0.011,0.0008
08.03.2021 08:41:35.713 GMT-0600,175.213,174.877,0.011,0.011
08.03.2021 08:41:37.060 GMT-0600,175.21200000000002,174.888,0.0008,0.0075
08.03.2021 08:41:37.110 GMT-0600,175.282,174.888,0.011,0.011
08.03.2021 08:41:37.161 GMT-0600,175.382,174.878,0.011,0.011
08.03.2021 08:41:37.708 GMT-0600,175.383,175.05700000000002,0.011,0.0075
08.03.2021 08:41:37.824 GMT-0600,175.372,175.058,0.0008,0.011
08.03.2021 08:41:37.875 GMT-0600,175.383,175.05700000000002,0.011,0.011
08.03.2021 08:41:38.521 GMT-0600,175.373,175.05700000000002,0.0008,0.011
08.03.2021 08:41:38.822 GMT-0600,175.383,175.05700000000002,0.011,0.011
08.03.2021 08:41:39.280 GMT-0600,175.373,175.05700000000002,0.0008,0.011
08.03.2021 08:41:39.381 GMT-0600,175.382,175.058,0.011,0.011
08.03.2021 08:41:39.830 GMT-0600,175.382,175.158,0.011,0.0075
08.03.2021 08:41:39.880 GMT-0600,175.372,175.06799999999998,0.011,0.011
08.03.2021 08:41:40.262 GMT-0600,175.383,175.05700000000002,0.011,0.011
08.03.2021 08:41:41.831 GMT-0600,175.373,175.067,0.0008,0.0008
08.03.2021 08:41:41.931 GMT-0600,175.47299999999998,175.05700000000002,0.011,0.011
08.03.2021 08:41:43.412 GMT-0600,175.47299999999998,175.067,0.011,0.0075
08.03.2021 08:41:43.512 GMT-0600,175.472,175.058,0.011,0.011
08.03.2021 08:41:44.159 GMT-0600,175.47299999999998,175.067,0.011,0.011
08.03.2021 08:41:44.938 GMT-0600,175.532,175.078,0.011,0.011
08.03.2021 08:41:45.160 GMT-0600,175.542,175.06799999999998,0.011,0.011
08.03.2021 08:41:46.322 GMT-0600,175.533,175.077,0.011,0.011
08.03.2021 08:41:46.482 GMT-0600,175.542,175.058,0.011,0.011
08.03.2021 08:41:46.823 GMT-0600,175.502,175.058,0.0008,0.011
08.03.2021 08:41:47.688 GMT-0600,175.503,175.067,0.011,0.0075
08.03.2021 08:41:47.859 GMT-0600,175.503,175.05700000000002,0.011,0.011
08.03.2021 08:41:48.495 GMT-0600,175.502,175.06799999999998,0.011,0.0075
08.03.2021 08:41:48.765 GMT-0600,175.502,175.058,0.011,0.011
08.03.2021 08:41:49.497 GMT-0600,175.503,175.067,0.011,0.0075
08.03.2021 08:41:49.721 GMT-0600,175.502,175.058,0.011,0.011
08.03.2021 08:41:50.556 GMT-0600,175.502,175.06799999999998,0.011,0.0008
08.03.2021 08:41:51.063 GMT-0600,175.503,175.05700000000002,0.011,0.011
08.03.2021 08:41:51.561 GMT-0600,175.502,175.06799999999998,0.011,0.011
08.03.2021 08:41:51.611 GMT-0600,175.533,175.067,0.011,0.011
08.03.2021 08:41:51.959 GMT-0600,175.542,175.058,0.011,0.011
08.03.2021 08:41:53.530 GMT-0600,175.532,175.06799999999998,0.0075,0.0075
08.03.2021 08:41:53.775 GMT-0600,175.542,175.058,0.011,0.011
08.03.2021 08:41:53.958 GMT-0600,175.503,175.05700000000002,0.0008,0.011
08.03.2021 08:41:54.059 GMT-0600,175.503,175.187,0.011,0.011
08.03.2021 08:41:55.347 GMT-0600,175.543,175.187,0.011,0.011
08.03.2021 08:41:55.397 GMT-0600,175.502,175.188,0.011,0.011
08.03.2021 08:41:56.290 GMT-0600,175.543,175.187,0.011,0.011
08.03.2021 08:41:56.499 GMT-0600,175.533,175.187,0.0075,0.011
08.03.2021 08:41:56.913 GMT-0600,175.543,175.187,0.011,0.011
08.03.2021 08:41:58.243 GMT-0600,175.532,175.188,0.0075,0.011
08.03.2021 08:41:58.293 GMT-0600,175.542,175.188,0.011,0.011
08.03.2021 08:41:59.209 GMT-0600,175.533,175.187,0.0075,0.011
08.03.2021 08:41:59.616 GMT-0600,175.542,175.188,0.011,0.011
08.03.2021 08:42:01.481 GMT-0600,175.533,175.187,0.0075,0.011
08.03.2021 08:42:01.582 GMT-0600,175.543,175.187,0.011,0.011
08.03.2021 08:42:03.483 GMT-0600,175.533,175.187,0.0075,0.011
08.03.2021 08:42:03.660 GMT-0600,175.542,175.188,0.011,0.011
08.03.2021 08:42:04.519 GMT-0600,175.532,175.188,0.011,0.011
08.03.2021 08:42:04.785 GMT-0600,175.543,175.187,0.011,0.011
08.03.2021 08:42:04.968 GMT-0600,175.452,175.188,0.0008,0.011
08.03.2021 08:42:05.308 GMT-0600,175.452,175.248,0.011,0.0075
08.03.2021 08:42:08.378 GMT-0600,175.453,175.26700000000002,0.011,0.0008
08.03.2021 08:42:09.672 GMT-0600,175.453,175.27700000000002,0.011,0.011
08.03.2021 08:42:09.965 GMT-0600,175.472,175.278,0.011,0.011
08.03.2021 08:42:10.490 GMT-0600,175.47299999999998,175.347,0.011,0.0075
08.03.2021 08:42:10.540 GMT-0600,175.532,175.278,0.011,0.011
08.03.2021 08:42:10.656 GMT-0600,175.543,175.27700000000002,0.011,0.011
08.03.2021 08:42:11.037 GMT-0600,175.543,175.287,0.011,0.0008
08.03.2021 08:42:11.088 GMT-0600,175.543,175.27700000000002,0.011,0.011
08.03.2021 08:42:11.198 GMT-0600,175.503,175.27700000000002,0.0008,0.011
08.03.2021 08:42:11.249 GMT-0600,175.533,175.27700000000002,0.011,0.011
08.03.2021 08:42:11.413 GMT-0600,175.532,175.34799999999998,0.011,0.0075
08.03.2021 08:42:12.202 GMT-0600,175.543,175.347,0.011,0.011
08.03.2021 08:42:12.514 GMT-0600,175.49200000000002,175.34799999999998,0.0075,0.011
08.03.2021 08:42:14.045 GMT-0600,175.472,175.34799999999998,0.0008,0.011
08.03.2021 08:42:14.095 GMT-0600,175.493,175.347,0.011,0.011
08.03.2021 08:42:19.616 GMT-0600,175.37,175.347,0.0075,0.0008
08.03.2021 08:42:19.666 GMT-0600,175.373,175.05700000000002,0.011,0.011
08.03.2021 08:42:20.676 GMT-0600,175.523,175.067,0.011,0.011
08.03.2021 08:42:20.727 GMT-0600,175.533,175.05700000000002,0.011,0.011
08.03.2021 08:42:21.207 GMT-0600,175.52200000000002,175.058,0.0075,0.011
08.03.2021 08:42:21.373 GMT-0600,175.523,175.067,0.011,0.0075
08.03.2021 08:42:21.661 GMT-0600,175.532,175.058,0.011,0.011
08.03.2021 08:42:22.532 GMT-0600,175.52200000000002,175.06799999999998,0.0075,0.0075
08.03.2021 08:42:22.641 GMT-0600,175.533,175.05700000000002,0.011,0.011
08.03.2021 08:42:24.019 GMT-0600,175.523,175.067,0.0008,0.0008
08.03.2021 08:42:24.362 GMT-0600,175.532,175.058,0.011,0.011
08.03.2021 08:42:24.700 GMT-0600,175.532,175.228,0.011,0.0075
08.03.2021 08:42:24.751 GMT-0600,175.532,175.06799999999998,0.011,0.011
08.03.2021 08:42:26.657 GMT-0600,175.52200000000002,175.078,0.0075,0.0075
08.03.2021 08:42:26.757 GMT-0600,175.532,175.06799999999998,0.011,0.011
08.03.2021 08:42:26.980 GMT-0600,175.372,175.078,0.011,0.011
08.03.2021 08:42:27.387 GMT-0600,175.373,175.08700000000002,0.011,0.011
08.03.2021 08:42:27.516 GMT-0600,175.372,175.078,0.011,0.011
08.03.2021 08:42:28.222 GMT-0600,175.373,175.08700000000002,0.011,0.0075
08.03.2021 08:42:28.417 GMT-0600,175.372,175.078,0.011,0.011
08.03.2021 08:42:29.428 GMT-0600,175.372,175.088,0.011,0.0075
08.03.2021 08:42:29.713 GMT-0600,175.372,175.078,0.011,0.011
08.03.2021 08:42:30.773 GMT-0600,175.372,175.088,0.011,0.011
08.03.2021 08:42:31.111 GMT-0600,175.373,175.05700000000002,0.011,0.011
08.03.2021 08:42:31.447 GMT-0600,175.373,175.322,0.0008,0.0075
08.03.2021 08:42:31.497 GMT-0600,175.533,175.217,0.011,0.011
08.03.2021 08:42:32.676 GMT-0600,175.532,175.228,0.011,0.0075
08.03.2021 08:42:32.932 GMT-0600,175.532,175.058,0.011,0.011
08.03.2021 08:42:32.983 GMT-0600,175.533,175.217,0.011,0.011
08.03.2021 08:42:33.503 GMT-0600,175.532,175.228,0.011,0.0075
08.03.2021 08:42:33.603 GMT-0600,175.533,175.217,0.011,0.011
08.03.2021 08:42:34.286 GMT-0600,175.533,175.227,0.011,0.011
08.03.2021 08:42:34.467 GMT-0600,175.532,175.218,0.011,0.011
08.03.2021 08:42:35.181 GMT-0600,175.532,175.228,0.011,0.0008
08.03.2021 08:42:35.417 GMT-0600,175.532,175.218,0.011,0.011
08.03.2021 08:42:37.088 GMT-0600,175.39200000000002,175.218,0.0075,0.011
08.03.2021 08:42:37.138 GMT-0600,175.533,175.217,0.011,0.011
08.03.2021 08:42:37.725 GMT-0600,175.623,175.217,0.011,0.011
08.03.2021 08:42:39.430 GMT-0600,175.483,175.217,0.011,0.011
08.03.2021 08:42:48.391 GMT-0600,175.622,175.218,0.011,0.011
08.03.2021 08:42:49.478 GMT-0600,175.61200000000002,175.218,0.011,0.011
08.03.2021 08:42:49.528 GMT-0600,175.622,175.218,0.011,0.011
08.03.2021 08:42:50.148 GMT-0600,175.61200000000002,175.34799999999998,0.0008,0.0008
08.03.2021 08:42:50.199 GMT-0600,175.613,175.227,0.011,0.011
08.03.2021 08:42:50.460 GMT-0600,175.623,175.217,0.011,0.011
08.03.2021 08:42:51.633 GMT-0600,175.672,175.458,0.011,0.011
08.03.2021 08:42:51.683 GMT-0600,175.793,175.537,0.011,0.011
08.03.2021 08:42:51.734 GMT-0600,175.793,175.287,0.011,0.011
08.03.2021 08:42:51.931 GMT-0600,175.732,175.458,0.0075,0.0075
08.03.2021 08:42:52.125 GMT-0600,175.743,175.45700000000002,0.011,0.011
08.03.2021 08:42:52.433 GMT-0600,175.753,175.45700000000002,0.011,0.011
08.03.2021 08:42:52.554 GMT-0600,175.743,175.45700000000002,0.0075,0.0008
08.03.2021 08:42:52.604 GMT-0600,175.74200000000002,175.28799999999998,0.011,0.011
08.03.2021 08:42:53.434 GMT-0600,175.753,175.27700000000002,0.011,0.011
08.03.2021 08:42:53.679 GMT-0600,175.71200000000002,175.278,0.011,0.011
08.03.2021 08:42:53.729 GMT-0600,175.793,175.27700000000002,0.011,0.011
08.03.2021 08:42:54.617 GMT-0600,175.733,175.27700000000002,0.011,0.011
08.03.2021 08:42:54.765 GMT-0600,175.722,175.278,0.011,0.011
08.03.2021 08:42:54.911 GMT-0600,175.722,175.28799999999998,0.011,0.011
08.03.2021 08:42:54.962 GMT-0600,175.733,175.287,0.011,0.011
08.03.2021 08:42:55.184 GMT-0600,175.732,175.438,0.011,0.0075
08.03.2021 08:42:55.394 GMT-0600,175.732,175.28799999999998,0.011,0.011
08.03.2021 08:42:55.678 GMT-0600,175.733,175.42700000000002,0.011,0.011
08.03.2021 08:42:56.461 GMT-0600,175.732,175.438,0.011,0.0008
08.03.2021 08:42:56.512 GMT-0600,175.783,175.437,0.011,0.011
08.03.2021 08:42:56.670 GMT-0600,175.783,175.567,0.0008,0.0075
08.03.2021 08:42:56.720 GMT-0600,175.793,175.567,0.011,0.011
08.03.2021 08:42:56.976 GMT-0600,175.792,175.628,0.0008,0.0075
08.03.2021 08:42:57.027 GMT-0600,175.843,175.567,0.011,0.011
08.03.2021 08:42:57.937 GMT-0600,175.83200000000002,175.56799999999998,0.0075,0.011
08.03.2021 08:42:58.060 GMT-0600,175.83200000000002,175.578,0.0008,0.0075
08.03.2021 08:42:58.111 GMT-0600,175.86200000000002,175.578,0.011,0.011
08.03.2021 08:42:59.110 GMT-0600,175.863,175.567,0.011,0.011
08.03.2021 08:42:59.201 GMT-0600,175.853,175.567,0.011,0.011
08.03.2021 08:42:59.767 GMT-0600,175.86200000000002,175.56799999999998,0.011,0.011
08.03.2021 08:43:00.507 GMT-0600,175.853,175.567,0.0008,0.011
08.03.2021 08:43:00.807 GMT-0600,175.863,175.567,0.011,0.011
08.03.2021 08:43:01.554 GMT-0600,175.852,175.56799999999998,0.0075,0.011
08.03.2021 08:43:01.710 GMT-0600,175.863,175.567,0.011,0.011
08.03.2021 08:43:03.623 GMT-0600,175.852,175.56799999999998,0.0075,0.011
08.03.2021 08:43:03.723 GMT-0600,175.86200000000002,175.56799999999998,0.011,0.011
08.03.2021 08:43:05.050 GMT-0600,175.853,175.567,0.0075,0.011
08.03.2021 08:43:05.150 GMT-0600,175.86200000000002,175.56799999999998,0.011,0.011
08.03.2021 08:43:05.737 GMT-0600,175.852,175.56799999999998,0.0075,0.011
08.03.2021 08:43:05.838 GMT-0600,175.86200000000002,175.56799999999998,0.011,0.011
08.03.2021 08:43:05.959 GMT-0600,175.843,175.567,0.0008,0.011
08.03.2021 08:43:07.112 GMT-0600,175.842,175.428,0.011,0.011
08.03.2021 08:43:07.281 GMT-0600,175.842,175.59799999999998,0.011,0.0075
08.03.2021 08:43:08.339 GMT-0600,175.83200000000002,175.59799999999998,0.0008,0.011
08.03.2021 08:43:08.440 GMT-0600,175.842,175.59799999999998,0.011,0.011
08.03.2021 08:43:09.117 GMT-0600,175.843,175.667,0.011,0.0075
08.03.2021 08:43:09.168 GMT-0600,175.842,175.59799999999998,0.011,0.011
08.03.2021 08:43:11.608 GMT-0600,175.64200000000002,175.438,0.011,0.011
08.03.2021 08:43:11.658 GMT-0600,175.853,175.437,0.011,0.011
08.03.2021 08:43:11.709 GMT-0600,175.863,175.437,0.011,0.011
08.03.2021 08:43:11.766 GMT-0600,175.86200000000002,175.588,0.011,0.011
08.03.2021 08:43:12.987 GMT-0600,175.852,175.588,0.0075,0.011
08.03.2021 08:43:13.088 GMT-0600,175.86200000000002,175.588,0.011,0.011
08.03.2021 08:43:14.114 GMT-0600,175.853,175.58700000000002,0.0075,0.011
08.03.2021 08:43:14.309 GMT-0600,175.863,175.58700000000002,0.011,0.011
08.03.2021 08:43:15.895 GMT-0600,175.853,175.58700000000002,0.0075,0.011
08.03.2021 08:43:16.073 GMT-0600,175.86200000000002,175.588,0.011,0.011
08.03.2021 08:43:16.797 GMT-0600,175.852,175.588,0.0008,0.011
08.03.2021 08:43:17.008 GMT-0600,175.86200000000002,175.588,0.011,0.011
08.03.2021 08:43:17.548 GMT-0600,175.853,175.58700000000002,0.0075,0.011
08.03.2021 08:43:17.856 GMT-0600,175.86200000000002,175.438,0.011,0.011
08.03.2021 08:43:17.979 GMT-0600,175.86200000000002,175.448,0.011,0.011
08.03.2021 08:43:18.029 GMT-0600,175.86200000000002,175.218,0.011,0.011
08.03.2021 08:43:18.079 GMT-0600,175.863,175.387,0.011,0.011
08.03.2021 08:43:18.314 GMT-0600,175.852,175.388,0.011,0.011
08.03.2021 08:43:18.737 GMT-0600,175.853,175.39700000000002,0.011,0.0075
08.03.2021 08:43:18.787 GMT-0600,175.852,175.388,0.011,0.011
08.03.2021 08:43:19.224 GMT-0600,175.843,175.387,0.0075,0.011
08.03.2021 08:43:19.325 GMT-0600,175.843,175.39700000000002,0.011,0.011
08.03.2021 08:43:19.666 GMT-0600,175.843,175.387,0.011,0.011
08.03.2021 08:43:20.169 GMT-0600,175.853,175.387,0.011,0.011
08.03.2021 08:43:20.222 GMT-0600,175.843,175.39700000000002,0.0008,0.0008
08.03.2021 08:43:20.559 GMT-0600,175.852,175.388,0.011,0.011
08.03.2021 08:43:21.489 GMT-0600,175.843,175.39700000000002,0.0075,0.0075
08.03.2021 08:43:21.589 GMT-0600,175.863,175.387,0.011,0.011
08.03.2021 08:43:22.769 GMT-0600,175.69299999999998,175.387,0.011,0.011
08.03.2021 08:43:22.951 GMT-0600,175.69299999999998,175.39700000000002,0.011,0.0075
08.03.2021 08:43:23.314 GMT-0600,175.692,175.388,0.011,0.011
08.03.2021 08:43:23.669 GMT-0600,175.863,175.387,0.011,0.011
08.03.2021 08:43:24.042 GMT-0600,175.852,175.398,0.0075,0.0075
08.03.2021 08:43:24.209 GMT-0600,175.86200000000002,175.388,0.011,0.011
08.03.2021 08:43:24.645 GMT-0600,175.86200000000002,175.218,0.011,0.011
08.03.2021 08:43:25.166 GMT-0600,175.852,175.228,0.0075,0.0075
08.03.2021 08:43:25.420 GMT-0600,175.863,175.217,0.011,0.011
08.03.2021 08:43:26.369 GMT-0600,175.853,175.227,0.0008,0.0008
08.03.2021 08:43:26.419 GMT-0600,175.86200000000002,175.218,0.011,0.011
08.03.2021 08:43:27.154 GMT-0600,175.65200000000002,175.398,0.0075,0.0075
08.03.2021 08:43:27.205 GMT-0600,175.653,175.217,0.011,0.011
08.03.2021 08:43:27.665 GMT-0600,175.643,175.227,0.0075,0.0075
08.03.2021 08:43:27.765 GMT-0600,175.65200000000002,175.218,0.011,0.011
08.03.2021 08:43:28.638 GMT-0600,175.653,175.447,0.011,0.011
08.03.2021 08:43:28.688 GMT-0600,175.65200000000002,175.388,0.011,0.011
08.03.2021 08:43:32.389 GMT-0600,175.65200000000002,175.218,0.011,0.011
08.03.2021 08:43:33.996 GMT-0600,175.703,175.217,0.011,0.011
08.03.2021 08:43:34.338 GMT-0600,175.692,175.228,0.0008,0.0008
08.03.2021 08:43:34.973 GMT-0600,175.702,175.218,0.011,0.011
08.03.2021 08:43:35.023 GMT-0600,175.702,175.458,0.011,0.011
08.03.2021 08:43:35.213 GMT-0600,175.562,175.458,0.0008,0.0075
08.03.2021 08:43:35.263 GMT-0600,175.563,175.217,0.011,0.011
08.03.2021 08:43:40.190 GMT-0600,175.52200000000002,175.218,0.0075,0.011
08.03.2021 08:43:40.242 GMT-0600,175.553,175.227,0.011,0.011
08.03.2021 08:43:40.409 GMT-0600,175.553,175.217,0.011,0.011
08.03.2021 08:43:54.324 GMT-0600,175.55200000000002,175.228,0.011,0.0075
08.03.2021 08:43:54.690 GMT-0600,175.55200000000002,175.495,0.0008,0.0075
08.03.2021 08:43:54.740 GMT-0600,175.703,175.447,0.011,0.011
08.03.2021 08:44:03.252 GMT-0600,175.702,175.498,0.011,0.011
08.03.2021 08:44:03.494 GMT-0600,175.703,175.447,0.011,0.011
08.03.2021 08:44:07.716 GMT-0600,175.592,175.448,0.0075,0.011
08.03.2021 08:44:10.072 GMT-0600,175.592,175.518,0.0075,0.0008
08.03.2021 08:44:10.123 GMT-0600,175.702,175.458,0.011,0.011
08.03.2021 08:44:10.598 GMT-0600,175.702,175.488,0.011,0.0008
08.03.2021 08:44:11.045 GMT-0600,175.83200000000002,175.488,0.011,0.011
08.03.2021 08:44:11.345 GMT-0600,175.823,175.48700000000002,0.0075,0.011
08.03.2021 08:44:11.445 GMT-0600,175.833,175.48700000000002,0.011,0.011
08.03.2021 08:44:11.729 GMT-0600,175.822,175.488,0.0075,0.011
08.03.2021 08:44:12.450 GMT-0600,175.833,175.377,0.011,0.011
08.03.2021 08:44:12.560 GMT-0600,175.823,175.387,0.0075,0.0075
08.03.2021 08:44:12.809 GMT-0600,175.83200000000002,175.378,0.011,0.011
08.03.2021 08:44:12.859 GMT-0600,175.823,175.377,0.011,0.011
08.03.2021 08:44:13.391 GMT-0600,175.822,175.488,0.0075,0.0008
08.03.2021 08:44:13.442 GMT-0600,175.863,175.48700000000002,0.011,0.011
08.03.2021 08:44:13.904 GMT-0600,175.822,175.488,0.0008,0.0075
08.03.2021 08:44:13.955 GMT-0600,175.822,175.378,0.011,0.011
08.03.2021 08:44:14.057 GMT-0600,175.812,175.388,0.0008,0.0008
08.03.2021 08:44:14.157 GMT-0600,175.823,175.377,0.011,0.011
08.03.2021 08:44:15.567 GMT-0600,175.813,175.387,0.0075,0.0075
08.03.2021 08:44:15.957 GMT-0600,175.822,175.378,0.011,0.011
08.03.2021 08:44:16.586 GMT-0600,175.703,175.387,0.0075,0.0075
08.03.2021 08:44:16.637 GMT-0600,175.822,175.388,0.011,0.011
08.03.2021 08:44:16.857 GMT-0600,175.822,175.378,0.011,0.011
08.03.2021 08:44:17.361 GMT-0600,175.83200000000002,175.378,0.011,0.011
08.03.2021 08:44:17.412 GMT-0600,175.702,175.378,0.011,0.011
08.03.2021 08:44:17.558 GMT-0600,175.702,175.388,0.011,0.0075
08.03.2021 08:44:17.609 GMT-0600,175.703,175.377,0.011,0.011
08.03.2021 08:44:18.322 GMT-0600,175.822,175.378,0.011,0.011
08.03.2021 08:44:18.483 GMT-0600,175.812,175.388,0.0075,0.0075
08.03.2021 08:44:18.533 GMT-0600,175.823,175.377,0.011,0.011
08.03.2021 08:44:19.337 GMT-0600,175.812,175.388,0.0008,0.0008
08.03.2021 08:44:19.470 GMT-0600,175.692,175.388,0.0008,0.011
08.03.2021 08:44:20.391 GMT-0600,175.692,175.498,0.0075,0.011
08.03.2021 08:44:20.442 GMT-0600,175.823,175.497,0.011,0.011
08.03.2021 08:44:20.683 GMT-0600,175.653,175.497,0.0075,0.011
08.03.2021 08:44:20.783 GMT-0600,175.653,175.467,0.011,0.011
08.03.2021 08:44:21.083 GMT-0600,175.603,175.467,0.0008,0.011
08.03.2021 08:44:21.134 GMT-0600,175.65200000000002,175.468,0.011,0.011
08.03.2021 08:44:23.858 GMT-0600,175.653,175.48700000000002,0.011,0.0008
08.03.2021 08:44:24.638 GMT-0600,175.65200000000002,175.468,0.011,0.011
08.03.2021 08:44:26.696 GMT-0600,175.653,175.48700000000002,0.011,0.0075
08.03.2021 08:44:32.003 GMT-0600,175.65200000000002,175.618,0.0008,0.0075
08.03.2021 08:44:32.053 GMT-0600,175.792,175.478,0.011,0.011
08.03.2021 08:44:32.255 GMT-0600,175.793,175.467,0.0008,0.011
08.03.2021 08:44:32.754 GMT-0600,175.792,175.70700000000002,0.0008,0.0075
08.03.2021 08:44:32.804 GMT-0600,175.863,175.70700000000002,0.011,0.011
08.03.2021 08:44:36.228 GMT-0600,175.863,175.717,0.011,0.0008
08.03.2021 08:44:37.515 GMT-0600,175.793,175.71,0.0075,0.0008
08.03.2021 08:44:37.565 GMT-0600,175.853,175.717,0.011,0.011
08.03.2021 08:44:38.573 GMT-0600,175.853,175.467,0.011,0.011
08.03.2021 08:44:39.006 GMT-0600,175.852,175.498,0.011,0.0075
08.03.2021 08:44:39.144 GMT-0600,175.852,175.508,0.011,0.0008
08.03.2021 08:44:39.359 GMT-0600,175.852,175.498,0.011,0.011
08.03.2021 08:44:39.510 GMT-0600,175.853,175.61700000000002,0.011,0.0075
08.03.2021 08:44:40.192 GMT-0600,175.863,175.61700000000002,0.011,0.011
08.03.2021 08:44:41.137 GMT-0600,175.863,175.627,0.011,0.0008
08.03.2021 08:44:41.631 GMT-0600,175.86200000000002,175.618,0.011,0.011
08.03.2021 08:44:41.993 GMT-0600,175.863,175.497,0.011,0.011
08.03.2021 08:44:42.104 GMT-0600,175.86200000000002,175.508,0.011,0.011
08.03.2021 08:44:42.510 GMT-0600,175.863,175.497,0.011,0.011
08.03.2021 08:44:43.188 GMT-0600,175.863,175.507,0.011,0.0008
08.03.2021 08:44:43.409 GMT-0600,175.86200000000002,175.498,0.011,0.011
08.03.2021 08:44:44.432 GMT-0600,175.86200000000002,175.718,0.011,0.0075
08.03.2021 08:44:45.383 GMT-0600,175.863,175.787,0.0008,0.0075
08.03.2021 08:44:45.434 GMT-0600,175.982,175.728,0.011,0.011
08.03.2021 08:44:45.484 GMT-0600,175.982,175.738,0.011,0.011
08.03.2021 08:44:45.693 GMT-0600,175.982,175.728,0.011,0.011
08.03.2021 08:44:46.135 GMT-0600,175.972,175.718,0.011,0.011
08.03.2021 08:44:46.245 GMT-0600,175.982,175.718,0.011,0.011
08.03.2021 08:44:46.687 GMT-0600,175.983,175.497,0.011,0.011
08.03.2021 08:44:46.738 GMT-0600,175.982,175.508,0.011,0.0008
08.03.2021 08:44:48.905 GMT-0600,175.983,175.717,0.011,0.0075
08.03.2021 08:44:50.264 GMT-0600,175.982,175.808,0.011,0.0075
08.03.2021 08:44:50.365 GMT-0600,175.982,175.728,0.011,0.011
08.03.2021 08:44:50.807 GMT-0600,175.983,175.817,0.011,0.011
08.03.2021 08:44:51.127 GMT-0600,175.982,175.868,0.0008,0.0075
08.03.2021 08:44:51.177 GMT-0600,176.033,175.817,0.011,0.011
08.03.2021 08:44:51.295 GMT-0600,176.043,175.817,0.011,0.011
08.03.2021 08:44:52.450 GMT-0600,176.033,175.817,0.0008,0.011
08.03.2021 08:44:52.813 GMT-0600,176.042,175.81799999999998,0.011,0.011
08.03.2021 08:44:53.664 GMT-0600,176.033,175.817,0.0075,0.011
08.03.2021 08:44:53.764 GMT-0600,176.043,175.817,0.011,0.011
08.03.2021 08:44:54.404 GMT-0600,176.032,175.81799999999998,0.0075,0.011
08.03.2021 08:44:54.454 GMT-0600,176.042,175.81799999999998,0.011,0.011
08.03.2021 08:44:54.909 GMT-0600,176.043,175.70700000000002,0.011,0.011
08.03.2021 08:44:55.634 GMT-0600,176.043,175.717,0.011,0.0075
08.03.2021 08:44:55.765 GMT-0600,176.032,175.798,0.0008,0.011
08.03.2021 08:44:55.815 GMT-0600,176.042,175.798,0.011,0.011
08.03.2021 08:44:55.894 GMT-0600,176.043,175.80700000000002,0.011,0.0008
08.03.2021 08:44:56.034 GMT-0600,176.043,175.907,0.011,0.0008
08.03.2021 08:44:58.084 GMT-0600,175.963,175.907,0.0008,0.0075
08.03.2021 08:44:58.134 GMT-0600,176.042,175.798,0.011,0.011
08.03.2021 08:44:59.883 GMT-0600,176.033,175.797,0.0075,0.011
08.03.2021 08:45:00.010 GMT-0600,176.043,175.797,0.011,0.011
08.03.2021 08:45:00.060 GMT-0600,176.042,175.858,0.011,0.011
08.03.2021 08:45:00.691 GMT-0600,176.042,175.988,0.0008,0.0075
08.03.2021 08:45:00.741 GMT-0600,176.102,175.808,0.011,0.011
08.03.2021 08:45:00.849 GMT-0600,176.102,175.798,0.011,0.011
08.03.2021 08:45:00.961 GMT-0600,176.102,175.858,0.011,0.0075
08.03.2021 08:45:01.244 GMT-0600,176.102,175.798,0.011,0.011
08.03.2021 08:45:01.976 GMT-0600,176.102,175.858,0.011,0.0075
08.03.2021 08:45:04.953 GMT-0600,176.102,175.878,0.011,0.0075
08.03.2021 08:45:06.411 GMT-0600,176.203,175.877,0.011,0.011
08.03.2021 08:45:07.251 GMT-0600,176.192,175.888,0.0075,0.0075
08.03.2021 08:45:07.352 GMT-0600,176.203,175.877,0.011,0.011
08.03.2021 08:45:07.980 GMT-0600,176.192,175.888,0.0008,0.0008
08.03.2021 08:45:08.080 GMT-0600,176.203,175.877,0.011,0.011
08.03.2021 08:45:09.102 GMT-0600,176.19299999999998,175.887,0.011,0.011
08.03.2021 08:45:09.348 GMT-0600,176.203,175.877,0.011,0.011
08.03.2021 08:45:10.170 GMT-0600,176.132,175.878,0.011,0.011
08.03.2021 08:45:10.221 GMT-0600,176.192,175.888,0.011,0.011
08.03.2021 08:45:10.276 GMT-0600,176.202,175.878,0.011,0.011
08.03.2021 08:45:11.400 GMT-0600,176.19299999999998,175.887,0.0008,0.0008
08.03.2021 08:45:11.725 GMT-0600,176.203,175.877,0.011,0.011
08.03.2021 08:45:12.590 GMT-0600,176.122,175.888,0.0075,0.0075
08.03.2021 08:45:12.640 GMT-0600,176.202,175.888,0.011,0.011
08.03.2021 08:45:13.210 GMT-0600,176.19299999999998,175.887,0.011,0.011
08.03.2021 08:45:13.261 GMT-0600,176.203,175.877,0.011,0.011
08.03.2021 08:45:13.840 GMT-0600,176.113,175.877,0.0008,0.0075
08.03.2021 08:45:13.890 GMT-0600,176.203,175.797,0.011,0.011
08.03.2021 08:45:13.941 GMT-0600,176.05200000000002,175.798,0.011,0.011
08.03.2021 08:45:13.991 GMT-0600,176.202,175.798,0.011,0.011
08.03.2021 08:45:14.041 GMT-0600,176.202,175.948,0.011,0.011
08.03.2021 08:45:14.092 GMT-0600,176.203,175.86700000000002,0.011,0.011
08.03.2021 08:45:15.062 GMT-0600,176.202,176.028,0.011,0.0075
08.03.2021 08:45:15.113 GMT-0600,176.202,175.938,0.011,0.011
08.03.2021 08:45:15.163 GMT-0600,176.202,176.03799999999998,0.011,0.011
08.03.2021 08:45:15.304 GMT-0600,176.292,176.03799999999998,0.011,0.011
08.03.2021 08:45:15.354 GMT-0600,176.292,176.118,0.011,0.011
08.03.2021 08:45:15.405 GMT-0600,176.382,176.008,0.011,0.011
08.03.2021 08:45:15.755 GMT-0600,176.283,176.007,0.0075,0.011
08.03.2021 08:45:16.054 GMT-0600,176.233,176.007,0.0075,0.011
08.03.2021 08:45:16.105 GMT-0600,176.263,176.01700000000002,0.011,0.011
08.03.2021 08:45:16.219 GMT-0600,176.262,176.008,0.011,0.011
08.03.2021 08:45:16.755 GMT-0600,176.263,176.01700000000002,0.011,0.0075
08.03.2021 08:45:17.059 GMT-0600,176.262,176.008,0.011,0.011
08.03.2021 08:45:17.468 GMT-0600,176.262,176.138,0.011,0.0008
08.03.2021 08:45:18.051 GMT-0600,176.232,176.138,0.0075,0.011
08.03.2021 08:45:18.152 GMT-0600,176.393,176.137,0.011,0.011
08.03.2021 08:45:18.571 GMT-0600,176.39200000000002,176.198,0.011,0.011
08.03.2021 08:45:19.220 GMT-0600,176.403,176.197,0.011,0.011
08.03.2021 08:45:20.056 GMT-0600,176.393,176.197,0.011,0.011
08.03.2021 08:45:20.246 GMT-0600,176.363,176.247,0.0075,0.0075
08.03.2021 08:45:20.297 GMT-0600,176.363,176.197,0.011,0.011
08.03.2021 08:45:22.067 GMT-0600,176.513,176.137,0.011,0.011
08.03.2021 08:45:22.390 GMT-0600,176.512,176.218,0.011,0.0075
08.03.2021 08:45:22.440 GMT-0600,176.512,176.138,0.011,0.011
08.03.2021 08:45:22.491 GMT-0600,176.513,176.27700000000002,0.011,0.011
08.03.2021 08:45:22.675 GMT-0600,176.503,176.27700000000002,0.0075,0.011
08.03.2021 08:45:22.861 GMT-0600,176.512,176.278,0.011,0.011
08.03.2021 08:45:28.949 GMT-0600,176.36200000000002,176.128,0.011,0.011
08.03.2021 08:45:29.105 GMT-0600,176.36200000000002,176.268,0.011,0.011
08.03.2021 08:45:29.156 GMT-0600,176.36200000000002,176.088,0.011,0.011
08.03.2021 08:45:29.947 GMT-0600,176.36200000000002,176.008,0.011,0.011
08.03.2021 08:45:31.022 GMT-0600,176.452,176.018,0.0075,0.0075
08.03.2021 08:45:31.072 GMT-0600,176.463,176.197,0.011,0.011
08.03.2021 08:45:31.240 GMT-0600,176.513,176.11700000000002,0.011,0.011
08.03.2021 08:45:31.690 GMT-0600,176.40200000000002,176.118,0.0075,0.011
08.03.2021 08:45:31.791 GMT-0600,176.592,176.378,0.011,0.011
08.03.2021 08:45:32.063 GMT-0600,176.592,176.468,0.011,0.0008
08.03.2021 08:45:32.113 GMT-0600,176.592,176.378,0.011,0.011
08.03.2021 08:45:32.268 GMT-0600,176.593,176.387,0.011,0.0075
08.03.2021 08:45:32.410 GMT-0600,176.593,176.377,0.011,0.011
08.03.2021 08:45:32.555 GMT-0600,176.593,176.45700000000002,0.011,0.0008
08.03.2021 08:45:32.705 GMT-0600,176.743,176.45700000000002,0.011,0.011
08.03.2021 08:45:32.800 GMT-0600,176.702,176.458,0.0075,0.011
08.03.2021 08:45:33.056 GMT-0600,176.702,176.498,0.0075,0.011
08.03.2021 08:45:33.106 GMT-0600,176.752,176.498,0.011,0.011
08.03.2021 08:45:33.592 GMT-0600,176.752,176.458,0.011,0.011
08.03.2021 08:45:33.643 GMT-0600,176.74200000000002,176.458,0.0075,0.011
08.03.2021 08:45:33.743 GMT-0600,176.752,176.458,0.011,0.011
08.03.2021 08:45:34.574 GMT-0600,176.743,176.45700000000002,0.011,0.011
08.03.2021 08:45:34.710 GMT-0600,176.752,176.56799999999998,0.011,0.011
08.03.2021 08:45:34.760 GMT-0600,176.71200000000002,176.458,0.011,0.011
08.03.2021 08:45:35.140 GMT-0600,176.65200000000002,176.458,0.011,0.011
08.03.2021 08:45:35.359 GMT-0600,176.64200000000002,176.458,0.011,0.011
08.03.2021 08:45:37.231 GMT-0600,176.643,176.497,0.011,0.0008
08.03.2021 08:45:38.113 GMT-0600,176.64200000000002,176.458,0.011,0.011
08.03.2021 08:45:38.227 GMT-0600,176.633,176.45700000000002,0.011,0.011
08.03.2021 08:45:38.586 GMT-0600,176.632,176.498,0.011,0.0075
08.03.2021 08:45:39.022 GMT-0600,176.613,176.497,0.011,0.011
08.03.2021 08:45:39.257 GMT-0600,176.74200000000002,176.498,0.011,0.011
08.03.2021 08:45:39.493 GMT-0600,176.743,176.55700000000002,0.011,0.0075
08.03.2021 08:45:39.543 GMT-0600,176.753,176.497,0.011,0.011
08.03.2021 08:45:40.268 GMT-0600,176.74200000000002,176.498,0.011,0.011
08.03.2021 08:45:40.319 GMT-0600,176.752,176.498,0.011,0.011
08.03.2021 08:45:40.692 GMT-0600,176.752,176.558,0.011,0.011
08.03.2021 08:45:40.742 GMT-0600,176.752,176.498,0.011,0.011
08.03.2021 08:45:40.821 GMT-0600,176.74200000000002,176.498,0.0008,0.011
08.03.2021 08:45:41.015 GMT-0600,176.752,176.498,0.011,0.011
