Local time,Ask,Bid,AskVolume,BidVolume
23.03.2020 08:30:04.943 GMT-0500,227.96200000000002,227.938,0.02,0.02
23.03.2020 08:30:05.053 GMT-0500,227.963,227.937,0.02,0.02
23.03.2020 08:30:05.257 GMT-0500,228.002,227.938,0.02,0.0075
23.03.2020 08:30:05.360 GMT-0500,227.982,227.938,0.02,0.02
23.03.2020 08:30:23.404 GMT-0500,225.072,224.988,0.02,0.02
23.03.2020 08:30:23.730 GMT-0500,225.072,224.998,0.0075,0.0075
23.03.2020 08:30:25.402 GMT-0500,225.05200000000002,224.988,0.02,0.02
23.03.2020 08:30:27.566 GMT-0500,225.19299999999998,225.107,0.0075,0.0075
23.03.2020 08:30:32.635 GMT-0500,225.093,225.028,0.0075,0.0075
23.03.2020 08:30:33.412 GMT-0500,224.702,224.608,0.0075,0.0075
23.03.2020 08:30:33.462 GMT-0500,224.062,223.998,0.02,0.02
23.03.2020 08:30:33.512 GMT-0500,224.092,223.998,0.0075,0.0075
23.03.2020 08:31:18.306 GMT-0500,225.092,225.008,0.02,0.02
23.03.2020 08:31:37.648 GMT-0500,223.322,223.228,0.0075,0.0075
23.03.2020 08:31:38.823 GMT-0500,222.912,222.81799999999998,0.02,0.02
23.03.2020 08:31:40.545 GMT-0500,222.542,222.458,0.0075,0.0075
23.03.2020 08:32:20.080 GMT-0500,224.97299999999998,224.877,0.02,0.02
23.03.2020 08:32:23.766 GMT-0500,224.49200000000002,224.418,0.0075,0.0075
23.03.2020 08:32:28.850 GMT-0500,224.852,224.768,0.02,0.02
23.03.2020 08:32:29.097 GMT-0500,224.842,224.768,0.0075,0.02
23.03.2020 08:32:30.486 GMT-0500,225.013,224.95700000000002,0.02,0.02
23.03.2020 08:32:52.173 GMT-0500,226.64200000000002,226.548,0.0075,0.0075
23.03.2020 08:33:08.301 GMT-0500,226.513,226.45700000000002,0.02,0.02
23.03.2020 08:33:50.659 GMT-0500,226.833,226.748,0.02,0.0075
23.03.2020 08:34:08.063 GMT-0500,226.72299999999998,226.64700000000002,0.02,0.02
23.03.2020 08:34:08.891 GMT-0500,226.99200000000002,226.908,0.0075,0.0075
23.03.2020 08:34:09.143 GMT-0500,227.003,226.917,0.02,0.02
23.03.2020 08:34:09.488 GMT-0500,227.003,226.918,0.02,0.0075
23.03.2020 08:34:09.640 GMT-0500,226.99200000000002,226.918,0.02,0.0075
23.03.2020 08:34:20.550 GMT-0500,226.632,226.548,0.02,0.0075
23.03.2020 08:34:34.662 GMT-0500,226.602,226.518,0.02,0.02
23.03.2020 08:34:34.925 GMT-0500,226.683,226.59799999999998,0.02,0.0075
23.03.2020 08:34:35.115 GMT-0500,226.683,226.597,0.02,0.02
23.03.2020 08:34:51.972 GMT-0500,225.513,225.42700000000002,0.02,0.02
23.03.2020 08:35:29.427 GMT-0500,223.86200000000002,223.768,0.0075,0.0075
23.03.2020 08:35:29.478 GMT-0500,223.722,223.628,0.02,0.02
23.03.2020 08:35:29.622 GMT-0500,223.72299999999998,223.627,0.02,0.0075
23.03.2020 08:35:39.137 GMT-0500,223.97299999999998,223.877,0.02,0.02
23.03.2020 08:35:43.661 GMT-0500,223.942,223.868,0.02,0.02
23.03.2020 08:35:44.003 GMT-0500,223.94299999999998,223.857,0.02,0.0075
23.03.2020 08:35:49.887 GMT-0500,224.593,224.507,0.02,0.02
23.03.2020 08:35:51.271 GMT-0500,224.803,224.727,0.0075,0.0075
23.03.2020 08:35:55.885 GMT-0500,224.663,224.567,0.02,0.0075
23.03.2020 08:35:56.097 GMT-0500,224.718,224.637,0.0075,0.0075
23.03.2020 08:36:03.744 GMT-0500,224.83200000000002,224.768,0.0075,0.0075
23.03.2020 08:36:12.810 GMT-0500,224.512,224.418,0.02,0.0075
23.03.2020 08:36:13.543 GMT-0500,224.653,224.558,0.02,0.0075
23.03.2020 08:36:14.998 GMT-0500,224.623,224.548,0.02,0.0075
23.03.2020 08:36:15.583 GMT-0500,224.622,224.528,0.02,0.02
23.03.2020 08:36:15.784 GMT-0500,224.77200000000002,224.698,0.02,0.02
23.03.2020 08:36:16.688 GMT-0500,224.852,224.778,0.02,0.0075
23.03.2020 08:36:16.840 GMT-0500,224.852,224.778,0.0075,0.0075
23.03.2020 08:36:43.300 GMT-0500,224.873,224.788,0.02,0.0075
23.03.2020 08:36:43.680 GMT-0500,224.90200000000002,224.838,0.02,0.02
23.03.2020 08:37:03.548 GMT-0500,223.262,223.208,0.02,0.0075
23.03.2020 08:37:08.943 GMT-0500,223.993,223.977,0.0075,0.0075
23.03.2020 08:37:15.363 GMT-0500,224.33200000000002,224.248,0.02,0.0075
23.03.2020 08:37:22.764 GMT-0500,223.523,223.468,0.0075,0.0075
23.03.2020 08:37:33.901 GMT-0500,223.703,223.608,0.02,0.0075
23.03.2020 08:37:34.134 GMT-0500,223.69299999999998,223.59799999999998,0.02,0.0075
23.03.2020 08:37:47.157 GMT-0500,223.793,223.70700000000002,0.0075,0.01
23.03.2020 08:37:53.988 GMT-0500,223.58200000000002,223.488,0.0075,0.0075
23.03.2020 08:38:00.775 GMT-0500,223.12,223.077,0.0075,0.0075
23.03.2020 08:38:01.892 GMT-0500,222.823,222.808,0.0075,0.0075
23.03.2020 08:38:03.165 GMT-0500,222.593,222.52700000000002,0.02,0.02
23.03.2020 08:38:03.764 GMT-0500,222.378,222.308,0.0075,0.0075
23.03.2020 08:38:13.178 GMT-0500,222.27200000000002,222.178,0.0075,0.0075
23.03.2020 08:38:33.592 GMT-0500,220.472,220.398,0.0075,0.0075
23.03.2020 08:38:33.664 GMT-0500,220.472,220.388,0.0075,0.0075
23.03.2020 08:38:33.761 GMT-0500,220.472,220.388,0.02,0.0075
23.03.2020 08:38:33.812 GMT-0500,220.433,220.338,0.02,0.0075
23.03.2020 08:38:38.145 GMT-0500,220.072,219.998,0.0075,0.0075
23.03.2020 08:38:44.783 GMT-0500,220.093,219.997,0.02,0.02
23.03.2020 08:38:45.003 GMT-0500,220.083,219.98700000000002,0.02,0.02
23.03.2020 08:38:51.004 GMT-0500,220.092,219.998,0.0075,0.0075
23.03.2020 08:39:00.365 GMT-0500,219.282,219.198,0.0075,0.0075
23.03.2020 08:39:06.472 GMT-0500,219.603,219.507,0.0075,0.02
23.03.2020 08:39:18.160 GMT-0500,218.83200000000002,218.738,0.0075,0.0075
23.03.2020 08:39:19.610 GMT-0500,218.633,218.56799999999998,0.02,0.0075
23.03.2020 08:39:19.700 GMT-0500,218.64200000000002,218.56799999999998,0.0075,0.0075
23.03.2020 08:39:32.989 GMT-0500,220.02200000000002,219.978,0.0075,0.0075
23.03.2020 08:40:13.012 GMT-0500,221.55200000000002,221.468,0.02,0.0075
23.03.2020 08:40:15.316 GMT-0500,222.18200000000002,222.088,0.02,0.0075
23.03.2020 08:40:23.471 GMT-0500,221.80200000000002,221.708,0.0075,0.0075
23.03.2020 08:40:58.544 GMT-0500,222.143,222.067,0.02,0.02
23.03.2020 08:41:04.353 GMT-0500,222.012,221.948,0.0075,0.0075
23.03.2020 08:41:07.294 GMT-0500,222.013,221.918,0.02,0.0075
23.03.2020 08:41:26.317 GMT-0500,222.132,222.038,0.02,0.02
23.03.2020 08:41:27.757 GMT-0500,222.133,222.058,0.02,0.0075
23.03.2020 08:42:57.338 GMT-0500,221.062,221.01700000000002,0.0075,0.0075
23.03.2020 08:43:03.486 GMT-0500,221.292,221.218,0.02,0.02
23.03.2020 08:43:12.601 GMT-0500,221.003,220.928,0.02,0.0075
23.03.2020 08:43:47.462 GMT-0500,222.543,222.447,0.02,0.02
23.03.2020 08:43:47.582 GMT-0500,222.543,222.48700000000002,0.0075,0.0075
23.03.2020 08:43:47.632 GMT-0500,222.572,222.488,0.0075,0.0075
23.03.2020 08:43:58.441 GMT-0500,222.533,222.45700000000002,0.02,0.02
23.03.2020 08:43:58.592 GMT-0500,222.573,222.498,0.02,0.0075
23.03.2020 08:43:58.997 GMT-0500,222.573,222.497,0.02,0.0075
23.03.2020 08:43:59.548 GMT-0500,222.573,222.507,0.02,0.0075
23.03.2020 08:43:59.599 GMT-0500,222.583,222.508,0.02,0.0075
23.03.2020 08:43:59.749 GMT-0500,222.562,222.478,0.02,0.02
23.03.2020 08:44:08.007 GMT-0500,221.833,221.788,0.02,0.0075
23.03.2020 08:44:08.057 GMT-0500,221.833,221.80700000000002,0.02,0.02
23.03.2020 08:44:10.361 GMT-0500,221.55200000000002,221.498,0.0075,0.0075
23.03.2020 08:44:36.340 GMT-0500,221.733,221.70700000000002,0.02,0.02
23.03.2020 08:44:38.347 GMT-0500,221.18200000000002,221.09799999999998,0.0075,0.0075
23.03.2020 08:44:47.643 GMT-0500,221.842,221.778,0.02,0.0075
23.03.2020 08:44:56.632 GMT-0500,221.09,221.058,0.0075,0.0075
23.03.2020 08:44:57.685 GMT-0500,221.05200000000002,220.988,0.0075,0.02
23.03.2020 08:44:58.380 GMT-0500,221.08200000000002,220.988,0.02,0.0075
23.03.2020 08:45:00.740 GMT-0500,220.952,220.858,0.02,0.02
23.03.2020 08:45:11.203 GMT-0500,220.11200000000002,220.048,0.0075,0.0075
23.03.2020 08:45:11.253 GMT-0500,220.11200000000002,220.028,0.02,0.02
23.03.2020 08:45:11.303 GMT-0500,220.072,220.008,0.0075,0.0075
23.03.2020 08:45:25.524 GMT-0500,220.083,219.998,0.02,0.0075
23.03.2020 08:45:27.825 GMT-0500,220.092,219.998,0.02,0.02
23.03.2020 08:45:37.261 GMT-0500,221.002,220.908,0.02,0.0075
23.03.2020 08:46:02.246 GMT-0500,221.283,221.278,0.0075,0.0075
23.03.2020 08:47:00.063 GMT-0500,221.183,221.08700000000002,0.02,0.02
23.03.2020 08:47:12.151 GMT-0500,221.572,221.488,0.02,0.02
23.03.2020 08:47:31.945 GMT-0500,222.313,222.23700000000002,0.02,0.02
23.03.2020 08:47:39.950 GMT-0500,222.19299999999998,222.107,0.02,0.02
23.03.2020 08:47:42.361 GMT-0500,222.502,222.448,0.02,0.02
23.03.2020 08:47:43.918 GMT-0500,222.452,222.39700000000002,0.0075,0.0075
23.03.2020 08:47:47.310 GMT-0500,223.253,223.168,0.0075,0.0075
23.03.2020 08:47:47.360 GMT-0500,223.252,223.158,0.0075,0.0075
23.03.2020 08:47:48.143 GMT-0500,223.252,223.168,0.02,0.02
23.03.2020 08:48:03.494 GMT-0500,223.02200000000002,222.928,0.0075,0.0075
23.03.2020 08:48:06.120 GMT-0500,223.093,223.08700000000002,0.0075,0.0075
23.03.2020 08:48:09.431 GMT-0500,223.61200000000002,223.528,0.02,0.0075
23.03.2020 08:48:10.922 GMT-0500,223.502,223.448,0.0075,0.0075
23.03.2020 08:48:12.782 GMT-0500,223.803,223.708,0.02,0.0075
23.03.2020 08:48:13.534 GMT-0500,223.893,223.81799999999998,0.0075,0.0075
23.03.2020 08:48:22.332 GMT-0500,224.002,223.918,0.0075,0.0075
23.03.2020 08:48:25.947 GMT-0500,224.002,223.988,0.0075,0.0075
23.03.2020 08:48:26.199 GMT-0500,224.113,224.077,0.02,0.02
23.03.2020 08:48:26.301 GMT-0500,224.062,223.978,0.02,0.02
23.03.2020 08:48:26.499 GMT-0500,224.063,223.977,0.02,0.02
23.03.2020 08:48:26.549 GMT-0500,224.062,223.968,0.02,0.02
23.03.2020 08:48:27.664 GMT-0500,224.073,224.035,0.02,0.0075
23.03.2020 08:48:27.889 GMT-0500,224.233,224.158,0.02,0.0075
23.03.2020 08:48:31.834 GMT-0500,223.933,223.83700000000002,0.02,0.02
23.03.2020 08:48:32.034 GMT-0500,223.978,223.928,0.0075,0.0075
23.03.2020 08:48:43.995 GMT-0500,224.282,224.188,0.0075,0.02
23.03.2020 08:48:48.098 GMT-0500,223.982,223.918,0.02,0.02
23.03.2020 08:48:51.587 GMT-0500,223.982,223.908,0.0075,0.0075
23.03.2020 08:49:34.884 GMT-0500,223.822,223.748,0.0075,0.0075
23.03.2020 08:49:35.170 GMT-0500,223.823,223.77700000000002,0.02,0.02
23.03.2020 08:49:35.220 GMT-0500,223.753,223.73700000000002,0.02,0.02
23.03.2020 08:49:43.145 GMT-0500,223.373,223.298,0.02,0.0075
23.03.2020 08:49:59.333 GMT-0500,223.782,223.688,0.0075,0.02
23.03.2020 08:50:37.099 GMT-0500,222.882,222.788,0.02,0.02
23.03.2020 08:50:37.628 GMT-0500,223.083,222.997,0.02,0.02
23.03.2020 08:50:42.747 GMT-0500,223.282,223.198,0.0075,0.0075
23.03.2020 08:51:03.112 GMT-0500,223.132,223.037,0.0075,0.0075
23.03.2020 08:51:09.416 GMT-0500,223.372,223.278,0.0075,0.0075
23.03.2020 08:51:09.561 GMT-0500,223.373,223.327,0.0075,0.0075
23.03.2020 08:51:09.611 GMT-0500,223.442,223.358,0.02,0.02
23.03.2020 08:51:10.992 GMT-0500,223.513,223.438,0.02,0.0075
23.03.2020 08:51:17.632 GMT-0500,223.89200000000002,223.798,0.02,0.0075
23.03.2020 08:51:17.742 GMT-0500,223.89200000000002,223.828,0.02,0.0075
23.03.2020 08:51:17.842 GMT-0500,223.873,223.787,0.02,0.02
23.03.2020 08:51:17.974 GMT-0500,223.853,223.757,0.02,0.02
23.03.2020 08:51:18.027 GMT-0500,223.853,223.757,0.02,0.02
23.03.2020 08:51:18.472 GMT-0500,223.822,223.728,0.0075,0.0075
23.03.2020 08:51:19.680 GMT-0500,223.823,223.728,0.0075,0.0075
23.03.2020 08:51:20.657 GMT-0500,223.893,223.858,0.02,0.0075
23.03.2020 08:51:20.809 GMT-0500,223.893,223.852,0.02,0.0075
23.03.2020 08:51:20.860 GMT-0500,223.89200000000002,223.798,0.02,0.02
23.03.2020 08:51:21.037 GMT-0500,223.912,223.84799999999998,0.02,0.0075
23.03.2020 08:51:22.956 GMT-0500,223.833,223.748,0.02,0.0075
23.03.2020 08:51:27.298 GMT-0500,223.99200000000002,223.898,0.0075,0.02
23.03.2020 08:51:27.348 GMT-0500,224.073,223.997,0.02,0.02
23.03.2020 08:51:29.346 GMT-0500,224.002,223.908,0.02,0.02
23.03.2020 08:51:47.785 GMT-0500,224.502,224.428,0.02,0.02
23.03.2020 08:51:48.012 GMT-0500,224.502,224.42700000000002,0.02,0.0075
23.03.2020 08:51:49.401 GMT-0500,224.503,224.417,0.02,0.02
23.03.2020 08:51:50.463 GMT-0500,224.512,224.438,0.02,0.0075
23.03.2020 08:51:51.741 GMT-0500,224.623,224.56799999999998,0.02,0.0075
23.03.2020 08:51:51.841 GMT-0500,224.663,224.567,0.02,0.02
23.03.2020 08:51:52.317 GMT-0500,224.663,224.567,0.02,0.02
23.03.2020 08:51:52.738 GMT-0500,224.662,224.59799999999998,0.02,0.0075
23.03.2020 08:51:55.872 GMT-0500,224.663,224.608,0.02,0.0075
23.03.2020 08:51:56.365 GMT-0500,224.812,224.718,0.0075,0.0075
23.03.2020 08:51:59.729 GMT-0500,224.872,224.77700000000002,0.0075,0.0075
23.03.2020 08:52:00.064 GMT-0500,224.863,224.768,0.02,0.0075
23.03.2020 08:52:00.620 GMT-0500,224.872,224.77700000000002,0.0075,0.0075
23.03.2020 08:52:06.473 GMT-0500,224.412,224.31799999999998,0.0075,0.0075
23.03.2020 08:52:18.132 GMT-0500,225.003,224.908,0.02,0.0075
23.03.2020 08:52:18.257 GMT-0500,225.003,224.937,0.02,0.0075
23.03.2020 08:52:18.471 GMT-0500,225.012,224.928,0.02,0.02
23.03.2020 08:52:22.644 GMT-0500,225.013,224.968,0.02,0.0075
23.03.2020 08:52:26.553 GMT-0500,225.012,224.948,0.0075,0.0075
23.03.2020 08:52:26.603 GMT-0500,225.012,224.918,0.02,0.02
23.03.2020 08:52:27.258 GMT-0500,225.013,224.918,0.02,0.0075
23.03.2020 08:52:28.152 GMT-0500,225.013,224.937,0.02,0.0075
23.03.2020 08:52:28.202 GMT-0500,225.012,224.948,0.0075,0.0075
23.03.2020 08:52:28.253 GMT-0500,225.012,224.938,0.02,0.02
23.03.2020 08:52:28.984 GMT-0500,225.002,224.918,0.0075,0.0075
23.03.2020 08:52:29.302 GMT-0500,224.983,224.918,0.0075,0.0075
23.03.2020 08:52:29.407 GMT-0500,225.012,224.938,0.02,0.0075
23.03.2020 08:52:29.558 GMT-0500,225.003,224.95700000000002,0.02,0.02
23.03.2020 08:52:29.658 GMT-0500,225.003,224.918,0.02,0.0075
23.03.2020 08:52:29.882 GMT-0500,225.003,224.928,0.02,0.0075
23.03.2020 08:52:29.932 GMT-0500,225.003,224.918,0.02,0.0075
23.03.2020 08:52:29.982 GMT-0500,225.002,224.958,0.02,0.02
23.03.2020 08:52:30.033 GMT-0500,225.003,224.917,0.02,0.02
23.03.2020 08:52:30.419 GMT-0500,225.003,224.948,0.02,0.0075
23.03.2020 08:52:30.581 GMT-0500,225.002,224.968,0.02,0.02
23.03.2020 08:52:30.682 GMT-0500,225.002,224.908,0.02,0.02
23.03.2020 08:52:30.783 GMT-0500,225.002,224.958,0.0075,0.0075
23.03.2020 08:52:30.833 GMT-0500,225.013,224.947,0.02,0.02
23.03.2020 08:52:30.933 GMT-0500,225.013,224.958,0.02,0.0075
23.03.2020 08:52:31.152 GMT-0500,225.002,224.958,0.0075,0.02
23.03.2020 08:52:31.253 GMT-0500,225.013,224.92700000000002,0.02,0.02
23.03.2020 08:52:31.532 GMT-0500,225.012,224.967,0.0075,0.0075
23.03.2020 08:52:32.324 GMT-0500,224.89200000000002,224.798,0.02,0.02
23.03.2020 08:52:35.013 GMT-0500,224.83200000000002,224.778,0.0075,0.0075
23.03.2020 08:52:35.796 GMT-0500,224.72299999999998,224.64700000000002,0.02,0.02
23.03.2020 08:52:36.177 GMT-0500,224.643,224.54700000000003,0.0075,0.0075
23.03.2020 08:52:36.449 GMT-0500,224.662,224.56799999999998,0.0075,0.0075
23.03.2020 08:52:36.625 GMT-0500,224.64200000000002,224.56799999999998,0.0075,0.0075
23.03.2020 08:52:41.186 GMT-0500,224.69299999999998,224.608,0.02,0.0075
23.03.2020 08:52:41.410 GMT-0500,224.64200000000002,224.56799999999998,0.0075,0.0075
23.03.2020 08:52:42.801 GMT-0500,224.662,224.56799999999998,0.0075,0.0075
23.03.2020 08:52:43.065 GMT-0500,224.662,224.578,0.0075,0.0075
23.03.2020 08:52:43.604 GMT-0500,224.80200000000002,224.718,0.02,0.02
23.03.2020 08:52:46.168 GMT-0500,224.863,224.77700000000002,0.02,0.02
23.03.2020 08:52:49.102 GMT-0500,224.882,224.788,0.02,0.02
23.03.2020 08:52:51.753 GMT-0500,224.86200000000002,224.798,0.0075,0.0075
23.03.2020 08:52:58.609 GMT-0500,224.572,224.548,0.02,0.02
23.03.2020 08:52:58.810 GMT-0500,224.633,224.548,0.02,0.0075
23.03.2020 08:52:59.599 GMT-0500,224.58200000000002,224.498,0.0075,0.0075
23.03.2020 08:53:05.665 GMT-0500,224.253,224.157,0.02,0.0075
23.03.2020 08:53:07.984 GMT-0500,224.023,223.948,0.02,0.0075
23.03.2020 08:53:09.558 GMT-0500,224.132,224.048,0.02,0.02
23.03.2020 08:53:29.780 GMT-0500,224.24200000000002,224.148,0.0075,0.0075
23.03.2020 08:53:38.647 GMT-0500,223.523,223.42700000000002,0.02,0.02
23.03.2020 08:53:56.380 GMT-0500,223.893,223.79700000000003,0.02,0.02
23.03.2020 08:53:56.542 GMT-0500,223.94299999999998,223.877,0.0075,0.0075
23.03.2020 08:54:00.270 GMT-0500,223.452,223.358,0.0075,0.0075
23.03.2020 08:54:17.349 GMT-0500,224.013,223.937,0.02,0.0075
23.03.2020 08:54:19.890 GMT-0500,223.893,223.808,0.02,0.0075
23.03.2020 08:54:22.674 GMT-0500,223.993,223.918,0.02,0.0075
23.03.2020 08:54:40.278 GMT-0500,223.08200000000002,222.998,0.0075,0.02
23.03.2020 08:54:46.808 GMT-0500,223.122,223.028,0.02,0.0075
23.03.2020 08:54:49.588 GMT-0500,223.342,223.248,0.0075,0.02
23.03.2020 08:54:53.025 GMT-0500,223.303,223.208,0.02,0.0075
23.03.2020 08:54:54.060 GMT-0500,223.333,223.23700000000002,0.02,0.0075
23.03.2020 08:54:56.108 GMT-0500,223.343,223.258,0.02,0.0075
23.03.2020 08:55:02.367 GMT-0500,223.46200000000002,223.377,0.0075,0.0075
23.03.2020 08:55:02.417 GMT-0500,223.472,223.378,0.0075,0.0075
23.03.2020 08:55:09.872 GMT-0500,223.863,223.82,0.0075,0.0075
23.03.2020 08:55:12.227 GMT-0500,223.863,223.79700000000003,0.02,0.02
23.03.2020 08:55:14.210 GMT-0500,224.163,224.088,0.02,0.0075
23.03.2020 08:55:16.356 GMT-0500,224.263,224.187,0.02,0.0075
23.03.2020 08:55:23.047 GMT-0500,224.02200000000002,223.928,0.0075,0.0075
23.03.2020 08:55:32.801 GMT-0500,224.512,224.418,0.02,0.02
23.03.2020 08:55:38.688 GMT-0500,224.132,224.058,0.0075,0.0075
23.03.2020 08:55:41.553 GMT-0500,224.073,223.997,0.02,0.02
23.03.2020 08:55:52.728 GMT-0500,224.14200000000002,224.048,0.0075,0.0075
23.03.2020 08:56:02.626 GMT-0500,224.27200000000002,224.178,0.02,0.02
23.03.2020 08:56:03.529 GMT-0500,224.11200000000002,224.038,0.02,0.02
23.03.2020 08:56:04.627 GMT-0500,224.282,224.228,0.0075,0.0075
23.03.2020 08:56:04.679 GMT-0500,224.282,224.238,0.02,0.02
23.03.2020 08:56:18.393 GMT-0500,223.94299999999998,223.86700000000002,0.02,0.0075
23.03.2020 08:56:18.444 GMT-0500,224.002,223.908,0.02,0.02
23.03.2020 08:56:26.356 GMT-0500,223.993,223.917,0.02,0.02
23.03.2020 08:56:26.468 GMT-0500,223.993,223.917,0.02,0.0075
23.03.2020 08:56:27.385 GMT-0500,223.752,223.678,0.02,0.02
23.03.2020 08:56:28.049 GMT-0500,223.853,223.77700000000002,0.02,0.0075
23.03.2020 08:56:29.493 GMT-0500,224.05200000000002,223.958,0.02,0.02
23.03.2020 08:56:29.723 GMT-0500,224.05200000000002,223.977,0.0075,0.0075
23.03.2020 08:56:30.119 GMT-0500,224.123,224.038,0.02,0.0075
23.03.2020 08:56:30.347 GMT-0500,224.083,224.038,0.0075,0.0075
23.03.2020 08:56:32.722 GMT-0500,223.963,223.878,0.02,0.0075
23.03.2020 08:56:36.501 GMT-0500,223.972,223.888,0.0075,0.0075
23.03.2020 08:56:37.243 GMT-0500,223.97299999999998,223.887,0.02,0.02
23.03.2020 08:56:37.354 GMT-0500,223.972,223.898,0.0075,0.0075
23.03.2020 08:56:37.627 GMT-0500,223.97299999999998,223.888,0.02,0.0075
23.03.2020 08:56:37.727 GMT-0500,223.97299999999998,223.908,0.02,0.0075
23.03.2020 08:56:38.040 GMT-0500,223.97299999999998,223.907,0.0075,0.02
23.03.2020 08:56:38.183 GMT-0500,224.093,223.998,0.02,0.0075
23.03.2020 08:56:38.233 GMT-0500,224.092,223.998,0.02,0.02
23.03.2020 08:56:38.531 GMT-0500,224.093,224.018,0.0075,0.0075
23.03.2020 08:56:38.733 GMT-0500,224.203,224.108,0.02,0.0075
23.03.2020 08:56:38.816 GMT-0500,224.203,224.11700000000002,0.02,0.0075
23.03.2020 08:56:38.916 GMT-0500,224.203,224.108,0.02,0.0075
23.03.2020 08:56:39.624 GMT-0500,224.11200000000002,224.018,0.02,0.02
23.03.2020 08:56:40.989 GMT-0500,224.083,224.007,0.02,0.0075
23.03.2020 08:56:44.341 GMT-0500,224.213,224.11700000000002,0.02,0.02
23.03.2020 08:56:44.922 GMT-0500,224.21200000000002,224.127,0.0075,0.0075
23.03.2020 08:56:44.972 GMT-0500,224.213,224.167,0.02,0.02
23.03.2020 08:56:45.022 GMT-0500,224.252,224.188,0.02,0.02
23.03.2020 08:56:45.222 GMT-0500,224.333,224.23700000000002,0.02,0.02
23.03.2020 08:56:46.321 GMT-0500,224.33200000000002,224.258,0.02,0.02
23.03.2020 08:56:48.027 GMT-0500,224.293,224.217,0.02,0.0075
23.03.2020 08:56:48.078 GMT-0500,224.293,224.218,0.02,0.0075
23.03.2020 08:56:51.003 GMT-0500,224.203,224.107,0.02,0.02
23.03.2020 08:56:51.604 GMT-0500,224.24200000000002,224.158,0.0075,0.0075
23.03.2020 08:56:51.658 GMT-0500,224.24200000000002,224.218,0.0075,0.0075
23.03.2020 08:56:57.483 GMT-0500,223.882,223.798,0.0075,0.02
23.03.2020 08:56:57.881 GMT-0500,223.882,223.798,0.02,0.02
23.03.2020 08:56:58.110 GMT-0500,223.882,223.798,0.02,0.02
23.03.2020 08:56:58.238 GMT-0500,223.83200000000002,223.768,0.0075,0.0075
23.03.2020 08:57:00.298 GMT-0500,223.912,223.828,0.02,0.02
23.03.2020 08:57:00.639 GMT-0500,224.003,223.908,0.02,0.0075
23.03.2020 08:57:00.740 GMT-0500,224.003,223.907,0.02,0.02
23.03.2020 08:57:01.073 GMT-0500,224.002,223.907,0.0075,0.0075
23.03.2020 08:57:01.539 GMT-0500,224.122,224.038,0.0075,0.0075
23.03.2020 08:57:01.590 GMT-0500,224.122,224.028,0.02,0.02
23.03.2020 08:57:01.770 GMT-0500,224.122,224.028,0.02,0.0075
23.03.2020 08:57:01.971 GMT-0500,224.122,224.038,0.02,0.02
23.03.2020 08:57:02.626 GMT-0500,224.113,224.038,0.02,0.0075
23.03.2020 08:57:04.358 GMT-0500,224.163,224.06799999999998,0.02,0.0075
23.03.2020 08:57:07.820 GMT-0500,224.19299999999998,224.107,0.02,0.02
23.03.2020 08:57:07.921 GMT-0500,224.19299999999998,224.118,0.02,0.0075
23.03.2020 08:57:08.271 GMT-0500,224.19299999999998,224.097,0.02,0.0075
23.03.2020 08:57:08.322 GMT-0500,224.192,224.09799999999998,0.02,0.02
23.03.2020 08:57:08.811 GMT-0500,224.183,224.11700000000002,0.0075,0.0075
23.03.2020 08:57:10.846 GMT-0500,224.092,223.998,0.0075,0.0075
23.03.2020 08:57:14.462 GMT-0500,224.153,224.067,0.02,0.0075
23.03.2020 08:57:14.616 GMT-0500,224.153,224.06799999999998,0.02,0.0075
23.03.2020 08:57:16.573 GMT-0500,223.952,223.878,0.0075,0.0075
23.03.2020 08:57:18.328 GMT-0500,223.983,223.887,0.02,0.0075
23.03.2020 08:57:20.309 GMT-0500,223.912,223.858,0.02,0.02
23.03.2020 08:57:20.696 GMT-0500,223.983,223.89700000000002,0.02,0.02
23.03.2020 08:57:22.657 GMT-0500,223.872,223.798,0.02,0.02
23.03.2020 08:57:24.508 GMT-0500,224.102,224.008,0.0075,0.0075
23.03.2020 08:57:24.657 GMT-0500,224.173,224.088,0.02,0.0075
23.03.2020 08:57:28.301 GMT-0500,224.033,223.937,0.02,0.02
23.03.2020 08:57:29.185 GMT-0500,224.032,223.978,0.0075,0.0075
23.03.2020 08:57:29.386 GMT-0500,224.02200000000002,223.938,0.0075,0.0075
23.03.2020 08:57:33.172 GMT-0500,224.113,224.01700000000002,0.02,0.02
23.03.2020 08:57:33.320 GMT-0500,224.11200000000002,224.018,0.0075,0.0075
23.03.2020 08:57:33.471 GMT-0500,224.11200000000002,224.028,0.0075,0.0075
23.03.2020 08:57:34.961 GMT-0500,224.092,223.998,0.02,0.02
23.03.2020 08:57:35.169 GMT-0500,224.092,224.008,0.02,0.0075
23.03.2020 08:57:36.135 GMT-0500,224.08200000000002,223.998,0.02,0.02
23.03.2020 08:57:36.185 GMT-0500,224.093,223.998,0.02,0.0075
23.03.2020 08:57:36.236 GMT-0500,224.11200000000002,224.09799999999998,0.02,0.02
23.03.2020 08:57:36.286 GMT-0500,224.17200000000003,224.108,0.0075,0.0075
23.03.2020 08:57:36.643 GMT-0500,224.203,224.107,0.02,0.02
23.03.2020 08:57:36.937 GMT-0500,224.243,224.148,0.02,0.0075
23.03.2020 08:57:37.231 GMT-0500,224.282,224.232,0.0075,0.0075
23.03.2020 08:57:37.281 GMT-0500,224.322,224.238,0.0075,0.0075
23.03.2020 08:57:37.382 GMT-0500,224.323,224.228,0.02,0.0075
23.03.2020 08:57:37.433 GMT-0500,224.353,224.257,0.02,0.02
23.03.2020 08:57:37.959 GMT-0500,224.373,224.27700000000002,0.02,0.0075
23.03.2020 08:57:40.386 GMT-0500,224.24200000000002,224.158,0.0075,0.0075
23.03.2020 08:57:42.742 GMT-0500,224.202,224.138,0.0075,0.0075
23.03.2020 08:57:43.046 GMT-0500,224.202,224.195,0.0075,0.0075
23.03.2020 08:57:43.097 GMT-0500,224.293,224.198,0.02,0.0075
23.03.2020 08:57:43.268 GMT-0500,224.313,224.258,0.0075,0.0075
23.03.2020 08:57:45.784 GMT-0500,224.273,224.187,0.02,0.02
23.03.2020 08:57:46.213 GMT-0500,224.273,224.197,0.02,0.0075
23.03.2020 08:57:46.263 GMT-0500,224.273,224.187,0.02,0.02
23.03.2020 08:57:46.313 GMT-0500,224.27200000000002,224.208,0.0075,0.0075
23.03.2020 08:57:46.514 GMT-0500,224.273,224.197,0.02,0.02
23.03.2020 08:57:46.615 GMT-0500,224.27200000000002,224.198,0.02,0.02
23.03.2020 08:57:46.722 GMT-0500,224.27200000000002,224.208,0.0075,0.0075
23.03.2020 08:57:48.536 GMT-0500,224.39200000000002,224.298,0.02,0.02
23.03.2020 08:57:49.071 GMT-0500,224.273,224.187,0.02,0.02
23.03.2020 08:57:50.545 GMT-0500,224.423,224.338,0.02,0.0075
23.03.2020 08:57:51.009 GMT-0500,224.36200000000002,224.268,0.0075,0.0075
23.03.2020 08:57:51.160 GMT-0500,224.502,224.408,0.0075,0.0075
23.03.2020 08:57:51.261 GMT-0500,224.493,224.39700000000002,0.02,0.02
23.03.2020 08:57:51.380 GMT-0500,224.503,224.408,0.02,0.0075
23.03.2020 08:57:51.604 GMT-0500,224.502,224.418,0.0075,0.0075
23.03.2020 08:57:51.754 GMT-0500,224.502,224.408,0.0075,0.0075
23.03.2020 08:57:54.337 GMT-0500,224.503,224.418,0.02,0.0075
23.03.2020 08:57:54.651 GMT-0500,224.502,224.428,0.02,0.0075
23.03.2020 08:57:56.156 GMT-0500,224.603,224.51700000000002,0.02,0.02
23.03.2020 08:57:58.633 GMT-0500,224.513,224.437,0.02,0.02
23.03.2020 08:57:58.958 GMT-0500,224.593,224.497,0.02,0.02
23.03.2020 08:57:59.469 GMT-0500,224.602,224.518,0.02,0.0075
23.03.2020 08:57:59.620 GMT-0500,224.592,224.498,0.0075,0.0075
23.03.2020 08:57:59.898 GMT-0500,224.593,224.497,0.02,0.02
23.03.2020 08:57:59.999 GMT-0500,224.592,224.498,0.02,0.02
23.03.2020 08:58:00.127 GMT-0500,224.603,224.507,0.02,0.0075
23.03.2020 08:58:00.402 GMT-0500,224.55200000000002,224.468,0.0075,0.0075
23.03.2020 08:58:00.553 GMT-0500,224.503,224.458,0.02,0.0075
23.03.2020 08:58:00.723 GMT-0500,224.472,224.388,0.0075,0.0075
23.03.2020 08:58:00.876 GMT-0500,224.502,224.408,0.02,0.0075
23.03.2020 08:58:00.927 GMT-0500,224.503,224.417,0.02,0.02
23.03.2020 08:58:01.234 GMT-0500,224.503,224.417,0.02,0.02
23.03.2020 08:58:01.926 GMT-0500,224.433,224.338,0.02,0.0075
23.03.2020 08:58:02.865 GMT-0500,224.162,224.088,0.0075,0.0075
23.03.2020 08:58:05.217 GMT-0500,224.173,224.077,0.02,0.02
23.03.2020 08:58:07.382 GMT-0500,224.222,224.128,0.0075,0.0075
23.03.2020 08:58:07.537 GMT-0500,224.222,224.128,0.02,0.02
23.03.2020 08:58:09.459 GMT-0500,224.183,224.08700000000002,0.02,0.02
23.03.2020 08:58:10.895 GMT-0500,224.17200000000003,224.078,0.0075,0.0075
23.03.2020 08:58:11.936 GMT-0500,224.043,223.948,0.02,0.0075
23.03.2020 08:58:12.036 GMT-0500,223.893,223.79700000000003,0.02,0.02
23.03.2020 08:58:12.863 GMT-0500,223.89200000000002,223.798,0.0075,0.0075
23.03.2020 08:58:12.942 GMT-0500,223.852,223.79700000000003,0.0075,0.0075
23.03.2020 08:58:17.216 GMT-0500,223.822,223.728,0.0075,0.0075
23.03.2020 08:58:17.367 GMT-0500,223.933,223.83700000000002,0.02,0.02
23.03.2020 08:58:17.587 GMT-0500,223.90200000000002,223.828,0.02,0.02
23.03.2020 08:58:17.737 GMT-0500,223.883,223.828,0.02,0.0075
23.03.2020 08:58:23.315 GMT-0500,223.83200000000002,223.738,0.0075,0.0075
23.03.2020 08:58:23.578 GMT-0500,223.83200000000002,223.73700000000002,0.0075,0.0075
23.03.2020 08:58:26.545 GMT-0500,223.602,223.508,0.0075,0.0075
23.03.2020 08:58:27.219 GMT-0500,223.603,223.508,0.02,0.0075
23.03.2020 08:58:27.816 GMT-0500,223.592,223.518,0.02,0.02
23.03.2020 08:58:28.662 GMT-0500,223.67200000000003,223.578,0.02,0.02
23.03.2020 08:58:31.856 GMT-0500,223.653,223.567,0.02,0.02
23.03.2020 08:58:31.906 GMT-0500,223.643,223.567,0.02,0.02
23.03.2020 08:58:33.565 GMT-0500,223.533,223.438,0.02,0.0075
23.03.2020 08:58:35.736 GMT-0500,223.183,223.09799999999998,0.02,0.0075
23.03.2020 08:58:40.875 GMT-0500,223.243,223.158,0.0075,0.0075
23.03.2020 08:58:42.674 GMT-0500,223.363,223.29700000000003,0.0075,0.0075
23.03.2020 08:58:42.725 GMT-0500,223.393,223.29700000000003,0.02,0.02
23.03.2020 08:58:43.076 GMT-0500,223.512,223.418,0.02,0.02
23.03.2020 08:58:44.051 GMT-0500,223.52200000000002,223.42700000000002,0.0075,0.0075
23.03.2020 08:58:57.593 GMT-0500,223.21200000000002,223.118,0.0075,0.0075
23.03.2020 08:58:58.250 GMT-0500,223.553,223.48000000000002,0.02,0.0075
23.03.2020 08:58:58.507 GMT-0500,223.543,223.458,0.0075,0.0075
23.03.2020 08:58:58.608 GMT-0500,223.603,223.518,0.02,0.0075
23.03.2020 08:58:58.780 GMT-0500,223.632,223.538,0.02,0.0075
23.03.2020 08:58:58.881 GMT-0500,223.702,223.608,0.0075,0.0075
23.03.2020 08:58:59.288 GMT-0500,223.80200000000002,223.708,0.02,0.0075
23.03.2020 08:58:59.892 GMT-0500,223.933,223.83700000000002,0.02,0.0075
23.03.2020 08:59:00.036 GMT-0500,223.933,223.838,0.0075,0.0075
23.03.2020 08:59:00.810 GMT-0500,223.96200000000002,223.877,0.0075,0.0075
23.03.2020 08:59:01.771 GMT-0500,223.812,223.728,0.02,0.02
23.03.2020 08:59:05.937 GMT-0500,223.833,223.738,0.02,0.0075
23.03.2020 08:59:06.246 GMT-0500,223.853,223.778,0.02,0.0075
23.03.2020 08:59:09.254 GMT-0500,223.853,223.757,0.02,0.0075
23.03.2020 08:59:13.121 GMT-0500,223.683,223.588,0.02,0.0075
23.03.2020 08:59:14.204 GMT-0500,223.55200000000002,223.468,0.0075,0.0075
23.03.2020 08:59:15.751 GMT-0500,223.542,223.458,0.0075,0.0075
23.03.2020 08:59:16.170 GMT-0500,223.602,223.508,0.02,0.02
23.03.2020 08:59:17.544 GMT-0500,223.86200000000002,223.768,0.0075,0.0075
23.03.2020 08:59:20.393 GMT-0500,223.382,223.298,0.0075,0.0075
23.03.2020 08:59:20.497 GMT-0500,223.363,223.29700000000003,0.02,0.02
23.03.2020 08:59:20.647 GMT-0500,223.46200000000002,223.378,0.02,0.02
23.03.2020 08:59:20.700 GMT-0500,223.423,223.378,0.0075,0.0075
23.03.2020 08:59:22.790 GMT-0500,223.643,223.58700000000002,0.0075,0.0075
23.03.2020 08:59:22.841 GMT-0500,223.592,223.498,0.02,0.02
23.03.2020 08:59:27.410 GMT-0500,223.592,223.498,0.02,0.02
23.03.2020 08:59:29.076 GMT-0500,223.632,223.538,0.0075,0.02
23.03.2020 08:59:31.018 GMT-0500,223.483,223.39700000000002,0.02,0.0075
23.03.2020 08:59:36.126 GMT-0500,223.77200000000002,223.678,0.0075,0.02
23.03.2020 08:59:38.657 GMT-0500,224.003,223.908,0.02,0.0075
23.03.2020 08:59:38.808 GMT-0500,223.983,223.898,0.02,0.0075
23.03.2020 08:59:39.485 GMT-0500,223.983,223.89000000000001,0.02,0.0075
23.03.2020 08:59:46.672 GMT-0500,224.002,223.918,0.02,0.02
23.03.2020 08:59:48.896 GMT-0500,224.023,223.928,0.02,0.0075
23.03.2020 08:59:50.026 GMT-0500,224.05200000000002,223.978,0.0075,0.0075
23.03.2020 08:59:57.893 GMT-0500,224.103,224.01700000000002,0.02,0.02
23.03.2020 08:59:59.086 GMT-0500,224.202,224.108,0.0075,0.0075
23.03.2020 09:00:01.653 GMT-0500,224.203,224.118,0.02,0.0075
23.03.2020 09:00:03.779 GMT-0500,223.882,223.84799999999998,0.02,0.02
23.03.2020 09:00:05.584 GMT-0500,224.043,224.02700000000002,0.02,0.0075
23.03.2020 09:00:05.634 GMT-0500,224.113,224.02700000000002,0.02,0.02
23.03.2020 09:00:14.112 GMT-0500,224.373,224.287,0.02,0.0075
23.03.2020 09:00:16.630 GMT-0500,224.372,224.298,0.0075,0.0075
23.03.2020 09:00:17.668 GMT-0500,224.40200000000002,224.328,0.0075,0.0075
23.03.2020 09:00:20.529 GMT-0500,224.17200000000003,224.078,0.02,0.02
23.03.2020 09:00:20.632 GMT-0500,224.183,224.088,0.02,0.0075
23.03.2020 09:00:23.190 GMT-0500,224.213,224.127,0.0075,0.02
23.03.2020 09:00:23.431 GMT-0500,224.19299999999998,224.097,0.02,0.02
23.03.2020 09:00:24.012 GMT-0500,224.19299999999998,224.09799999999998,0.02,0.0075
23.03.2020 09:00:24.379 GMT-0500,224.192,224.09799999999998,0.0075,0.0075
23.03.2020 09:00:24.584 GMT-0500,224.19299999999998,224.09799999999998,0.0075,0.0075
23.03.2020 09:00:24.777 GMT-0500,224.192,224.09799999999998,0.02,0.02
23.03.2020 09:00:24.896 GMT-0500,224.19299999999998,224.097,0.02,0.02
23.03.2020 09:00:28.893 GMT-0500,223.97299999999998,223.877,0.0075,0.0075
23.03.2020 09:00:30.251 GMT-0500,223.662,223.56799999999998,0.02,0.02
23.03.2020 09:00:30.352 GMT-0500,223.562,223.508,0.02,0.02
23.03.2020 09:00:31.689 GMT-0500,223.542,223.468,0.0075,0.0075
23.03.2020 09:00:44.141 GMT-0500,223.22299999999998,223.128,0.02,0.0075
23.03.2020 09:00:44.242 GMT-0500,223.073,222.998,0.02,0.0075
23.03.2020 09:01:13.231 GMT-0500,222.532,222.468,0.0075,0.0075
23.03.2020 09:01:13.393 GMT-0500,222.532,222.478,0.0075,0.0075
23.03.2020 09:01:14.547 GMT-0500,222.412,222.31799999999998,0.02,0.02
23.03.2020 09:01:14.708 GMT-0500,222.412,222.31799999999998,0.02,0.0075
23.03.2020 09:01:15.058 GMT-0500,222.333,222.248,0.0075,0.0075
23.03.2020 09:01:18.182 GMT-0500,222.512,222.418,0.02,0.02
23.03.2020 09:01:18.335 GMT-0500,222.512,222.412,0.02,0.0075
23.03.2020 09:01:22.115 GMT-0500,222.11200000000002,222.038,0.02,0.0075
23.03.2020 09:01:22.740 GMT-0500,222.113,222.01700000000002,0.02,0.0075
23.03.2020 09:01:22.874 GMT-0500,222.11200000000002,222.018,0.0075,0.0075
23.03.2020 09:01:23.342 GMT-0500,222.103,222.007,0.02,0.02
23.03.2020 09:01:23.616 GMT-0500,222.11200000000002,222.018,0.0075,0.0075
23.03.2020 09:01:23.717 GMT-0500,222.11200000000002,222.028,0.02,0.02
23.03.2020 09:01:23.934 GMT-0500,222.113,222.02700000000002,0.02,0.02
23.03.2020 09:01:24.712 GMT-0500,222.072,221.978,0.02,0.02
23.03.2020 09:01:25.495 GMT-0500,222.012,221.918,0.02,0.0075
23.03.2020 09:01:25.719 GMT-0500,221.983,221.907,0.02,0.02
23.03.2020 09:01:26.084 GMT-0500,222.073,221.978,0.02,0.0075
23.03.2020 09:01:28.223 GMT-0500,221.69299999999998,221.628,0.02,0.0075
23.03.2020 09:01:28.490 GMT-0500,221.69299999999998,221.627,0.02,0.02
23.03.2020 09:01:28.591 GMT-0500,221.69299999999998,221.607,0.02,0.02
23.03.2020 09:01:30.698 GMT-0500,221.875,221.84799999999998,0.0075,0.0075
23.03.2020 09:01:34.255 GMT-0500,221.942,221.858,0.0075,0.0075
23.03.2020 09:01:38.193 GMT-0500,221.622,221.538,0.02,0.02
23.03.2020 09:01:38.303 GMT-0500,221.622,221.538,0.02,0.02
23.03.2020 09:01:38.429 GMT-0500,221.613,221.537,0.02,0.0075
23.03.2020 09:01:38.556 GMT-0500,221.55200000000002,221.498,0.02,0.02
23.03.2020 09:01:38.606 GMT-0500,221.593,221.497,0.02,0.02
23.03.2020 09:01:41.370 GMT-0500,221.39200000000002,221.298,0.0075,0.0075
23.03.2020 09:01:41.421 GMT-0500,221.40200000000002,221.31799999999998,0.0075,0.0075
23.03.2020 09:01:45.401 GMT-0500,221.165,221.09799999999998,0.0075,0.0075
23.03.2020 09:01:48.624 GMT-0500,221.203,221.108,0.02,0.0075
23.03.2020 09:01:49.055 GMT-0500,221.342,221.268,0.0075,0.0075
23.03.2020 09:01:50.144 GMT-0500,221.373,221.288,0.0075,0.02
23.03.2020 09:01:51.901 GMT-0500,221.373,221.288,0.02,0.0075
23.03.2020 09:01:54.228 GMT-0500,221.382,221.287,0.0075,0.0075
23.03.2020 09:01:57.906 GMT-0500,221.043,221.018,0.02,0.0075
23.03.2020 09:02:00.949 GMT-0500,221.15200000000002,221.08700000000002,0.0075,0.0075
23.03.2020 09:02:01.281 GMT-0500,221.202,221.118,0.02,0.0075
23.03.2020 09:02:01.600 GMT-0500,221.22299999999998,221.148,0.02,0.0075
23.03.2020 09:02:03.946 GMT-0500,221.24200000000002,221.148,0.0075,0.01
23.03.2020 09:02:08.650 GMT-0500,221.372,221.278,0.0075,0.0075
23.03.2020 09:02:09.639 GMT-0500,221.233,221.148,0.02,0.0075
23.03.2020 09:02:10.225 GMT-0500,221.163,221.08700000000002,0.02,0.0075
23.03.2020 09:02:11.562 GMT-0500,221.232,221.148,0.0075,0.0075
23.03.2020 09:02:12.428 GMT-0500,221.143,221.04700000000003,0.0075,0.02
23.03.2020 09:02:12.763 GMT-0500,221.143,221.05700000000002,0.02,0.0075
23.03.2020 09:02:14.892 GMT-0500,221.252,221.158,0.0075,0.0075
23.03.2020 09:02:15.414 GMT-0500,221.252,221.158,0.0075,0.02
23.03.2020 09:02:17.773 GMT-0500,221.143,221.09799999999998,0.02,0.0075
23.03.2020 09:02:17.823 GMT-0500,221.122,221.06799999999998,0.02,0.02
23.03.2020 09:02:22.161 GMT-0500,221.143,221.06799999999998,0.02,0.0075
23.03.2020 09:02:28.310 GMT-0500,221.253,221.158,0.02,0.0075
23.03.2020 09:02:29.255 GMT-0500,221.132,221.048,0.0075,0.0075
23.03.2020 09:02:29.308 GMT-0500,221.133,221.05700000000002,0.02,0.0075
23.03.2020 09:02:32.839 GMT-0500,221.283,221.188,0.0075,0.0075
23.03.2020 09:02:33.272 GMT-0500,221.233,221.138,0.0075,0.0075
23.03.2020 09:02:34.114 GMT-0500,221.383,221.298,0.02,0.0075
23.03.2020 09:02:34.325 GMT-0500,221.383,221.30700000000002,0.0075,0.0075
23.03.2020 09:02:34.830 GMT-0500,221.403,221.308,0.02,0.0075
23.03.2020 09:02:34.880 GMT-0500,221.44299999999998,221.347,0.02,0.02
23.03.2020 09:02:34.976 GMT-0500,221.44299999999998,221.36700000000002,0.02,0.0075
23.03.2020 09:02:35.159 GMT-0500,221.442,221.368,0.02,0.02
23.03.2020 09:02:35.210 GMT-0500,221.442,221.368,0.02,0.02
23.03.2020 09:02:42.152 GMT-0500,221.373,221.27700000000002,0.0075,0.02
23.03.2020 09:02:48.270 GMT-0500,221.363,221.26700000000002,0.02,0.02
23.03.2020 09:02:48.893 GMT-0500,221.292,221.218,0.02,0.02
23.03.2020 09:02:49.803 GMT-0500,221.243,221.157,0.02,0.02
23.03.2020 09:02:50.062 GMT-0500,221.22299999999998,221.138,0.02,0.0075
23.03.2020 09:02:51.351 GMT-0500,221.463,221.39700000000002,0.02,0.02
23.03.2020 09:02:53.431 GMT-0500,221.573,221.478,0.02,0.0075
23.03.2020 09:02:53.652 GMT-0500,221.593,221.537,0.02,0.02
23.03.2020 09:02:53.702 GMT-0500,221.623,221.537,0.02,0.02
23.03.2020 09:02:53.788 GMT-0500,221.583,221.51500000000001,0.0075,0.0075
23.03.2020 09:02:54.753 GMT-0500,221.603,221.51700000000002,0.02,0.02
23.03.2020 09:02:55.058 GMT-0500,221.653,221.55700000000002,0.02,0.02
23.03.2020 09:02:57.228 GMT-0500,221.54500000000002,221.51700000000002,0.0075,0.0075
23.03.2020 09:03:22.187 GMT-0500,221.393,221.29700000000003,0.02,0.0075
23.03.2020 09:03:23.384 GMT-0500,221.22299999999998,221.138,0.0075,0.0075
23.03.2020 09:03:24.377 GMT-0500,221.202,221.108,0.02,0.02
23.03.2020 09:03:29.443 GMT-0500,221.042,220.958,0.0075,0.0075
23.03.2020 09:03:30.371 GMT-0500,221.08200000000002,220.988,0.02,0.02
23.03.2020 09:03:31.302 GMT-0500,220.99200000000002,220.958,0.0075,0.0075
23.03.2020 09:03:31.352 GMT-0500,220.99200000000002,220.898,0.0075,0.0075
23.03.2020 09:03:31.422 GMT-0500,220.99200000000002,220.898,0.02,0.0075
23.03.2020 09:03:31.560 GMT-0500,220.983,220.89700000000002,0.02,0.0075
23.03.2020 09:03:32.067 GMT-0500,220.93200000000002,220.83700000000002,0.0075,0.0075
23.03.2020 09:03:32.218 GMT-0500,220.792,220.708,0.0075,0.0075
23.03.2020 09:03:32.268 GMT-0500,220.713,220.627,0.02,0.02
23.03.2020 09:03:32.528 GMT-0500,220.533,220.447,0.02,0.02
23.03.2020 09:04:07.895 GMT-0500,221.18200000000002,221.088,0.02,0.02
23.03.2020 09:04:07.983 GMT-0500,221.122,221.062,0.0075,0.0075
23.03.2020 09:04:19.422 GMT-0500,220.92200000000003,220.84799999999998,0.0075,0.0075
23.03.2020 09:04:24.767 GMT-0500,220.762,220.668,0.0075,0.0075
23.03.2020 09:04:28.867 GMT-0500,220.915,220.898,0.0075,0.0075
23.03.2020 09:04:29.766 GMT-0500,220.893,220.798,0.02,0.0075
23.03.2020 09:04:33.300 GMT-0500,220.752,220.658,0.02,0.0075
23.03.2020 09:04:33.400 GMT-0500,220.64200000000002,220.558,0.0075,0.0075
23.03.2020 09:04:33.532 GMT-0500,220.713,220.627,0.02,0.0075
23.03.2020 09:04:33.583 GMT-0500,220.71200000000002,220.638,0.02,0.02
23.03.2020 09:04:36.713 GMT-0500,220.882,220.808,0.02,0.02
23.03.2020 09:04:39.697 GMT-0500,220.61200000000002,220.518,0.02,0.02
23.03.2020 09:04:40.073 GMT-0500,220.603,220.518,0.0075,0.0075
23.03.2020 09:04:40.123 GMT-0500,220.613,220.518,0.02,0.0075
23.03.2020 09:04:40.343 GMT-0500,220.613,220.51700000000002,0.02,0.02
23.03.2020 09:04:40.689 GMT-0500,220.61200000000002,220.518,0.0075,0.0075
23.03.2020 09:04:40.790 GMT-0500,220.613,220.51700000000002,0.02,0.02
23.03.2020 09:04:41.123 GMT-0500,220.613,220.537,0.02,0.0075
23.03.2020 09:04:41.394 GMT-0500,220.61200000000002,220.558,0.0075,0.0075
23.03.2020 09:04:41.545 GMT-0500,220.683,220.608,0.02,0.0075
23.03.2020 09:04:44.984 GMT-0500,220.633,220.538,0.02,0.0075
23.03.2020 09:04:46.204 GMT-0500,220.632,220.538,0.02,0.0075
23.03.2020 09:04:46.593 GMT-0500,220.512,220.428,0.02,0.02
23.03.2020 09:04:47.213 GMT-0500,220.623,220.528,0.02,0.0075
23.03.2020 09:04:47.341 GMT-0500,220.503,220.407,0.0075,0.0075
23.03.2020 09:04:47.453 GMT-0500,220.502,220.408,0.02,0.02
23.03.2020 09:04:48.107 GMT-0500,220.603,220.52,0.0075,0.0075
23.03.2020 09:04:56.190 GMT-0500,221.123,221.097,0.0075,0.0075
23.03.2020 09:04:56.241 GMT-0500,221.173,221.107,0.02,0.02
23.03.2020 09:04:56.948 GMT-0500,221.263,221.188,0.02,0.0075
23.03.2020 09:05:04.786 GMT-0500,221.603,221.508,0.02,0.0075
23.03.2020 09:05:05.926 GMT-0500,221.653,221.567,0.02,0.02
23.03.2020 09:05:06.010 GMT-0500,221.653,221.597,0.02,0.0075
23.03.2020 09:05:06.111 GMT-0500,221.65200000000002,221.56799999999998,0.02,0.02
23.03.2020 09:05:06.589 GMT-0500,221.65200000000002,221.558,0.0075,0.0075
23.03.2020 09:05:06.704 GMT-0500,221.653,221.55700000000002,0.02,0.02
23.03.2020 09:05:10.202 GMT-0500,221.752,221.658,0.0075,0.0075
23.03.2020 09:05:12.738 GMT-0500,222.042,221.948,0.02,0.02
23.03.2020 09:05:13.057 GMT-0500,222.043,221.948,0.02,0.0075
23.03.2020 09:05:27.801 GMT-0500,222.49200000000002,222.408,0.0075,0.0075
23.03.2020 09:05:28.002 GMT-0500,222.623,222.528,0.02,0.0075
23.03.2020 09:05:28.666 GMT-0500,222.623,222.52700000000002,0.0075,0.02
23.03.2020 09:05:31.981 GMT-0500,222.412,222.31799999999998,0.02,0.0075
23.03.2020 09:05:37.094 GMT-0500,222.512,222.438,0.0075,0.0075
23.03.2020 09:05:43.436 GMT-0500,222.733,222.657,0.0075,0.0075
23.03.2020 09:05:43.487 GMT-0500,222.72299999999998,222.628,0.02,0.0075
23.03.2020 09:05:51.611 GMT-0500,222.472,222.378,0.0075,0.0075
23.03.2020 09:05:55.347 GMT-0500,222.47299999999998,222.408,0.02,0.0075
23.03.2020 09:05:55.484 GMT-0500,222.463,222.408,0.0075,0.0075
23.03.2020 09:06:00.458 GMT-0500,222.633,222.537,0.02,0.0075
23.03.2020 09:06:01.968 GMT-0500,222.532,222.448,0.0075,0.0075
23.03.2020 09:06:02.169 GMT-0500,222.532,222.458,0.0075,0.0075
23.03.2020 09:06:02.219 GMT-0500,222.55200000000002,222.458,0.0075,0.0075
23.03.2020 09:06:02.316 GMT-0500,222.543,222.45700000000002,0.0075,0.02
23.03.2020 09:06:02.488 GMT-0500,222.543,222.45700000000002,0.02,0.0075
23.03.2020 09:06:03.062 GMT-0500,222.463,222.368,0.0075,0.0075
23.03.2020 09:06:03.163 GMT-0500,222.46200000000002,222.368,0.0075,0.0075
23.03.2020 09:06:05.819 GMT-0500,222.202,222.108,0.02,0.02
23.03.2020 09:06:07.660 GMT-0500,222.132,222.058,0.02,0.02
23.03.2020 09:06:08.856 GMT-0500,222.213,222.127,0.02,0.02
23.03.2020 09:06:09.460 GMT-0500,222.153,222.05700000000002,0.02,0.02
23.03.2020 09:06:09.610 GMT-0500,222.092,222.018,0.0075,0.0075
23.03.2020 09:06:09.661 GMT-0500,222.092,222.008,0.0075,0.0075
23.03.2020 09:06:09.755 GMT-0500,222.092,222.008,0.02,0.0075
23.03.2020 09:06:09.857 GMT-0500,222.132,222.058,0.0075,0.0075
23.03.2020 09:06:10.008 GMT-0500,222.19299999999998,222.09799999999998,0.02,0.0075
23.03.2020 09:06:10.059 GMT-0500,222.192,222.108,0.0075,0.0075
23.03.2020 09:06:10.260 GMT-0500,222.252,222.198,0.0075,0.0075
23.03.2020 09:06:11.534 GMT-0500,222.353,222.317,0.0075,0.0075
23.03.2020 09:06:11.584 GMT-0500,222.453,222.388,0.02,0.0075
23.03.2020 09:06:11.711 GMT-0500,222.523,222.447,0.02,0.02
23.03.2020 09:06:11.762 GMT-0500,222.523,222.45700000000002,0.02,0.02
23.03.2020 09:06:12.621 GMT-0500,222.523,222.42700000000002,0.02,0.0075
23.03.2020 09:06:14.298 GMT-0500,222.563,222.467,0.02,0.02
23.03.2020 09:06:14.448 GMT-0500,222.603,222.508,0.02,0.0075
23.03.2020 09:06:14.560 GMT-0500,222.553,222.508,0.0075,0.0075
23.03.2020 09:06:15.209 GMT-0500,222.483,222.388,0.02,0.0075
23.03.2020 09:06:15.259 GMT-0500,222.483,222.388,0.02,0.0075
23.03.2020 09:06:15.417 GMT-0500,222.483,222.387,0.02,0.02
23.03.2020 09:06:15.541 GMT-0500,222.482,222.388,0.02,0.02
23.03.2020 09:06:15.591 GMT-0500,222.543,222.45700000000002,0.02,0.02
23.03.2020 09:06:15.692 GMT-0500,222.572,222.478,0.02,0.02
23.03.2020 09:06:18.841 GMT-0500,222.702,222.608,0.0075,0.0075
23.03.2020 09:06:19.093 GMT-0500,222.722,222.628,0.02,0.0075
23.03.2020 09:06:23.030 GMT-0500,222.722,222.64700000000002,0.0075,0.0075
23.03.2020 09:06:23.410 GMT-0500,222.703,222.638,0.0075,0.0075
23.03.2020 09:06:23.461 GMT-0500,222.613,222.528,0.02,0.0075
23.03.2020 09:06:23.614 GMT-0500,222.613,222.52700000000002,0.02,0.02
23.03.2020 09:06:24.004 GMT-0500,222.61200000000002,222.518,0.02,0.02
23.03.2020 09:06:24.126 GMT-0500,222.602,222.518,0.02,0.02
23.03.2020 09:06:24.261 GMT-0500,222.603,222.51700000000002,0.0075,0.02
23.03.2020 09:06:24.311 GMT-0500,222.61200000000002,222.518,0.0075,0.0075
23.03.2020 09:06:24.370 GMT-0500,222.61200000000002,222.518,0.02,0.0075
23.03.2020 09:06:24.420 GMT-0500,222.61200000000002,222.518,0.02,0.02
23.03.2020 09:06:24.475 GMT-0500,222.602,222.518,0.0075,0.02
23.03.2020 09:06:24.576 GMT-0500,222.613,222.518,0.02,0.0075
23.03.2020 09:06:24.741 GMT-0500,222.613,222.518,0.02,0.0075
23.03.2020 09:06:25.068 GMT-0500,222.61200000000002,222.518,0.02,0.02
23.03.2020 09:06:25.241 GMT-0500,222.61200000000002,222.518,0.02,0.02
23.03.2020 09:06:25.342 GMT-0500,222.52200000000002,222.428,0.02,0.02
23.03.2020 09:06:26.607 GMT-0500,222.42200000000003,222.328,0.0075,0.0075
23.03.2020 09:06:28.501 GMT-0500,222.602,222.508,0.0075,0.0075
23.03.2020 09:06:29.171 GMT-0500,222.622,222.528,0.0075,0.0075
23.03.2020 09:06:29.273 GMT-0500,222.623,222.537,0.02,0.02
23.03.2020 09:06:29.324 GMT-0500,222.623,222.52700000000002,0.02,0.02
23.03.2020 09:06:29.444 GMT-0500,222.622,222.538,0.0075,0.0075
23.03.2020 09:06:30.987 GMT-0500,222.71200000000002,222.658,0.0075,0.0075
23.03.2020 09:06:31.779 GMT-0500,222.623,222.52700000000002,0.02,0.02
23.03.2020 09:06:32.797 GMT-0500,222.71200000000002,222.618,0.02,0.0075
23.03.2020 09:06:33.116 GMT-0500,222.583,222.558,0.02,0.0075
23.03.2020 09:06:33.417 GMT-0500,222.493,222.398,0.02,0.0075
23.03.2020 09:06:33.750 GMT-0500,222.502,222.438,0.0075,0.0075
23.03.2020 09:06:34.881 GMT-0500,222.673,222.58700000000002,0.02,0.02
23.03.2020 09:06:37.179 GMT-0500,222.762,222.678,0.02,0.0075
23.03.2020 09:06:39.952 GMT-0500,222.753,222.658,0.02,0.0075
23.03.2020 09:06:42.760 GMT-0500,222.533,222.458,0.02,0.0075
23.03.2020 09:06:42.861 GMT-0500,222.553,222.45700000000002,0.02,0.02
23.03.2020 09:06:43.491 GMT-0500,222.502,222.418,0.0075,0.0075
23.03.2020 09:06:43.546 GMT-0500,222.502,222.428,0.0075,0.0075
23.03.2020 09:06:43.596 GMT-0500,222.52200000000002,222.428,0.02,0.02
23.03.2020 09:06:43.699 GMT-0500,222.513,222.418,0.02,0.0075
23.03.2020 09:06:43.749 GMT-0500,222.523,222.428,0.02,0.0075
23.03.2020 09:06:47.847 GMT-0500,222.72299999999998,222.627,0.02,0.02
23.03.2020 09:06:49.712 GMT-0500,222.653,222.56799999999998,0.02,0.0075
23.03.2020 09:06:49.812 GMT-0500,222.662,222.56799999999998,0.02,0.02
23.03.2020 09:06:50.790 GMT-0500,222.593,222.51700000000002,0.02,0.02
23.03.2020 09:06:51.125 GMT-0500,222.523,222.42700000000002,0.02,0.02
23.03.2020 09:06:51.320 GMT-0500,222.502,222.418,0.0075,0.0075
23.03.2020 09:06:51.543 GMT-0500,222.512,222.418,0.0075,0.0075
23.03.2020 09:06:51.666 GMT-0500,222.513,222.417,0.02,0.02
23.03.2020 09:06:51.781 GMT-0500,222.503,222.417,0.02,0.02
23.03.2020 09:06:53.552 GMT-0500,222.583,222.488,0.02,0.0075
23.03.2020 09:06:54.202 GMT-0500,222.512,222.438,0.02,0.02
23.03.2020 09:06:54.570 GMT-0500,222.533,222.438,0.02,0.0075
23.03.2020 09:06:56.441 GMT-0500,222.303,222.208,0.0075,0.0075
23.03.2020 09:06:56.693 GMT-0500,222.30200000000002,222.218,0.02,0.02
23.03.2020 09:06:56.812 GMT-0500,222.262,222.178,0.02,0.02
23.03.2020 09:06:57.684 GMT-0500,222.412,222.31799999999998,0.0075,0.0075
23.03.2020 09:06:58.005 GMT-0500,222.352,222.268,0.02,0.02
23.03.2020 09:06:58.385 GMT-0500,222.293,222.197,0.0075,0.0075
23.03.2020 09:06:58.493 GMT-0500,222.313,222.217,0.02,0.0075
23.03.2020 09:07:00.105 GMT-0500,222.412,222.31799999999998,0.02,0.02
23.03.2020 09:07:00.431 GMT-0500,222.49200000000002,222.398,0.02,0.02
23.03.2020 09:07:00.632 GMT-0500,222.493,222.398,0.02,0.0075
23.03.2020 09:07:03.334 GMT-0500,222.663,222.567,0.02,0.02
23.03.2020 09:07:05.031 GMT-0500,222.543,222.447,0.02,0.02
23.03.2020 09:07:07.015 GMT-0500,222.503,222.407,0.02,0.02
23.03.2020 09:07:07.132 GMT-0500,222.502,222.407,0.0075,0.0075
23.03.2020 09:07:07.500 GMT-0500,222.502,222.408,0.02,0.0075
23.03.2020 09:07:07.602 GMT-0500,222.602,222.508,0.0075,0.0075
23.03.2020 09:07:08.524 GMT-0500,222.673,222.578,0.02,0.0075
23.03.2020 09:07:08.780 GMT-0500,222.663,222.56799999999998,0.02,0.0075
23.03.2020 09:07:08.893 GMT-0500,222.663,222.56799999999998,0.0075,0.0075
23.03.2020 09:07:08.994 GMT-0500,222.65200000000002,222.56799999999998,0.0075,0.0075
23.03.2020 09:07:09.045 GMT-0500,222.662,222.56799999999998,0.02,0.02
23.03.2020 09:07:09.237 GMT-0500,222.653,222.56799999999998,0.0075,0.0075
23.03.2020 09:07:09.389 GMT-0500,222.632,222.538,0.0075,0.0075
23.03.2020 09:07:09.674 GMT-0500,222.633,222.538,0.02,0.0075
23.03.2020 09:07:09.725 GMT-0500,222.633,222.538,0.02,0.0075
23.03.2020 09:07:09.811 GMT-0500,222.603,222.538,0.0075,0.0075
23.03.2020 09:07:12.083 GMT-0500,222.61200000000002,222.518,0.0075,0.0075
23.03.2020 09:07:12.585 GMT-0500,222.613,222.528,0.02,0.0075
23.03.2020 09:07:12.636 GMT-0500,222.61200000000002,222.518,0.0075,0.0075
23.03.2020 09:07:13.029 GMT-0500,222.61200000000002,222.518,0.02,0.0075
23.03.2020 09:07:13.180 GMT-0500,222.603,222.507,0.02,0.02
23.03.2020 09:07:13.300 GMT-0500,222.602,222.508,0.02,0.02
23.03.2020 09:07:13.350 GMT-0500,222.603,222.51700000000002,0.02,0.02
23.03.2020 09:07:13.400 GMT-0500,222.602,222.508,0.02,0.02
23.03.2020 09:07:13.453 GMT-0500,222.592,222.508,0.0075,0.02
23.03.2020 09:07:13.810 GMT-0500,222.483,222.428,0.02,0.0075
23.03.2020 09:07:14.080 GMT-0500,222.46200000000002,222.368,0.0075,0.0075
23.03.2020 09:07:14.712 GMT-0500,222.322,222.248,0.02,0.02
23.03.2020 09:07:14.907 GMT-0500,222.36200000000002,222.268,0.0075,0.02
23.03.2020 09:07:17.546 GMT-0500,222.47299999999998,222.378,0.02,0.0075
23.03.2020 09:07:20.445 GMT-0500,222.363,222.278,0.02,0.0075
23.03.2020 09:07:20.899 GMT-0500,222.393,222.298,0.0075,0.0075
23.03.2020 09:07:21.640 GMT-0500,222.393,222.30700000000002,0.02,0.02
23.03.2020 09:07:22.241 GMT-0500,222.393,222.31799999999998,0.02,0.0075
23.03.2020 09:07:22.620 GMT-0500,222.49200000000002,222.398,0.0075,0.02
23.03.2020 09:07:23.132 GMT-0500,222.49200000000002,222.398,0.0075,0.0075
23.03.2020 09:07:23.837 GMT-0500,222.65200000000002,222.558,0.02,0.02
23.03.2020 09:07:24.877 GMT-0500,222.653,222.59799999999998,0.02,0.0075
23.03.2020 09:07:25.004 GMT-0500,222.713,222.637,0.02,0.0075
23.03.2020 09:07:38.642 GMT-0500,222.633,222.567,0.02,0.02
23.03.2020 09:07:41.883 GMT-0500,222.68200000000002,222.588,0.02,0.02
23.03.2020 09:07:42.592 GMT-0500,222.753,222.685,0.02,0.0075
23.03.2020 09:07:44.493 GMT-0500,222.803,222.70700000000002,0.02,0.02
23.03.2020 09:07:48.744 GMT-0500,222.683,222.608,0.02,0.0075
23.03.2020 09:07:49.766 GMT-0500,222.533,222.447,0.0075,0.0075
23.03.2020 09:07:58.098 GMT-0500,222.80200000000002,222.728,0.02,0.0075
23.03.2020 09:07:58.566 GMT-0500,222.793,222.697,0.02,0.02
23.03.2020 09:07:58.820 GMT-0500,222.793,222.73700000000002,0.0075,0.0075
23.03.2020 09:08:00.020 GMT-0500,222.852,222.758,0.0075,0.0075
23.03.2020 09:08:02.219 GMT-0500,222.673,222.59799999999998,0.02,0.0075
23.03.2020 09:08:04.924 GMT-0500,222.622,222.538,0.02,0.0075
23.03.2020 09:08:05.289 GMT-0500,222.623,222.537,0.02,0.02
23.03.2020 09:08:12.223 GMT-0500,222.593,222.508,0.02,0.0075
23.03.2020 09:08:12.601 GMT-0500,222.593,222.51700000000002,0.02,0.02
23.03.2020 09:08:12.820 GMT-0500,222.593,222.518,0.02,0.0075
23.03.2020 09:08:13.027 GMT-0500,222.603,222.51700000000002,0.02,0.02
23.03.2020 09:08:14.884 GMT-0500,222.493,222.407,0.02,0.0075
23.03.2020 09:08:14.984 GMT-0500,222.533,222.438,0.02,0.0075
23.03.2020 09:08:15.149 GMT-0500,222.523,222.438,0.0075,0.0075
23.03.2020 09:08:15.199 GMT-0500,222.533,222.438,0.02,0.0075
23.03.2020 09:08:15.662 GMT-0500,222.533,222.437,0.02,0.02
23.03.2020 09:08:15.861 GMT-0500,222.532,222.438,0.02,0.02
23.03.2020 09:08:15.915 GMT-0500,222.523,222.438,0.0075,0.0075
23.03.2020 09:08:16.066 GMT-0500,222.532,222.438,0.0075,0.0075
23.03.2020 09:08:16.931 GMT-0500,222.532,222.458,0.02,0.02
23.03.2020 09:08:17.111 GMT-0500,222.523,222.45700000000002,0.02,0.02
23.03.2020 09:08:19.004 GMT-0500,222.343,222.26700000000002,0.02,0.02
23.03.2020 09:08:19.262 GMT-0500,222.263,222.187,0.0075,0.0075
23.03.2020 09:08:19.312 GMT-0500,222.263,222.167,0.02,0.02
23.03.2020 09:08:19.363 GMT-0500,222.263,222.218,0.02,0.0075
23.03.2020 09:08:19.413 GMT-0500,222.303,222.218,0.02,0.0075
23.03.2020 09:08:19.664 GMT-0500,222.303,222.218,0.02,0.0075
23.03.2020 09:08:19.715 GMT-0500,222.303,222.217,0.02,0.02
23.03.2020 09:08:19.780 GMT-0500,222.24200000000002,222.217,0.0075,0.0075
23.03.2020 09:08:19.881 GMT-0500,222.19299999999998,222.107,0.02,0.02
23.03.2020 09:08:20.209 GMT-0500,222.153,222.05700000000002,0.02,0.02
23.03.2020 09:08:21.212 GMT-0500,222.103,222.007,0.02,0.02
23.03.2020 09:08:21.393 GMT-0500,222.093,222.008,0.0075,0.0075
23.03.2020 09:08:21.934 GMT-0500,221.952,221.878,0.0075,0.0075
23.03.2020 09:08:27.498 GMT-0500,222.093,222.007,0.0075,0.02
23.03.2020 09:08:27.909 GMT-0500,222.092,222.008,0.02,0.02
23.03.2020 09:08:28.303 GMT-0500,222.093,222.01500000000001,0.02,0.0075
23.03.2020 09:08:29.411 GMT-0500,221.842,221.768,0.0075,0.0075
23.03.2020 09:08:29.527 GMT-0500,221.83200000000002,221.768,0.02,0.02
23.03.2020 09:08:31.767 GMT-0500,221.882,221.788,0.02,0.02
23.03.2020 09:08:32.058 GMT-0500,221.873,221.788,0.0075,0.0075
23.03.2020 09:08:32.161 GMT-0500,221.882,221.788,0.0075,0.0075
23.03.2020 09:08:32.240 GMT-0500,221.882,221.788,0.02,0.0075
23.03.2020 09:08:32.291 GMT-0500,221.882,221.788,0.0075,0.0075
23.03.2020 09:08:32.342 GMT-0500,221.872,221.788,0.0075,0.0075
23.03.2020 09:08:32.468 GMT-0500,221.882,221.788,0.0075,0.0075
23.03.2020 09:08:32.575 GMT-0500,221.852,221.788,0.02,0.02
23.03.2020 09:08:33.858 GMT-0500,221.813,221.717,0.02,0.02
23.03.2020 09:08:35.497 GMT-0500,221.813,221.79700000000003,0.0075,0.0075
23.03.2020 09:08:35.548 GMT-0500,221.913,221.81799999999998,0.02,0.0075
23.03.2020 09:08:36.186 GMT-0500,221.913,221.817,0.0075,0.0075
23.03.2020 09:08:39.320 GMT-0500,221.982,221.888,0.02,0.0075
23.03.2020 09:08:39.521 GMT-0500,221.953,221.878,0.02,0.0075
23.03.2020 09:08:40.182 GMT-0500,221.893,221.79700000000003,0.02,0.02
23.03.2020 09:08:41.590 GMT-0500,221.713,221.618,0.02,0.0075
23.03.2020 09:08:44.321 GMT-0500,221.783,221.688,0.02,0.0075
23.03.2020 09:08:44.507 GMT-0500,221.77200000000002,221.698,0.02,0.02
23.03.2020 09:08:44.558 GMT-0500,221.783,221.687,0.02,0.02
23.03.2020 09:08:44.709 GMT-0500,221.782,221.688,0.0075,0.0075
23.03.2020 09:08:44.816 GMT-0500,221.783,221.687,0.02,0.02
23.03.2020 09:08:44.916 GMT-0500,221.783,221.70700000000002,0.02,0.02
23.03.2020 09:08:45.151 GMT-0500,221.782,221.70700000000002,0.0075,0.0075
23.03.2020 09:08:47.598 GMT-0500,221.65200000000002,221.578,0.02,0.02
23.03.2020 09:08:47.749 GMT-0500,221.463,221.36700000000002,0.02,0.02
23.03.2020 09:08:48.077 GMT-0500,221.483,221.388,0.02,0.0075
23.03.2020 09:08:48.985 GMT-0500,221.49200000000002,221.398,0.02,0.0075
23.03.2020 09:08:51.611 GMT-0500,221.68200000000002,221.59799999999998,0.0075,0.0075
23.03.2020 09:08:51.712 GMT-0500,221.683,221.58700000000002,0.02,0.02
23.03.2020 09:08:53.341 GMT-0500,221.713,221.627,0.02,0.0075
23.03.2020 09:08:53.542 GMT-0500,221.77200000000002,221.718,0.02,0.02
23.03.2020 09:08:53.650 GMT-0500,221.773,221.728,0.0075,0.0075
23.03.2020 09:08:53.801 GMT-0500,221.823,221.738,0.02,0.0075
23.03.2020 09:08:53.968 GMT-0500,221.823,221.738,0.0075,0.0075
23.03.2020 09:08:54.577 GMT-0500,221.982,221.888,0.0075,0.0075
23.03.2020 09:08:55.869 GMT-0500,221.873,221.778,0.02,0.0075
23.03.2020 09:08:58.006 GMT-0500,221.952,221.858,0.02,0.02
23.03.2020 09:08:58.492 GMT-0500,221.923,221.83700000000002,0.02,0.0075
23.03.2020 09:08:58.662 GMT-0500,221.813,221.717,0.0075,0.0075
23.03.2020 09:08:59.524 GMT-0500,221.812,221.718,0.0075,0.0075
23.03.2020 09:08:59.939 GMT-0500,221.813,221.717,0.02,0.02
23.03.2020 09:09:00.189 GMT-0500,221.842,221.758,0.02,0.0075
23.03.2020 09:09:00.879 GMT-0500,221.883,221.787,0.02,0.02
23.03.2020 09:09:01.113 GMT-0500,221.883,221.787,0.02,0.0075
23.03.2020 09:09:01.542 GMT-0500,221.912,221.838,0.0075,0.0075
23.03.2020 09:09:04.729 GMT-0500,222.213,222.127,0.02,0.02
23.03.2020 09:09:06.990 GMT-0500,222.153,222.09799999999998,0.02,0.0075
23.03.2020 09:09:07.040 GMT-0500,222.092,221.998,0.02,0.02
23.03.2020 09:09:07.677 GMT-0500,222.15200000000002,222.078,0.0075,0.0075
23.03.2020 09:09:07.728 GMT-0500,222.15200000000002,222.06799999999998,0.02,0.02
23.03.2020 09:09:12.419 GMT-0500,221.93200000000002,221.84799999999998,0.0075,0.0075
23.03.2020 09:09:14.023 GMT-0500,221.842,221.758,0.0075,0.02
23.03.2020 09:09:14.074 GMT-0500,221.853,221.758,0.02,0.0075
23.03.2020 09:09:14.302 GMT-0500,221.852,221.758,0.02,0.02
23.03.2020 09:09:14.353 GMT-0500,221.852,221.758,0.0075,0.0075
23.03.2020 09:09:14.403 GMT-0500,221.83200000000002,221.748,0.0075,0.0075
23.03.2020 09:09:15.110 GMT-0500,221.942,221.858,0.02,0.02
23.03.2020 09:09:19.527 GMT-0500,221.903,221.81799999999998,0.02,0.0075
23.03.2020 09:09:20.302 GMT-0500,221.782,221.708,0.0075,0.02
23.03.2020 09:09:21.892 GMT-0500,221.883,221.787,0.02,0.02
23.03.2020 09:09:22.101 GMT-0500,221.882,221.798,0.02,0.0075
23.03.2020 09:09:22.151 GMT-0500,221.882,221.788,0.02,0.02
23.03.2020 09:09:22.464 GMT-0500,221.913,221.838,0.02,0.0075
23.03.2020 09:09:23.654 GMT-0500,221.99200000000002,221.908,0.02,0.0075
23.03.2020 09:09:24.357 GMT-0500,221.97299999999998,221.887,0.0075,0.02
23.03.2020 09:09:24.407 GMT-0500,221.96200000000002,221.888,0.02,0.02
23.03.2020 09:09:24.636 GMT-0500,221.92200000000003,221.838,0.02,0.02
23.03.2020 09:09:24.806 GMT-0500,221.96200000000002,221.868,0.02,0.02
23.03.2020 09:09:24.934 GMT-0500,221.963,221.86700000000002,0.02,0.02
23.03.2020 09:09:25.150 GMT-0500,221.963,221.868,0.02,0.0075
23.03.2020 09:09:25.201 GMT-0500,221.883,221.828,0.02,0.0075
23.03.2020 09:09:25.251 GMT-0500,221.89200000000002,221.828,0.0075,0.0075
23.03.2020 09:09:25.358 GMT-0500,221.933,221.83700000000002,0.02,0.02
23.03.2020 09:09:25.498 GMT-0500,221.933,221.857,0.02,0.0075
23.03.2020 09:09:25.548 GMT-0500,221.93200000000002,221.838,0.02,0.02
23.03.2020 09:09:25.949 GMT-0500,221.92200000000003,221.828,0.0075,0.0075
23.03.2020 09:09:26.217 GMT-0500,221.912,221.828,0.0075,0.02
23.03.2020 09:09:26.267 GMT-0500,221.92200000000003,221.828,0.0075,0.0075
23.03.2020 09:09:26.368 GMT-0500,221.873,221.787,0.02,0.02
23.03.2020 09:09:26.569 GMT-0500,221.882,221.798,0.0075,0.0075
23.03.2020 09:09:26.699 GMT-0500,221.89200000000002,221.798,0.02,0.0075
23.03.2020 09:09:26.749 GMT-0500,221.89200000000002,221.798,0.0075,0.0075
23.03.2020 09:09:28.432 GMT-0500,221.80200000000002,221.708,0.02,0.02
23.03.2020 09:09:29.326 GMT-0500,221.89200000000002,221.798,0.02,0.02
23.03.2020 09:09:29.824 GMT-0500,221.873,221.798,0.0075,0.0075
23.03.2020 09:09:30.005 GMT-0500,221.793,221.697,0.02,0.02
23.03.2020 09:09:30.165 GMT-0500,221.80200000000002,221.708,0.02,0.02
23.03.2020 09:09:30.315 GMT-0500,221.80200000000002,221.708,0.0075,0.0075
23.03.2020 09:09:30.416 GMT-0500,221.803,221.70700000000002,0.02,0.02
23.03.2020 09:09:30.566 GMT-0500,221.903,221.80700000000002,0.02,0.02
23.03.2020 09:09:31.281 GMT-0500,221.99200000000002,221.908,0.02,0.02
23.03.2020 09:09:31.638 GMT-0500,222.08200000000002,221.998,0.02,0.02
23.03.2020 09:09:32.126 GMT-0500,222.05200000000002,221.958,0.0075,0.0075
23.03.2020 09:09:32.955 GMT-0500,222.002,221.908,0.0075,0.0075
23.03.2020 09:09:33.836 GMT-0500,222.072,221.978,0.0075,0.0075
23.03.2020 09:09:34.308 GMT-0500,222.02200000000002,221.928,0.0075,0.0075
23.03.2020 09:09:35.108 GMT-0500,222.003,221.918,0.02,0.0075
23.03.2020 09:09:35.231 GMT-0500,222.012,221.918,0.02,0.02
23.03.2020 09:09:35.382 GMT-0500,222.013,221.918,0.02,0.0075
23.03.2020 09:09:35.907 GMT-0500,222.032,221.938,0.0075,0.02
23.03.2020 09:09:36.230 GMT-0500,222.083,222.018,0.0075,0.0075
23.03.2020 09:09:36.708 GMT-0500,222.133,222.037,0.02,0.02
23.03.2020 09:09:37.062 GMT-0500,222.122,222.038,0.02,0.02
23.03.2020 09:09:41.438 GMT-0500,221.883,221.817,0.02,0.02
23.03.2020 09:09:41.589 GMT-0500,221.883,221.81799999999998,0.02,0.0075
23.03.2020 09:09:41.747 GMT-0500,221.842,221.768,0.02,0.02
23.03.2020 09:09:41.847 GMT-0500,221.863,221.76700000000002,0.02,0.02
23.03.2020 09:09:41.952 GMT-0500,221.822,221.748,0.0075,0.0075
23.03.2020 09:09:42.604 GMT-0500,221.92200000000003,221.838,0.0075,0.0075
23.03.2020 09:09:42.654 GMT-0500,221.93200000000002,221.838,0.02,0.02
23.03.2020 09:09:42.755 GMT-0500,221.92200000000003,221.838,0.02,0.02
23.03.2020 09:09:42.886 GMT-0500,221.903,221.838,0.0075,0.0075
23.03.2020 09:09:43.003 GMT-0500,221.843,221.83200000000002,0.0075,0.0075
23.03.2020 09:09:45.006 GMT-0500,222.05200000000002,221.967,0.02,0.0075
23.03.2020 09:09:45.057 GMT-0500,222.05200000000002,221.978,0.0075,0.0075
23.03.2020 09:09:45.107 GMT-0500,222.053,221.998,0.02,0.0075
23.03.2020 09:09:45.232 GMT-0500,222.08200000000002,222.018,0.0075,0.0075
23.03.2020 09:09:45.339 GMT-0500,222.083,221.998,0.02,0.0075
23.03.2020 09:09:46.105 GMT-0500,222.102,222.028,0.02,0.02
23.03.2020 09:09:46.829 GMT-0500,222.08200000000002,221.998,0.0075,0.0075
23.03.2020 09:09:46.930 GMT-0500,222.093,222.008,0.02,0.0075
23.03.2020 09:09:47.149 GMT-0500,222.093,221.997,0.02,0.02
23.03.2020 09:09:47.242 GMT-0500,222.092,222.008,0.02,0.02
23.03.2020 09:09:47.617 GMT-0500,222.093,221.997,0.02,0.02
23.03.2020 09:09:47.723 GMT-0500,222.092,222.008,0.02,0.0075
23.03.2020 09:09:47.894 GMT-0500,222.043,221.977,0.02,0.02
23.03.2020 09:09:47.945 GMT-0500,222.072,221.998,0.0075,0.0075
23.03.2020 09:09:48.153 GMT-0500,222.093,221.997,0.02,0.02
23.03.2020 09:09:48.304 GMT-0500,222.092,221.998,0.0075,0.0075
23.03.2020 09:09:48.616 GMT-0500,222.053,221.998,0.0075,0.0075
23.03.2020 09:09:49.554 GMT-0500,221.873,221.787,0.02,0.02
23.03.2020 09:09:50.620 GMT-0500,221.812,221.758,0.02,0.02
23.03.2020 09:09:52.496 GMT-0500,221.673,221.597,0.0075,0.0075
23.03.2020 09:09:52.546 GMT-0500,221.68200000000002,221.588,0.0075,0.0075
23.03.2020 09:09:52.596 GMT-0500,221.683,221.597,0.02,0.02
23.03.2020 09:09:56.443 GMT-0500,221.842,221.758,0.02,0.02
23.03.2020 09:09:56.942 GMT-0500,221.843,221.757,0.02,0.0075
23.03.2020 09:09:57.044 GMT-0500,221.843,221.757,0.02,0.0075
23.03.2020 09:09:57.444 GMT-0500,221.842,221.748,0.0075,0.0075
23.03.2020 09:09:57.545 GMT-0500,221.912,221.838,0.0075,0.0075
23.03.2020 09:09:57.753 GMT-0500,221.93200000000002,221.838,0.02,0.0075
23.03.2020 09:09:57.803 GMT-0500,221.93200000000002,221.838,0.0075,0.0075
23.03.2020 09:09:58.061 GMT-0500,221.93200000000002,221.847,0.0075,0.0075
23.03.2020 09:09:59.197 GMT-0500,221.93200000000002,221.858,0.02,0.02
23.03.2020 09:09:59.490 GMT-0500,221.93200000000002,221.858,0.0075,0.0075
23.03.2020 09:10:01.718 GMT-0500,221.94299999999998,221.84799999999998,0.02,0.0075
23.03.2020 09:10:02.455 GMT-0500,221.853,221.76700000000002,0.02,0.02
23.03.2020 09:10:03.437 GMT-0500,221.963,221.887,0.02,0.0075
23.03.2020 09:10:03.568 GMT-0500,221.963,221.888,0.02,0.0075
23.03.2020 09:10:04.044 GMT-0500,221.963,221.917,0.0075,0.0075
23.03.2020 09:10:06.024 GMT-0500,221.972,221.878,0.02,0.0075
23.03.2020 09:10:06.293 GMT-0500,221.972,221.888,0.0075,0.0075
23.03.2020 09:10:06.631 GMT-0500,221.972,221.937,0.0075,0.0075
23.03.2020 09:10:07.282 GMT-0500,222.093,221.998,0.02,0.0075
23.03.2020 09:10:07.382 GMT-0500,222.083,221.988,0.02,0.0075
23.03.2020 09:10:07.684 GMT-0500,222.063,221.988,0.02,0.0075
23.03.2020 09:10:07.734 GMT-0500,222.08200000000002,221.988,0.0075,0.0075
23.03.2020 09:10:07.859 GMT-0500,222.092,221.998,0.0075,0.0075
23.03.2020 09:10:08.257 GMT-0500,222.083,221.988,0.02,0.0075
23.03.2020 09:10:08.508 GMT-0500,222.08200000000002,222.06799999999998,0.0075,0.0075
23.03.2020 09:10:08.559 GMT-0500,222.15200000000002,222.078,0.02,0.02
23.03.2020 09:10:08.609 GMT-0500,222.153,222.088,0.02,0.0075
23.03.2020 09:10:09.096 GMT-0500,222.222,222.138,0.02,0.02
23.03.2020 09:10:09.217 GMT-0500,222.273,222.187,0.02,0.02
23.03.2020 09:10:09.518 GMT-0500,222.33200000000002,222.248,0.0075,0.0075
23.03.2020 09:10:10.595 GMT-0500,222.363,222.30700000000002,0.02,0.0075
23.03.2020 09:10:10.738 GMT-0500,222.352,222.30700000000002,0.0075,0.0075
23.03.2020 09:10:12.030 GMT-0500,222.43200000000002,222.34799999999998,0.02,0.02
23.03.2020 09:10:12.354 GMT-0500,222.403,222.31799999999998,0.02,0.0075
23.03.2020 09:10:13.005 GMT-0500,222.39200000000002,222.31799999999998,0.0075,0.0075
23.03.2020 09:10:18.170 GMT-0500,222.33200000000002,222.238,0.02,0.02
23.03.2020 09:10:20.119 GMT-0500,222.372,222.27700000000002,0.0075,0.0075
23.03.2020 09:10:20.575 GMT-0500,222.36200000000002,222.268,0.02,0.0075
23.03.2020 09:10:20.729 GMT-0500,222.363,222.26700000000002,0.02,0.02
23.03.2020 09:10:20.888 GMT-0500,222.282,222.268,0.0075,0.0075
23.03.2020 09:10:23.939 GMT-0500,222.103,222.007,0.0075,0.0075
23.03.2020 09:10:24.089 GMT-0500,222.092,221.998,0.0075,0.0075
23.03.2020 09:10:29.450 GMT-0500,222.013,221.917,0.02,0.02
23.03.2020 09:10:29.599 GMT-0500,222.013,221.918,0.0075,0.0075
23.03.2020 09:10:29.993 GMT-0500,221.97299999999998,221.888,0.02,0.0075
23.03.2020 09:10:30.585 GMT-0500,221.982,221.888,0.0075,0.0075
23.03.2020 09:10:30.839 GMT-0500,221.852,221.768,0.0075,0.0075
23.03.2020 09:10:30.889 GMT-0500,221.842,221.748,0.02,0.02
23.03.2020 09:10:31.040 GMT-0500,221.773,221.717,0.02,0.02
23.03.2020 09:10:35.748 GMT-0500,222.18200000000002,222.09799999999998,0.02,0.02
23.03.2020 09:10:35.885 GMT-0500,222.213,222.167,0.02,0.02
23.03.2020 09:10:36.868 GMT-0500,222.222,222.128,0.0075,0.0075
23.03.2020 09:10:43.123 GMT-0500,222.232,222.138,0.02,0.02
23.03.2020 09:10:46.027 GMT-0500,222.203,222.118,0.02,0.0075
23.03.2020 09:10:46.822 GMT-0500,222.033,221.938,0.02,0.0075
23.03.2020 09:10:47.705 GMT-0500,221.97299999999998,221.887,0.02,0.02
23.03.2020 09:10:51.488 GMT-0500,222.123,222.02700000000002,0.0075,0.02
23.03.2020 09:10:51.641 GMT-0500,222.123,222.028,0.0075,0.0075
23.03.2020 09:10:51.896 GMT-0500,222.123,222.028,0.0075,0.0075
23.03.2020 09:10:52.078 GMT-0500,221.972,221.878,0.0075,0.0075
23.03.2020 09:10:55.370 GMT-0500,221.812,221.728,0.02,0.02
23.03.2020 09:10:55.658 GMT-0500,221.743,221.667,0.02,0.02
23.03.2020 09:10:55.758 GMT-0500,221.752,221.668,0.02,0.02
23.03.2020 09:10:55.820 GMT-0500,221.74200000000002,221.668,0.0075,0.02
23.03.2020 09:10:57.363 GMT-0500,221.93200000000002,221.838,0.0075,0.02
23.03.2020 09:10:57.615 GMT-0500,221.912,221.828,0.0075,0.0075
23.03.2020 09:10:57.851 GMT-0500,221.923,221.827,0.0075,0.0075
23.03.2020 09:10:59.074 GMT-0500,221.763,221.70700000000002,0.02,0.02
23.03.2020 09:11:01.718 GMT-0500,222.062,221.968,0.0075,0.0075
23.03.2020 09:11:02.289 GMT-0500,221.942,221.858,0.02,0.02
23.03.2020 09:11:02.339 GMT-0500,221.94299999999998,221.86700000000002,0.02,0.02
23.03.2020 09:11:03.199 GMT-0500,221.983,221.887,0.02,0.02
23.03.2020 09:11:03.486 GMT-0500,222.002,221.918,0.02,0.0075
23.03.2020 09:11:04.262 GMT-0500,222.173,222.078,0.02,0.0075
23.03.2020 09:11:05.126 GMT-0500,222.093,221.997,0.02,0.02
23.03.2020 09:11:07.770 GMT-0500,222.133,222.038,0.0075,0.0075
23.03.2020 09:11:08.147 GMT-0500,222.11200000000002,222.028,0.0075,0.0075
23.03.2020 09:11:08.699 GMT-0500,222.053,221.958,0.02,0.0075
23.03.2020 09:11:10.173 GMT-0500,222.303,222.218,0.02,0.0075
23.03.2020 09:11:12.389 GMT-0500,222.343,222.248,0.02,0.0075
23.03.2020 09:11:12.904 GMT-0500,222.343,222.268,0.02,0.0075
23.03.2020 09:11:13.493 GMT-0500,222.372,222.278,0.0075,0.0075
23.03.2020 09:11:13.662 GMT-0500,222.382,222.298,0.02,0.0075
23.03.2020 09:11:13.713 GMT-0500,222.382,222.298,0.02,0.02
23.03.2020 09:11:13.763 GMT-0500,222.382,222.31799999999998,0.0075,0.0075
23.03.2020 09:11:16.367 GMT-0500,222.352,222.278,0.02,0.02
23.03.2020 09:11:17.609 GMT-0500,222.05200000000002,221.988,0.0075,0.0075
23.03.2020 09:11:18.429 GMT-0500,222.08200000000002,222.018,0.0075,0.0075
23.03.2020 09:11:22.017 GMT-0500,221.913,221.83700000000002,0.02,0.02
23.03.2020 09:11:22.067 GMT-0500,221.92200000000003,221.838,0.0075,0.0075
23.03.2020 09:11:22.212 GMT-0500,221.92200000000003,221.838,0.02,0.02
23.03.2020 09:11:27.019 GMT-0500,221.89200000000002,221.808,0.02,0.0075
23.03.2020 09:11:27.372 GMT-0500,221.89200000000002,221.828,0.02,0.0075
23.03.2020 09:11:27.423 GMT-0500,221.97299999999998,221.877,0.02,0.02
23.03.2020 09:11:27.473 GMT-0500,221.972,221.898,0.02,0.02
23.03.2020 09:11:27.911 GMT-0500,222.192,222.09799999999998,0.0075,0.0075
23.03.2020 09:11:31.428 GMT-0500,222.413,222.327,0.02,0.02
23.03.2020 09:11:31.593 GMT-0500,222.412,222.378,0.0075,0.0075
23.03.2020 09:11:31.643 GMT-0500,222.412,222.34799999999998,0.02,0.02
23.03.2020 09:11:31.996 GMT-0500,222.312,222.228,0.02,0.0075
23.03.2020 09:11:33.732 GMT-0500,222.47299999999998,222.377,0.02,0.02
23.03.2020 09:11:34.079 GMT-0500,222.47299999999998,222.377,0.0075,0.02
23.03.2020 09:11:34.280 GMT-0500,222.553,222.477,0.02,0.02
23.03.2020 09:11:34.380 GMT-0500,222.532,222.438,0.02,0.02
23.03.2020 09:11:34.531 GMT-0500,222.553,222.468,0.02,0.0075
23.03.2020 09:11:34.638 GMT-0500,222.602,222.518,0.02,0.0075
23.03.2020 09:11:34.688 GMT-0500,222.603,222.52700000000002,0.02,0.02
23.03.2020 09:11:35.392 GMT-0500,222.603,222.52700000000002,0.02,0.0075
23.03.2020 09:11:36.776 GMT-0500,222.603,222.51700000000002,0.02,0.02
23.03.2020 09:11:40.558 GMT-0500,222.752,222.688,0.0075,0.0075
23.03.2020 09:11:43.465 GMT-0500,222.653,222.597,0.02,0.02
23.03.2020 09:11:44.402 GMT-0500,222.572,222.478,0.0075,0.0075
23.03.2020 09:11:45.363 GMT-0500,222.52200000000002,222.438,0.0075,0.0075
23.03.2020 09:11:47.137 GMT-0500,222.502,222.418,0.0075,0.0075
23.03.2020 09:11:47.247 GMT-0500,222.502,222.418,0.0075,0.02
23.03.2020 09:11:49.054 GMT-0500,222.52200000000002,222.438,0.0075,0.0075
23.03.2020 09:11:50.875 GMT-0500,222.583,222.48700000000002,0.0075,0.0075
23.03.2020 09:11:51.478 GMT-0500,222.67200000000003,222.578,0.02,0.02
23.03.2020 09:11:51.579 GMT-0500,222.653,222.578,0.02,0.0075
23.03.2020 09:11:51.679 GMT-0500,222.65200000000002,222.558,0.0075,0.0075
23.03.2020 09:11:51.937 GMT-0500,222.632,222.538,0.02,0.02
23.03.2020 09:11:54.751 GMT-0500,222.502,222.408,0.0075,0.0075
23.03.2020 09:11:56.959 GMT-0500,222.463,222.368,0.02,0.0075
23.03.2020 09:11:57.132 GMT-0500,222.47299999999998,222.378,0.02,0.0075
23.03.2020 09:11:57.698 GMT-0500,222.46200000000002,222.368,0.02,0.02
23.03.2020 09:11:58.037 GMT-0500,222.482,222.428,0.02,0.0075
23.03.2020 09:11:58.184 GMT-0500,222.433,222.42000000000002,0.0075,0.0075
23.03.2020 09:11:59.436 GMT-0500,222.483,222.39700000000002,0.02,0.0075
23.03.2020 09:11:59.542 GMT-0500,222.483,222.398,0.02,0.0075
23.03.2020 09:12:01.088 GMT-0500,222.423,222.33700000000002,0.02,0.02
23.03.2020 09:12:01.327 GMT-0500,222.442,222.34799999999998,0.0075,0.0075
23.03.2020 09:12:01.477 GMT-0500,222.44299999999998,222.34799999999998,0.02,0.0075
23.03.2020 09:12:01.810 GMT-0500,222.44299999999998,222.357,0.02,0.0075
23.03.2020 09:12:02.595 GMT-0500,222.603,222.508,0.02,0.0075
23.03.2020 09:12:02.972 GMT-0500,222.602,222.518,0.02,0.0075
23.03.2020 09:12:03.228 GMT-0500,222.753,222.657,0.02,0.0075
23.03.2020 09:12:03.409 GMT-0500,222.752,222.658,0.02,0.02
23.03.2020 09:12:03.831 GMT-0500,222.67200000000003,222.578,0.02,0.02
23.03.2020 09:12:03.881 GMT-0500,222.673,222.577,0.02,0.02
23.03.2020 09:12:03.931 GMT-0500,222.662,222.578,0.02,0.02
23.03.2020 09:12:04.032 GMT-0500,222.67200000000003,222.588,0.0075,0.0075
23.03.2020 09:12:04.280 GMT-0500,222.673,222.597,0.02,0.0075
23.03.2020 09:12:04.331 GMT-0500,222.673,222.588,0.02,0.0075
23.03.2020 09:12:04.444 GMT-0500,222.67200000000003,222.608,0.0075,0.0075
23.03.2020 09:12:04.494 GMT-0500,222.67200000000003,222.588,0.0075,0.0075
23.03.2020 09:12:04.544 GMT-0500,222.67200000000003,222.608,0.02,0.02
23.03.2020 09:12:06.638 GMT-0500,222.67200000000003,222.578,0.02,0.02
23.03.2020 09:12:06.973 GMT-0500,222.753,222.667,0.02,0.0075
23.03.2020 09:12:07.087 GMT-0500,222.752,222.668,0.02,0.02
23.03.2020 09:12:07.422 GMT-0500,222.752,222.678,0.02,0.0075
23.03.2020 09:12:07.472 GMT-0500,222.752,222.668,0.02,0.02
23.03.2020 09:12:07.693 GMT-0500,222.732,222.668,0.02,0.02
23.03.2020 09:12:07.744 GMT-0500,222.753,222.668,0.02,0.0075
23.03.2020 09:12:07.978 GMT-0500,222.753,222.678,0.02,0.0075
23.03.2020 09:12:08.029 GMT-0500,222.752,222.668,0.02,0.02
23.03.2020 09:12:08.625 GMT-0500,222.77200000000002,222.678,0.02,0.02
23.03.2020 09:12:08.784 GMT-0500,222.773,222.67700000000002,0.02,0.02
23.03.2020 09:12:09.080 GMT-0500,222.773,222.678,0.02,0.0075
23.03.2020 09:12:09.247 GMT-0500,222.713,222.687,0.0075,0.0075
23.03.2020 09:12:09.838 GMT-0500,222.72299999999998,222.628,0.02,0.0075
23.03.2020 09:12:10.044 GMT-0500,222.71200000000002,222.618,0.0075,0.02
23.03.2020 09:12:10.195 GMT-0500,222.793,222.697,0.02,0.02
23.03.2020 09:12:10.400 GMT-0500,222.77200000000002,222.698,0.0075,0.0075
23.03.2020 09:12:10.551 GMT-0500,222.773,222.697,0.02,0.02
23.03.2020 09:12:10.665 GMT-0500,222.77200000000002,222.698,0.0075,0.0075
23.03.2020 09:12:10.887 GMT-0500,222.773,222.697,0.02,0.02
23.03.2020 09:12:10.938 GMT-0500,222.803,222.718,0.02,0.0075
23.03.2020 09:12:11.010 GMT-0500,222.803,222.73700000000002,0.02,0.0075
23.03.2020 09:12:11.061 GMT-0500,222.803,222.70700000000002,0.02,0.02
23.03.2020 09:12:11.264 GMT-0500,222.803,222.708,0.02,0.0075
23.03.2020 09:12:11.369 GMT-0500,222.80200000000002,222.718,0.02,0.0075
23.03.2020 09:12:11.419 GMT-0500,222.80200000000002,222.708,0.0075,0.0075
23.03.2020 09:12:11.469 GMT-0500,222.803,222.728,0.02,0.0075
23.03.2020 09:12:11.587 GMT-0500,222.80200000000002,222.708,0.0075,0.0075
23.03.2020 09:12:11.757 GMT-0500,222.803,222.727,0.02,0.0075
23.03.2020 09:12:11.912 GMT-0500,222.80200000000002,222.718,0.0075,0.0075
23.03.2020 09:12:12.163 GMT-0500,222.882,222.788,0.02,0.02
23.03.2020 09:12:12.364 GMT-0500,222.893,222.79700000000003,0.02,0.02
23.03.2020 09:12:12.414 GMT-0500,222.883,222.798,0.02,0.0075
23.03.2020 09:12:12.515 GMT-0500,222.893,222.79700000000003,0.02,0.02
23.03.2020 09:12:12.878 GMT-0500,222.942,222.84799999999998,0.02,0.02
23.03.2020 09:12:12.929 GMT-0500,222.923,222.857,0.02,0.02
23.03.2020 09:12:13.189 GMT-0500,222.94299999999998,222.84799999999998,0.02,0.0075
23.03.2020 09:12:13.327 GMT-0500,222.942,222.89700000000002,0.0075,0.0075
23.03.2020 09:12:13.519 GMT-0500,223.002,222.918,0.02,0.02
23.03.2020 09:12:13.670 GMT-0500,223.072,222.978,0.0075,0.0075
23.03.2020 09:12:13.867 GMT-0500,223.073,222.977,0.02,0.02
23.03.2020 09:12:14.018 GMT-0500,223.072,222.978,0.0075,0.0075
23.03.2020 09:12:14.317 GMT-0500,223.092,222.998,0.02,0.02
23.03.2020 09:12:14.468 GMT-0500,223.093,223.007,0.02,0.02
23.03.2020 09:12:14.894 GMT-0500,223.063,223.007,0.02,0.02
23.03.2020 09:12:14.995 GMT-0500,223.033,222.978,0.02,0.0075
23.03.2020 09:12:15.468 GMT-0500,223.17200000000003,223.078,0.02,0.02
23.03.2020 09:12:16.229 GMT-0500,223.173,223.078,0.0075,0.0075
23.03.2020 09:12:16.329 GMT-0500,223.18200000000002,223.118,0.0075,0.0075
23.03.2020 09:12:17.894 GMT-0500,223.15200000000002,223.078,0.02,0.02
23.03.2020 09:12:19.360 GMT-0500,223.42200000000003,223.398,0.01,0.0075
23.03.2020 09:12:19.510 GMT-0500,223.412,223.34799999999998,0.02,0.02
23.03.2020 09:12:19.889 GMT-0500,223.372,223.288,0.02,0.02
23.03.2020 09:12:22.994 GMT-0500,223.412,223.328,0.02,0.0075
23.03.2020 09:12:23.355 GMT-0500,223.483,223.388,0.02,0.0075
23.03.2020 09:12:25.710 GMT-0500,223.353,223.26700000000002,0.02,0.02
23.03.2020 09:12:26.163 GMT-0500,223.22299999999998,223.138,0.02,0.0075
23.03.2020 09:12:26.720 GMT-0500,223.293,223.197,0.02,0.02
23.03.2020 09:12:26.871 GMT-0500,223.30200000000002,223.218,0.0075,0.0075
23.03.2020 09:12:27.518 GMT-0500,223.303,223.218,0.02,0.0075
23.03.2020 09:12:27.627 GMT-0500,223.303,223.20700000000002,0.02,0.02
23.03.2020 09:12:27.677 GMT-0500,223.30200000000002,223.218,0.02,0.02
23.03.2020 09:12:27.807 GMT-0500,223.292,223.218,0.02,0.02
23.03.2020 09:12:27.907 GMT-0500,223.30200000000002,223.218,0.0075,0.0075
23.03.2020 09:12:28.164 GMT-0500,223.273,223.187,0.02,0.0075
23.03.2020 09:12:28.265 GMT-0500,223.203,223.118,0.02,0.0075
23.03.2020 09:12:29.756 GMT-0500,223.123,223.028,0.0075,0.0075
23.03.2020 09:12:32.233 GMT-0500,223.30200000000002,223.208,0.0075,0.0075
23.03.2020 09:12:32.334 GMT-0500,223.382,223.308,0.02,0.02
23.03.2020 09:12:32.484 GMT-0500,223.312,223.218,0.02,0.02
23.03.2020 09:12:32.585 GMT-0500,223.383,223.308,0.02,0.0075
23.03.2020 09:12:32.718 GMT-0500,223.36200000000002,223.278,0.02,0.02
23.03.2020 09:12:32.846 GMT-0500,223.363,223.30700000000002,0.02,0.0075
23.03.2020 09:12:33.052 GMT-0500,223.363,223.30700000000002,0.0075,0.02
23.03.2020 09:12:33.254 GMT-0500,223.403,223.30700000000002,0.02,0.02
23.03.2020 09:12:35.340 GMT-0500,223.343,223.278,0.02,0.0075
23.03.2020 09:12:35.390 GMT-0500,223.343,223.26700000000002,0.02,0.02
23.03.2020 09:12:36.485 GMT-0500,223.61200000000002,223.538,0.02,0.02
23.03.2020 09:12:37.710 GMT-0500,223.633,223.537,0.02,0.0075
23.03.2020 09:12:37.882 GMT-0500,223.632,223.56799999999998,0.02,0.0075
23.03.2020 09:12:37.983 GMT-0500,223.722,223.628,0.0075,0.0075
23.03.2020 09:12:38.083 GMT-0500,223.683,223.628,0.02,0.0075
23.03.2020 09:12:39.728 GMT-0500,223.683,223.58700000000002,0.02,0.02
23.03.2020 09:12:40.130 GMT-0500,223.563,223.488,0.02,0.0075
23.03.2020 09:12:40.307 GMT-0500,223.563,223.477,0.02,0.0075
23.03.2020 09:12:40.595 GMT-0500,223.562,223.478,0.0075,0.0075
23.03.2020 09:12:40.696 GMT-0500,223.563,223.468,0.02,0.0075
23.03.2020 09:12:40.834 GMT-0500,223.562,223.488,0.02,0.02
23.03.2020 09:12:40.884 GMT-0500,223.563,223.477,0.02,0.02
23.03.2020 09:12:40.935 GMT-0500,223.563,223.467,0.02,0.02
23.03.2020 09:12:40.997 GMT-0500,223.55200000000002,223.467,0.0075,0.0075
23.03.2020 09:12:41.098 GMT-0500,223.562,223.488,0.02,0.02
23.03.2020 09:12:42.316 GMT-0500,223.58200000000002,223.488,0.02,0.02
23.03.2020 09:12:42.434 GMT-0500,223.592,223.528,0.02,0.0075
23.03.2020 09:12:42.535 GMT-0500,223.592,223.498,0.02,0.02
23.03.2020 09:12:42.772 GMT-0500,223.593,223.497,0.02,0.02
23.03.2020 09:12:43.678 GMT-0500,223.68200000000002,223.588,0.0075,0.0075
23.03.2020 09:12:43.779 GMT-0500,223.683,223.59799999999998,0.02,0.0075
23.03.2020 09:12:43.906 GMT-0500,223.683,223.607,0.02,0.02
23.03.2020 09:12:44.108 GMT-0500,223.722,223.628,0.0075,0.0075
23.03.2020 09:12:45.601 GMT-0500,223.763,223.667,0.02,0.02
23.03.2020 09:12:45.852 GMT-0500,223.673,223.608,0.02,0.0075
23.03.2020 09:12:46.035 GMT-0500,223.703,223.607,0.02,0.02
23.03.2020 09:12:46.196 GMT-0500,223.692,223.608,0.0075,0.0075
23.03.2020 09:12:46.319 GMT-0500,223.643,223.607,0.0075,0.0075
23.03.2020 09:12:46.518 GMT-0500,223.643,223.548,0.02,0.0075
23.03.2020 09:12:47.130 GMT-0500,223.683,223.588,0.02,0.0075
23.03.2020 09:12:47.231 GMT-0500,223.703,223.618,0.02,0.0075
23.03.2020 09:12:47.389 GMT-0500,223.783,223.687,0.02,0.02
23.03.2020 09:12:48.019 GMT-0500,223.823,223.728,0.02,0.0075
23.03.2020 09:12:48.562 GMT-0500,223.822,223.727,0.0075,0.0075
23.03.2020 09:12:48.732 GMT-0500,223.823,223.728,0.02,0.0075
23.03.2020 09:12:49.055 GMT-0500,223.823,223.727,0.02,0.02
23.03.2020 09:12:49.183 GMT-0500,223.762,223.718,0.02,0.02
23.03.2020 09:12:50.494 GMT-0500,223.803,223.708,0.02,0.0075
23.03.2020 09:12:51.478 GMT-0500,223.792,223.708,0.0075,0.0075
23.03.2020 09:12:52.543 GMT-0500,223.793,223.708,0.02,0.0075
23.03.2020 09:12:52.700 GMT-0500,223.792,223.718,0.02,0.02
23.03.2020 09:12:54.193 GMT-0500,223.793,223.697,0.02,0.0075
23.03.2020 09:12:55.490 GMT-0500,223.793,223.708,0.0075,0.0075
23.03.2020 09:12:56.000 GMT-0500,223.882,223.782,0.02,0.0075
23.03.2020 09:12:56.283 GMT-0500,223.893,223.817,0.02,0.02
23.03.2020 09:12:56.672 GMT-0500,223.873,223.77700000000002,0.02,0.0075
23.03.2020 09:12:56.874 GMT-0500,223.863,223.76700000000002,0.02,0.02
23.03.2020 09:12:57.164 GMT-0500,223.86200000000002,223.768,0.02,0.02
23.03.2020 09:12:58.057 GMT-0500,223.963,223.887,0.02,0.0075
23.03.2020 09:12:58.107 GMT-0500,223.96200000000002,223.878,0.0075,0.0075
23.03.2020 09:12:58.208 GMT-0500,223.963,223.888,0.02,0.0075
23.03.2020 09:12:58.511 GMT-0500,223.963,223.887,0.02,0.02
23.03.2020 09:12:58.643 GMT-0500,223.963,223.887,0.02,0.02
23.03.2020 09:12:58.694 GMT-0500,223.963,223.887,0.02,0.02
23.03.2020 09:12:58.796 GMT-0500,223.96200000000002,223.888,0.0075,0.0075
23.03.2020 09:12:58.947 GMT-0500,223.993,223.918,0.02,0.0075
23.03.2020 09:12:59.047 GMT-0500,224.002,223.918,0.0075,0.0075
23.03.2020 09:12:59.197 GMT-0500,223.983,223.887,0.02,0.02
23.03.2020 09:12:59.498 GMT-0500,224.003,223.908,0.02,0.0075
23.03.2020 09:13:00.190 GMT-0500,224.003,223.907,0.02,0.02
23.03.2020 09:13:00.556 GMT-0500,224.002,223.908,0.02,0.02
23.03.2020 09:13:01.199 GMT-0500,223.933,223.898,0.02,0.0075
23.03.2020 09:13:01.370 GMT-0500,223.93200000000002,223.858,0.02,0.02
23.03.2020 09:13:01.655 GMT-0500,223.93200000000002,223.888,0.02,0.0075
23.03.2020 09:13:02.224 GMT-0500,223.913,223.817,0.02,0.0075
23.03.2020 09:13:02.325 GMT-0500,223.843,223.747,0.02,0.02
23.03.2020 09:13:03.583 GMT-0500,223.97299999999998,223.878,0.02,0.0075
23.03.2020 09:13:04.311 GMT-0500,224.053,223.978,0.02,0.0075
23.03.2020 09:13:04.411 GMT-0500,224.002,223.948,0.02,0.02
23.03.2020 09:13:04.821 GMT-0500,224.002,223.967,0.0075,0.0075
23.03.2020 09:13:04.871 GMT-0500,224.05200000000002,223.958,0.02,0.02
23.03.2020 09:13:04.922 GMT-0500,224.012,223.948,0.02,0.02
23.03.2020 09:13:06.378 GMT-0500,223.993,223.898,0.0075,0.0075
23.03.2020 09:13:06.479 GMT-0500,223.993,223.89700000000002,0.02,0.02
23.03.2020 09:13:10.945 GMT-0500,223.662,223.607,0.0075,0.0075
23.03.2020 09:13:11.268 GMT-0500,223.653,223.567,0.02,0.02
23.03.2020 09:13:11.521 GMT-0500,223.653,223.558,0.0075,0.0075
23.03.2020 09:13:11.713 GMT-0500,223.64200000000002,223.56799999999998,0.02,0.02
23.03.2020 09:13:11.839 GMT-0500,223.64200000000002,223.548,0.02,0.02
23.03.2020 09:13:12.117 GMT-0500,223.502,223.408,0.02,0.02
23.03.2020 09:13:12.167 GMT-0500,223.49200000000002,223.408,0.0075,0.0075
23.03.2020 09:13:12.218 GMT-0500,223.502,223.408,0.0075,0.0075
23.03.2020 09:13:12.271 GMT-0500,223.482,223.388,0.02,0.02
23.03.2020 09:13:12.787 GMT-0500,223.36200000000002,223.288,0.0075,0.0075
23.03.2020 09:13:13.146 GMT-0500,223.44299999999998,223.347,0.02,0.02
23.03.2020 09:13:13.262 GMT-0500,223.442,223.377,0.0075,0.0075
23.03.2020 09:13:13.431 GMT-0500,223.442,223.34799999999998,0.0075,0.0075
23.03.2020 09:13:13.637 GMT-0500,223.442,223.34799999999998,0.02,0.02
23.03.2020 09:13:13.747 GMT-0500,223.44299999999998,223.347,0.02,0.0075
23.03.2020 09:13:14.060 GMT-0500,223.442,223.358,0.02,0.02
23.03.2020 09:13:16.269 GMT-0500,223.543,223.447,0.02,0.02
23.03.2020 09:13:16.500 GMT-0500,223.532,223.438,0.02,0.0075
23.03.2020 09:13:16.601 GMT-0500,223.542,223.458,0.0075,0.0075
23.03.2020 09:13:16.717 GMT-0500,223.532,223.458,0.0075,0.0075
23.03.2020 09:13:17.428 GMT-0500,223.69299999999998,223.597,0.02,0.02
23.03.2020 09:13:17.996 GMT-0500,223.632,223.548,0.0075,0.0075
23.03.2020 09:13:18.324 GMT-0500,223.69299999999998,223.607,0.02,0.02
23.03.2020 09:13:18.425 GMT-0500,223.752,223.658,0.0075,0.0075
23.03.2020 09:13:18.739 GMT-0500,223.813,223.717,0.02,0.0075
23.03.2020 09:13:18.929 GMT-0500,223.793,223.718,0.0075,0.0075
23.03.2020 09:13:19.938 GMT-0500,223.743,223.64700000000002,0.02,0.02
23.03.2020 09:13:20.089 GMT-0500,223.743,223.648,0.02,0.0075
23.03.2020 09:13:20.321 GMT-0500,223.722,223.648,0.0075,0.02
23.03.2020 09:13:21.478 GMT-0500,223.743,223.648,0.02,0.0075
23.03.2020 09:13:22.223 GMT-0500,223.74200000000002,223.648,0.02,0.0075
23.03.2020 09:13:22.328 GMT-0500,223.843,223.748,0.02,0.0075
23.03.2020 09:13:25.280 GMT-0500,223.732,223.648,0.02,0.02
23.03.2020 09:13:25.392 GMT-0500,223.692,223.648,0.0075,0.0075
23.03.2020 09:13:26.317 GMT-0500,223.593,223.498,0.02,0.0075
23.03.2020 09:13:26.911 GMT-0500,223.572,223.488,0.0075,0.0075
23.03.2020 09:13:26.962 GMT-0500,223.572,223.478,0.02,0.02
23.03.2020 09:13:27.012 GMT-0500,223.573,223.488,0.02,0.0075
23.03.2020 09:13:28.003 GMT-0500,223.553,223.45700000000002,0.02,0.02
23.03.2020 09:13:28.425 GMT-0500,223.49200000000002,223.408,0.02,0.02
23.03.2020 09:13:28.662 GMT-0500,223.49200000000002,223.418,0.0075,0.0075
23.03.2020 09:13:28.713 GMT-0500,223.493,223.408,0.02,0.0075
23.03.2020 09:13:28.831 GMT-0500,223.49200000000002,223.398,0.0075,0.0075
23.03.2020 09:13:30.462 GMT-0500,223.43200000000002,223.358,0.0075,0.02
23.03.2020 09:13:30.788 GMT-0500,223.36200000000002,223.268,0.0075,0.0075
23.03.2020 09:13:33.297 GMT-0500,223.213,223.128,0.0075,0.0075
23.03.2020 09:13:33.423 GMT-0500,223.213,223.127,0.02,0.02
23.03.2020 09:13:34.759 GMT-0500,223.143,223.04700000000003,0.02,0.02
23.03.2020 09:13:34.882 GMT-0500,223.143,223.048,0.0075,0.0075
23.03.2020 09:13:35.136 GMT-0500,223.17200000000003,223.078,0.0075,0.0075
23.03.2020 09:13:35.287 GMT-0500,223.22299999999998,223.128,0.02,0.0075
23.03.2020 09:13:35.891 GMT-0500,223.18200000000002,223.088,0.02,0.02
23.03.2020 09:13:35.941 GMT-0500,223.183,223.108,0.02,0.0075
23.03.2020 09:13:35.991 GMT-0500,223.183,223.09799999999998,0.02,0.0075
23.03.2020 09:13:36.490 GMT-0500,223.24200000000002,223.148,0.02,0.02
23.03.2020 09:13:36.641 GMT-0500,223.222,223.148,0.02,0.02
23.03.2020 09:13:36.791 GMT-0500,223.143,223.05700000000002,0.02,0.02
23.03.2020 09:13:36.986 GMT-0500,223.143,223.127,0.0075,0.0075
23.03.2020 09:13:37.260 GMT-0500,223.322,223.238,0.02,0.02
23.03.2020 09:13:39.954 GMT-0500,223.373,223.278,0.02,0.0075
23.03.2020 09:13:40.108 GMT-0500,223.373,223.328,0.0075,0.0075
23.03.2020 09:13:40.802 GMT-0500,223.472,223.388,0.02,0.02
23.03.2020 09:13:41.164 GMT-0500,223.472,223.388,0.02,0.02
23.03.2020 09:13:41.215 GMT-0500,223.472,223.388,0.02,0.02
23.03.2020 09:13:41.339 GMT-0500,223.47299999999998,223.388,0.02,0.0075
23.03.2020 09:13:44.685 GMT-0500,223.663,223.567,0.02,0.0075
23.03.2020 09:13:44.786 GMT-0500,223.653,223.55700000000002,0.02,0.02
23.03.2020 09:13:45.082 GMT-0500,223.663,223.567,0.0075,0.0075
23.03.2020 09:13:45.299 GMT-0500,223.653,223.558,0.02,0.0075
23.03.2020 09:13:45.706 GMT-0500,223.662,223.578,0.02,0.02
23.03.2020 09:13:46.298 GMT-0500,223.80200000000002,223.708,0.0075,0.0075
23.03.2020 09:13:46.423 GMT-0500,223.80200000000002,223.708,0.02,0.0075
23.03.2020 09:13:49.006 GMT-0500,223.793,223.697,0.02,0.02
23.03.2020 09:13:49.484 GMT-0500,223.793,223.697,0.02,0.02
23.03.2020 09:13:49.702 GMT-0500,223.792,223.698,0.02,0.02
23.03.2020 09:13:50.357 GMT-0500,223.793,223.698,0.02,0.0075
23.03.2020 09:13:50.458 GMT-0500,223.803,223.738,0.02,0.0075
23.03.2020 09:13:50.559 GMT-0500,223.882,223.798,0.0075,0.0075
23.03.2020 09:13:50.710 GMT-0500,223.872,223.788,0.0075,0.02
23.03.2020 09:13:50.760 GMT-0500,223.90200000000002,223.81799999999998,0.0075,0.0075
23.03.2020 09:13:50.866 GMT-0500,223.882,223.81799999999998,0.02,0.02
23.03.2020 09:13:51.653 GMT-0500,223.933,223.838,0.02,0.0075
23.03.2020 09:13:53.937 GMT-0500,223.812,223.718,0.02,0.0075
23.03.2020 09:13:53.988 GMT-0500,223.813,223.717,0.02,0.02
23.03.2020 09:13:54.065 GMT-0500,223.80200000000002,223.718,0.0075,0.0075
23.03.2020 09:13:54.181 GMT-0500,223.813,223.717,0.02,0.02
23.03.2020 09:13:54.231 GMT-0500,223.792,223.718,0.0075,0.0075
23.03.2020 09:13:54.476 GMT-0500,223.793,223.727,0.02,0.02
23.03.2020 09:13:54.577 GMT-0500,223.783,223.697,0.02,0.02
23.03.2020 09:13:54.761 GMT-0500,223.783,223.698,0.02,0.0075
23.03.2020 09:13:54.919 GMT-0500,223.812,223.728,0.02,0.02
23.03.2020 09:13:54.969 GMT-0500,223.813,223.73700000000002,0.02,0.02
23.03.2020 09:13:55.070 GMT-0500,223.89200000000002,223.798,0.0075,0.0075
23.03.2020 09:13:55.170 GMT-0500,223.89200000000002,223.808,0.02,0.02
23.03.2020 09:13:55.515 GMT-0500,223.903,223.808,0.02,0.0075
23.03.2020 09:13:55.640 GMT-0500,223.913,223.817,0.02,0.02
23.03.2020 09:13:57.371 GMT-0500,223.93200000000002,223.838,0.0075,0.0075
23.03.2020 09:13:57.528 GMT-0500,223.933,223.857,0.02,0.0075
23.03.2020 09:13:57.684 GMT-0500,223.933,223.858,0.02,0.0075
23.03.2020 09:13:57.834 GMT-0500,223.93200000000002,223.888,0.0075,0.0075
23.03.2020 09:13:57.957 GMT-0500,223.983,223.928,0.02,0.0075
23.03.2020 09:13:58.415 GMT-0500,223.972,223.918,0.0075,0.02
23.03.2020 09:13:58.515 GMT-0500,224.002,223.918,0.02,0.02
23.03.2020 09:13:58.565 GMT-0500,224.003,223.95700000000002,0.02,0.02
23.03.2020 09:13:58.616 GMT-0500,224.003,223.918,0.02,0.0075
23.03.2020 09:13:58.769 GMT-0500,224.002,223.968,0.0075,0.0075
23.03.2020 09:13:58.888 GMT-0500,224.003,223.918,0.02,0.0075
23.03.2020 09:13:59.007 GMT-0500,224.002,223.958,0.02,0.02
23.03.2020 09:13:59.142 GMT-0500,224.003,223.918,0.02,0.0075
23.03.2020 09:13:59.192 GMT-0500,224.002,223.988,0.0075,0.0075
23.03.2020 09:13:59.242 GMT-0500,224.053,223.998,0.02,0.0075
23.03.2020 09:13:59.343 GMT-0500,224.05200000000002,223.958,0.02,0.02
23.03.2020 09:13:59.443 GMT-0500,224.05200000000002,223.958,0.0075,0.0075
23.03.2020 09:13:59.494 GMT-0500,224.053,223.968,0.02,0.0075
23.03.2020 09:13:59.625 GMT-0500,224.053,223.967,0.02,0.02
23.03.2020 09:13:59.728 GMT-0500,224.042,223.988,0.0075,0.0075
23.03.2020 09:13:59.779 GMT-0500,224.043,223.948,0.02,0.0075
23.03.2020 09:13:59.920 GMT-0500,224.043,223.947,0.02,0.02
23.03.2020 09:14:00.060 GMT-0500,224.002,223.948,0.0075,0.0075
23.03.2020 09:14:00.411 GMT-0500,223.99200000000002,223.898,0.02,0.02
23.03.2020 09:14:01.085 GMT-0500,223.99200000000002,223.898,0.02,0.02
23.03.2020 09:14:01.357 GMT-0500,223.993,223.89700000000002,0.02,0.02
23.03.2020 09:14:01.407 GMT-0500,223.933,223.838,0.02,0.0075
23.03.2020 09:14:01.850 GMT-0500,223.942,223.888,0.0075,0.0075
23.03.2020 09:14:02.004 GMT-0500,223.993,223.898,0.02,0.0075
23.03.2020 09:14:02.255 GMT-0500,223.94299999999998,223.898,0.0075,0.0075
23.03.2020 09:14:03.282 GMT-0500,223.893,223.79700000000003,0.02,0.02
23.03.2020 09:14:03.618 GMT-0500,223.873,223.788,0.02,0.0075
23.03.2020 09:14:04.338 GMT-0500,223.80200000000002,223.708,0.02,0.02
23.03.2020 09:14:04.903 GMT-0500,223.782,223.688,0.0075,0.0075
23.03.2020 09:14:05.402 GMT-0500,223.783,223.688,0.02,0.0075
23.03.2020 09:14:05.627 GMT-0500,223.782,223.698,0.0075,0.0075
23.03.2020 09:14:05.743 GMT-0500,223.783,223.697,0.02,0.02
23.03.2020 09:14:06.450 GMT-0500,223.80200000000002,223.708,0.0075,0.0075
23.03.2020 09:14:06.855 GMT-0500,223.753,223.658,0.02,0.0075
23.03.2020 09:14:08.320 GMT-0500,223.893,223.808,0.02,0.0075
23.03.2020 09:14:08.523 GMT-0500,223.912,223.84799999999998,0.02,0.0075
23.03.2020 09:14:09.200 GMT-0500,223.942,223.868,0.02,0.02
23.03.2020 09:14:09.334 GMT-0500,223.94299999999998,223.86700000000002,0.02,0.02
23.03.2020 09:14:09.677 GMT-0500,224.043,223.958,0.02,0.0075
23.03.2020 09:14:09.778 GMT-0500,224.053,223.968,0.02,0.0075
23.03.2020 09:14:09.914 GMT-0500,224.053,223.958,0.02,0.0075
23.03.2020 09:14:10.022 GMT-0500,224.053,223.968,0.0075,0.0075
23.03.2020 09:14:11.411 GMT-0500,223.89200000000002,223.838,0.0075,0.0075
23.03.2020 09:14:11.512 GMT-0500,223.912,223.838,0.0075,0.0075
23.03.2020 09:14:12.940 GMT-0500,223.872,223.808,0.0075,0.0075
23.03.2020 09:14:13.247 GMT-0500,223.93200000000002,223.868,0.02,0.0075
23.03.2020 09:14:13.530 GMT-0500,223.963,223.878,0.02,0.0075
23.03.2020 09:14:13.634 GMT-0500,223.982,223.888,0.0075,0.0075
23.03.2020 09:14:13.687 GMT-0500,223.982,223.89700000000002,0.0075,0.0075
23.03.2020 09:14:13.738 GMT-0500,223.993,223.89700000000002,0.02,0.02
23.03.2020 09:14:14.021 GMT-0500,223.993,223.89700000000002,0.02,0.02
23.03.2020 09:14:14.459 GMT-0500,224.002,223.948,0.0075,0.0075
23.03.2020 09:14:15.242 GMT-0500,224.023,223.95700000000002,0.02,0.02
23.03.2020 09:14:15.342 GMT-0500,224.033,223.95700000000002,0.02,0.02
23.03.2020 09:14:15.417 GMT-0500,224.02200000000002,223.958,0.0075,0.0075
23.03.2020 09:14:15.518 GMT-0500,224.042,223.958,0.02,0.02
23.03.2020 09:14:15.618 GMT-0500,224.023,223.948,0.02,0.0075
23.03.2020 09:14:16.019 GMT-0500,224.023,223.947,0.02,0.02
23.03.2020 09:14:16.069 GMT-0500,224.023,223.948,0.02,0.0075
23.03.2020 09:14:16.499 GMT-0500,223.983,223.888,0.0075,0.0075
23.03.2020 09:14:16.600 GMT-0500,223.97299999999998,223.888,0.02,0.0075
23.03.2020 09:14:16.954 GMT-0500,223.97299999999998,223.887,0.02,0.02
23.03.2020 09:14:17.087 GMT-0500,223.972,223.888,0.02,0.02
23.03.2020 09:14:17.228 GMT-0500,223.963,223.888,0.0075,0.0075
23.03.2020 09:14:17.504 GMT-0500,223.982,223.888,0.0075,0.0075
23.03.2020 09:14:17.605 GMT-0500,223.982,223.888,0.02,0.02
23.03.2020 09:14:17.706 GMT-0500,223.963,223.887,0.02,0.02
23.03.2020 09:14:18.832 GMT-0500,223.933,223.847,0.02,0.02
23.03.2020 09:14:19.322 GMT-0500,223.94299999999998,223.84799999999998,0.02,0.0075
23.03.2020 09:14:19.901 GMT-0500,223.913,223.817,0.02,0.02
23.03.2020 09:14:20.127 GMT-0500,223.912,223.81799999999998,0.02,0.02
23.03.2020 09:14:22.494 GMT-0500,223.753,223.67700000000002,0.02,0.02
23.03.2020 09:14:22.595 GMT-0500,223.752,223.678,0.02,0.02
23.03.2020 09:14:23.458 GMT-0500,223.752,223.687,0.0075,0.0075
23.03.2020 09:14:23.559 GMT-0500,223.753,223.67700000000002,0.02,0.02
23.03.2020 09:14:24.292 GMT-0500,223.80200000000002,223.758,0.0075,0.0075
23.03.2020 09:14:24.761 GMT-0500,223.843,223.747,0.02,0.0075
23.03.2020 09:14:25.717 GMT-0500,223.753,223.668,0.0075,0.0075
23.03.2020 09:14:26.386 GMT-0500,223.733,223.64700000000002,0.0075,0.02
23.03.2020 09:14:26.612 GMT-0500,223.68200000000002,223.608,0.02,0.02
23.03.2020 09:14:27.035 GMT-0500,223.683,223.597,0.02,0.0075
23.03.2020 09:14:27.751 GMT-0500,223.67200000000003,223.608,0.0075,0.0075
23.03.2020 09:14:28.234 GMT-0500,223.843,223.748,0.02,0.0075
23.03.2020 09:14:28.763 GMT-0500,223.822,223.738,0.02,0.02
23.03.2020 09:14:29.550 GMT-0500,223.833,223.73700000000002,0.02,0.02
23.03.2020 09:14:29.943 GMT-0500,223.833,223.73700000000002,0.02,0.0075
23.03.2020 09:14:30.117 GMT-0500,223.812,223.718,0.02,0.02
23.03.2020 09:14:30.822 GMT-0500,223.89200000000002,223.808,0.0075,0.0075
23.03.2020 09:14:30.973 GMT-0500,223.913,223.828,0.02,0.0075
23.03.2020 09:14:31.209 GMT-0500,223.863,223.828,0.0075,0.0075
23.03.2020 09:14:31.686 GMT-0500,223.83200000000002,223.748,0.0075,0.0075
23.03.2020 09:14:32.113 GMT-0500,223.852,223.758,0.02,0.02
23.03.2020 09:14:33.334 GMT-0500,223.86200000000002,223.788,0.02,0.02
23.03.2020 09:14:33.640 GMT-0500,223.872,223.788,0.0075,0.0075
23.03.2020 09:14:33.691 GMT-0500,223.86200000000002,223.788,0.02,0.02
23.03.2020 09:14:33.741 GMT-0500,223.873,223.787,0.02,0.02
23.03.2020 09:14:34.522 GMT-0500,223.93200000000002,223.838,0.02,0.02
23.03.2020 09:14:34.988 GMT-0500,223.933,223.83700000000002,0.02,0.0075
23.03.2020 09:14:35.039 GMT-0500,223.983,223.89700000000002,0.02,0.02
23.03.2020 09:14:35.089 GMT-0500,223.993,223.898,0.02,0.0075
23.03.2020 09:14:35.377 GMT-0500,224.003,223.907,0.02,0.0075
23.03.2020 09:14:35.486 GMT-0500,224.002,223.908,0.02,0.02
23.03.2020 09:14:35.619 GMT-0500,223.993,223.92700000000002,0.02,0.0075
23.03.2020 09:14:35.669 GMT-0500,224.073,223.978,0.02,0.0075
23.03.2020 09:14:35.944 GMT-0500,224.072,223.988,0.0075,0.0075
23.03.2020 09:14:36.180 GMT-0500,224.083,223.98700000000002,0.02,0.0075
23.03.2020 09:14:36.550 GMT-0500,224.122,224.028,0.0075,0.0075
23.03.2020 09:14:36.700 GMT-0500,224.072,223.988,0.0075,0.0075
23.03.2020 09:14:36.801 GMT-0500,224.083,223.998,0.02,0.0075
23.03.2020 09:14:36.931 GMT-0500,224.08200000000002,224.008,0.02,0.02
23.03.2020 09:14:37.081 GMT-0500,224.083,224.007,0.02,0.02
23.03.2020 09:14:37.182 GMT-0500,224.08200000000002,224.008,0.0075,0.0075
23.03.2020 09:14:37.776 GMT-0500,224.083,224.01700000000002,0.02,0.0075
23.03.2020 09:14:38.115 GMT-0500,224.083,224.01700000000002,0.02,0.0075
23.03.2020 09:14:39.982 GMT-0500,223.983,223.89700000000002,0.02,0.02
23.03.2020 09:14:40.106 GMT-0500,223.983,223.898,0.02,0.0075
23.03.2020 09:14:40.369 GMT-0500,224.083,223.998,0.02,0.0075
23.03.2020 09:14:40.472 GMT-0500,224.083,224.008,0.02,0.0075
23.03.2020 09:14:40.523 GMT-0500,224.08200000000002,223.998,0.02,0.02
23.03.2020 09:14:40.704 GMT-0500,224.072,223.997,0.0075,0.0075
23.03.2020 09:14:40.755 GMT-0500,224.053,223.958,0.02,0.0075
23.03.2020 09:14:40.815 GMT-0500,224.073,223.997,0.02,0.0075
23.03.2020 09:14:40.865 GMT-0500,224.073,223.98700000000002,0.02,0.02
23.03.2020 09:14:40.916 GMT-0500,224.072,223.998,0.0075,0.0075
23.03.2020 09:14:40.966 GMT-0500,224.072,223.988,0.0075,0.0075
23.03.2020 09:14:41.016 GMT-0500,224.072,224.008,0.0075,0.0075
23.03.2020 09:14:41.352 GMT-0500,224.013,223.958,0.02,0.0075
23.03.2020 09:14:41.403 GMT-0500,224.05200000000002,223.958,0.02,0.02
23.03.2020 09:14:41.482 GMT-0500,224.05200000000002,223.958,0.02,0.0075
23.03.2020 09:14:41.584 GMT-0500,224.02200000000002,223.948,0.02,0.02
23.03.2020 09:14:43.281 GMT-0500,223.93200000000002,223.84799999999998,0.0075,0.0075
23.03.2020 09:14:43.383 GMT-0500,223.933,223.847,0.02,0.02
23.03.2020 09:14:43.881 GMT-0500,223.90200000000002,223.808,0.0075,0.02
23.03.2020 09:14:44.031 GMT-0500,223.97299999999998,223.898,0.02,0.0075
23.03.2020 09:14:44.163 GMT-0500,223.97299999999998,223.89700000000002,0.02,0.02
23.03.2020 09:14:45.367 GMT-0500,224.093,223.997,0.02,0.02
23.03.2020 09:14:46.036 GMT-0500,224.063,224.007,0.0075,0.02
23.03.2020 09:14:46.086 GMT-0500,223.983,223.887,0.02,0.02
23.03.2020 09:14:46.185 GMT-0500,223.972,223.887,0.0075,0.0075
23.03.2020 09:14:46.235 GMT-0500,223.972,223.878,0.02,0.02
23.03.2020 09:14:46.570 GMT-0500,223.97299999999998,223.887,0.02,0.0075
23.03.2020 09:14:46.920 GMT-0500,223.913,223.838,0.02,0.0075
23.03.2020 09:14:48.380 GMT-0500,223.983,223.908,0.02,0.0075
23.03.2020 09:14:48.497 GMT-0500,223.96200000000002,223.908,0.02,0.02
23.03.2020 09:14:49.237 GMT-0500,223.97299999999998,223.878,0.02,0.0075
23.03.2020 09:14:49.365 GMT-0500,223.97299999999998,223.877,0.02,0.02
23.03.2020 09:14:49.515 GMT-0500,223.97299999999998,223.878,0.02,0.0075
23.03.2020 09:14:49.625 GMT-0500,223.97299999999998,223.888,0.02,0.0075
23.03.2020 09:14:49.959 GMT-0500,223.96200000000002,223.888,0.0075,0.0075
23.03.2020 09:14:50.207 GMT-0500,223.952,223.878,0.0075,0.02
23.03.2020 09:14:50.730 GMT-0500,223.90200000000002,223.808,0.0075,0.0075
23.03.2020 09:14:51.914 GMT-0500,224.003,223.907,0.02,0.02
23.03.2020 09:14:52.453 GMT-0500,224.073,223.998,0.02,0.0075
23.03.2020 09:14:52.504 GMT-0500,224.013,223.92700000000002,0.02,0.02
23.03.2020 09:14:53.801 GMT-0500,224.063,223.998,0.02,0.0075
23.03.2020 09:14:54.188 GMT-0500,224.06799999999998,224.04700000000003,0.0075,0.0075
23.03.2020 09:14:55.513 GMT-0500,224.013,223.917,0.02,0.02
23.03.2020 09:14:55.957 GMT-0500,224.012,223.918,0.0075,0.0075
23.03.2020 09:14:56.358 GMT-0500,224.023,223.947,0.02,0.02
23.03.2020 09:14:56.459 GMT-0500,224.032,223.948,0.02,0.02
23.03.2020 09:14:56.641 GMT-0500,224.012,223.948,0.02,0.02
23.03.2020 09:14:56.842 GMT-0500,224.023,223.92700000000002,0.02,0.02
23.03.2020 09:14:57.440 GMT-0500,224.033,223.938,0.02,0.0075
23.03.2020 09:14:57.928 GMT-0500,224.002,223.947,0.0075,0.0075
23.03.2020 09:14:57.978 GMT-0500,224.11200000000002,224.018,0.0075,0.0075
23.03.2020 09:14:58.136 GMT-0500,224.11200000000002,224.038,0.0075,0.0075
23.03.2020 09:14:58.429 GMT-0500,224.123,224.048,0.02,0.0075
23.03.2020 09:14:58.698 GMT-0500,224.11200000000002,224.038,0.0075,0.02
23.03.2020 09:14:58.812 GMT-0500,224.113,224.038,0.02,0.0075
23.03.2020 09:14:58.863 GMT-0500,224.122,224.038,0.02,0.02
23.03.2020 09:14:58.997 GMT-0500,224.122,224.038,0.0075,0.0075
23.03.2020 09:14:59.136 GMT-0500,224.123,224.037,0.0075,0.02
23.03.2020 09:14:59.466 GMT-0500,224.14200000000002,224.05700000000002,0.0075,0.0075
23.03.2020 09:14:59.517 GMT-0500,224.153,224.05700000000002,0.02,0.02
23.03.2020 09:14:59.617 GMT-0500,224.132,224.038,0.02,0.02
23.03.2020 09:15:00.508 GMT-0500,224.183,224.09799999999998,0.02,0.0075
23.03.2020 09:15:00.659 GMT-0500,224.18200000000002,224.09799999999998,0.0075,0.0075
23.03.2020 09:15:01.401 GMT-0500,224.19299999999998,224.137,0.02,0.0075
23.03.2020 09:15:01.452 GMT-0500,224.243,224.187,0.02,0.02
23.03.2020 09:15:01.728 GMT-0500,224.27200000000002,224.208,0.02,0.02
23.03.2020 09:15:02.069 GMT-0500,224.273,224.188,0.02,0.0075
23.03.2020 09:15:02.346 GMT-0500,224.352,224.258,0.0075,0.0075
23.03.2020 09:15:03.304 GMT-0500,224.36200000000002,224.268,0.0075,0.0075
23.03.2020 09:15:03.405 GMT-0500,224.382,224.288,0.02,0.02
23.03.2020 09:15:03.590 GMT-0500,224.40200000000002,224.308,0.0075,0.0075
23.03.2020 09:15:03.650 GMT-0500,224.40200000000002,224.317,0.0075,0.0075
23.03.2020 09:15:03.701 GMT-0500,224.393,224.30700000000002,0.02,0.02
23.03.2020 09:15:03.816 GMT-0500,224.40200000000002,224.308,0.0075,0.0075
23.03.2020 09:15:03.943 GMT-0500,224.33200000000002,224.288,0.02,0.02
23.03.2020 09:15:04.163 GMT-0500,224.333,224.287,0.02,0.02
23.03.2020 09:15:04.263 GMT-0500,224.343,224.288,0.02,0.0075
23.03.2020 09:15:04.381 GMT-0500,224.343,224.287,0.0075,0.02
23.03.2020 09:15:04.680 GMT-0500,224.40200000000002,224.308,0.02,0.02
23.03.2020 09:15:04.730 GMT-0500,224.403,224.327,0.02,0.02
23.03.2020 09:15:04.898 GMT-0500,224.40200000000002,224.327,0.0075,0.0075
23.03.2020 09:15:05.016 GMT-0500,224.453,224.377,0.02,0.0075
23.03.2020 09:15:05.066 GMT-0500,224.453,224.378,0.02,0.0075
23.03.2020 09:15:05.117 GMT-0500,224.452,224.368,0.02,0.02
23.03.2020 09:15:05.217 GMT-0500,224.453,224.387,0.02,0.02
23.03.2020 09:15:05.540 GMT-0500,224.503,224.418,0.02,0.0075
