Local time,Ask,Bid,AskVolume,BidVolume
18.03.2020 08:30:00.112 GMT-0500,239.853,239.778,0.02,0.0075
18.03.2020 08:30:01.381 GMT-0500,240.062,240.008,0.02,0.02
18.03.2020 08:30:01.933 GMT-0500,240.133,240.048,0.02,0.0075
18.03.2020 08:30:02.144 GMT-0500,240.073,239.998,0.02,0.0075
18.03.2020 08:30:03.079 GMT-0500,240.062,239.98700000000002,0.0075,0.02
18.03.2020 08:30:03.230 GMT-0500,240.053,239.98700000000002,0.02,0.02
18.03.2020 08:30:03.340 GMT-0500,240.05200000000002,239.98700000000002,0.0075,0.02
18.03.2020 08:30:05.131 GMT-0500,240.122,240.067,0.0075,0.0075
18.03.2020 08:30:10.575 GMT-0500,240.502,240.417,0.0075,0.02
18.03.2020 08:30:10.625 GMT-0500,240.49200000000002,240.398,0.02,0.02
18.03.2020 08:30:12.626 GMT-0500,240.563,240.48700000000002,0.02,0.02
18.03.2020 08:30:29.629 GMT-0500,243.02200000000002,242.95700000000002,0.0075,0.02
18.03.2020 08:31:01.966 GMT-0500,242.11200000000002,242.02700000000002,0.0075,0.02
18.03.2020 08:31:02.112 GMT-0500,242.073,242.02700000000002,0.0075,0.0075
18.03.2020 08:31:02.163 GMT-0500,242.11200000000002,242.02700000000002,0.0075,0.02
18.03.2020 08:31:10.046 GMT-0500,242.073,242.008,0.02,0.0075
18.03.2020 08:31:10.197 GMT-0500,242.073,242.007,0.02,0.02
18.03.2020 08:31:10.297 GMT-0500,242.043,241.967,0.02,0.02
18.03.2020 08:31:26.597 GMT-0500,242.52200000000002,242.428,0.02,0.02
18.03.2020 08:32:09.112 GMT-0500,243.092,242.997,0.0075,0.02
18.03.2020 08:32:41.333 GMT-0500,242.94299999999998,242.84799999999998,0.02,0.0075
18.03.2020 08:32:41.390 GMT-0500,242.94299999999998,242.857,0.02,0.0075
18.03.2020 08:32:54.867 GMT-0500,242.65200000000002,242.61700000000002,0.0075,0.0075
18.03.2020 08:32:59.013 GMT-0500,242.763,242.687,0.02,0.02
18.03.2020 08:32:59.319 GMT-0500,242.733,242.687,0.0075,0.02
18.03.2020 08:33:00.491 GMT-0500,242.343,242.257,0.02,0.02
18.03.2020 08:33:08.198 GMT-0500,243.05200000000002,243.04700000000003,0.0075,0.0075
18.03.2020 08:33:08.249 GMT-0500,243.143,243.048,0.02,0.0075
18.03.2020 08:33:08.996 GMT-0500,243.143,243.138,0.0075,0.0075
18.03.2020 08:33:12.873 GMT-0500,243.282,243.208,0.02,0.02
18.03.2020 08:33:15.240 GMT-0500,243.503,243.408,0.02,0.0075
18.03.2020 08:33:27.237 GMT-0500,243.39200000000002,243.29700000000003,0.0075,0.02
18.03.2020 08:33:27.352 GMT-0500,243.352,243.29700000000003,0.0075,0.0075
18.03.2020 08:33:28.923 GMT-0500,243.573,243.525,0.0075,0.0075
18.03.2020 08:33:29.202 GMT-0500,243.83200000000002,243.738,0.0075,0.0075
18.03.2020 08:33:29.615 GMT-0500,243.893,243.81799999999998,0.02,0.0075
18.03.2020 08:33:39.930 GMT-0500,244.883,244.788,0.02,0.0075
18.03.2020 08:34:28.569 GMT-0500,244.99200000000002,244.977,0.0075,0.0075
18.03.2020 08:34:56.088 GMT-0500,244.203,244.128,0.02,0.0075
18.03.2020 08:34:56.591 GMT-0500,244.18200000000002,244.107,0.0075,0.0075
18.03.2020 08:34:56.642 GMT-0500,244.19299999999998,244.108,0.02,0.0075
18.03.2020 08:34:56.758 GMT-0500,244.202,244.108,0.02,0.02
18.03.2020 08:34:57.193 GMT-0500,244.203,244.107,0.02,0.02
18.03.2020 08:35:04.057 GMT-0500,243.21200000000002,243.11700000000002,0.0075,0.02
18.03.2020 08:35:04.961 GMT-0500,243.083,242.998,0.02,0.0075
18.03.2020 08:35:06.037 GMT-0500,242.96200000000002,242.86700000000002,0.0075,0.02
18.03.2020 08:35:08.505 GMT-0500,243.092,243.008,0.02,0.02
18.03.2020 08:35:29.101 GMT-0500,243.44299999999998,243.34799999999998,0.02,0.0075
18.03.2020 08:35:29.250 GMT-0500,243.44299999999998,243.347,0.0075,0.02
18.03.2020 08:35:37.507 GMT-0500,242.743,242.657,0.0075,0.01
18.03.2020 08:35:37.558 GMT-0500,242.68200000000002,242.608,0.02,0.02
18.03.2020 08:35:43.568 GMT-0500,243.053,243.01700000000002,0.02,0.02
18.03.2020 08:35:57.479 GMT-0500,242.80200000000002,242.70700000000002,0.0075,0.02
18.03.2020 08:36:00.028 GMT-0500,242.533,242.438,0.02,0.0075
18.03.2020 08:36:00.291 GMT-0500,242.523,242.437,0.0075,0.02
18.03.2020 08:36:02.622 GMT-0500,242.49200000000002,242.408,0.02,0.02
18.03.2020 08:36:04.328 GMT-0500,242.543,242.458,0.02,0.0075
18.03.2020 08:36:15.517 GMT-0500,242.203,242.11700000000002,0.0075,0.0075
18.03.2020 08:36:15.568 GMT-0500,242.203,242.107,0.02,0.02
18.03.2020 08:36:15.949 GMT-0500,242.15200000000002,242.058,0.02,0.02
18.03.2020 08:36:17.344 GMT-0500,242.153,242.11700000000002,0.0075,0.0075
18.03.2020 08:36:20.289 GMT-0500,241.86200000000002,241.778,0.02,0.02
18.03.2020 08:36:23.765 GMT-0500,242.102,242.007,0.0075,0.02
18.03.2020 08:36:23.901 GMT-0500,242.053,241.967,0.02,0.02
18.03.2020 08:36:26.230 GMT-0500,241.923,241.877,0.02,0.02
18.03.2020 08:36:26.353 GMT-0500,241.92200000000003,241.877,0.0075,0.0075
18.03.2020 08:36:27.151 GMT-0500,242.033,241.937,0.02,0.02
18.03.2020 08:36:27.296 GMT-0500,242.033,241.938,0.02,0.0075
18.03.2020 08:36:27.490 GMT-0500,242.033,241.937,0.02,0.02
18.03.2020 08:36:27.725 GMT-0500,242.032,241.937,0.0075,0.02
18.03.2020 08:36:29.611 GMT-0500,241.97299999999998,241.877,0.02,0.02
18.03.2020 08:36:29.795 GMT-0500,241.97299999999998,241.888,0.02,0.0075
18.03.2020 08:36:30.152 GMT-0500,241.96200000000002,241.888,0.0075,0.02
18.03.2020 08:36:31.645 GMT-0500,241.812,241.727,0.0075,0.02
18.03.2020 08:36:42.001 GMT-0500,241.673,241.608,0.02,0.0075
18.03.2020 08:36:44.882 GMT-0500,241.863,241.768,0.0075,0.0075
18.03.2020 08:36:45.368 GMT-0500,241.872,241.86,0.0075,0.0075
18.03.2020 08:36:45.418 GMT-0500,241.912,241.86700000000002,0.0075,0.02
18.03.2020 08:36:54.853 GMT-0500,242.632,242.577,0.0075,0.0075
18.03.2020 08:36:55.054 GMT-0500,242.573,242.497,0.02,0.02
18.03.2020 08:36:55.349 GMT-0500,242.633,242.567,0.02,0.02
18.03.2020 08:36:55.400 GMT-0500,242.613,242.567,0.02,0.02
18.03.2020 08:36:55.450 GMT-0500,242.633,242.567,0.02,0.02
18.03.2020 08:36:55.579 GMT-0500,242.633,242.578,0.02,0.0075
18.03.2020 08:36:55.722 GMT-0500,242.633,242.577,0.02,0.02
18.03.2020 08:37:00.051 GMT-0500,242.403,242.327,0.02,0.02
18.03.2020 08:37:00.177 GMT-0500,242.40200000000002,242.328,0.02,0.02
18.03.2020 08:37:01.697 GMT-0500,242.413,242.327,0.02,0.02
18.03.2020 08:37:01.848 GMT-0500,242.623,242.528,0.02,0.0075
18.03.2020 08:37:02.163 GMT-0500,242.623,242.528,0.02,0.02
18.03.2020 08:37:02.337 GMT-0500,242.623,242.537,0.02,0.02
18.03.2020 08:37:02.549 GMT-0500,242.622,242.54700000000003,0.0075,0.02
18.03.2020 08:37:02.650 GMT-0500,242.61200000000002,242.588,0.02,0.02
18.03.2020 08:37:02.921 GMT-0500,242.592,242.518,0.02,0.0075
18.03.2020 08:37:03.429 GMT-0500,242.593,242.58,0.0075,0.0075
18.03.2020 08:37:03.480 GMT-0500,242.61200000000002,242.518,0.02,0.02
18.03.2020 08:37:04.003 GMT-0500,242.613,242.51700000000002,0.02,0.02
18.03.2020 08:37:04.153 GMT-0500,242.61200000000002,242.518,0.02,0.02
18.03.2020 08:37:04.254 GMT-0500,242.602,242.518,0.02,0.02
18.03.2020 08:37:04.629 GMT-0500,242.603,242.507,0.02,0.02
18.03.2020 08:37:04.762 GMT-0500,242.603,242.558,0.02,0.0075
18.03.2020 08:37:04.813 GMT-0500,242.623,242.558,0.02,0.0075
18.03.2020 08:37:04.871 GMT-0500,242.63,242.588,0.0075,0.0075
18.03.2020 08:37:04.921 GMT-0500,242.622,242.558,0.02,0.02
18.03.2020 08:37:05.035 GMT-0500,242.623,242.55700000000002,0.02,0.02
18.03.2020 08:37:05.173 GMT-0500,242.622,242.56799999999998,0.02,0.02
18.03.2020 08:37:05.274 GMT-0500,242.622,242.55700000000002,0.0075,0.02
18.03.2020 08:37:05.324 GMT-0500,242.623,242.567,0.02,0.02
18.03.2020 08:37:05.425 GMT-0500,242.622,242.567,0.0075,0.02
18.03.2020 08:37:05.676 GMT-0500,242.593,242.55700000000002,0.02,0.02
18.03.2020 08:37:05.726 GMT-0500,242.563,242.51700000000002,0.02,0.02
18.03.2020 08:37:06.659 GMT-0500,242.463,242.378,0.02,0.0075
18.03.2020 08:37:08.636 GMT-0500,242.24200000000002,242.157,0.0075,0.02
18.03.2020 08:37:18.774 GMT-0500,242.36200000000002,242.268,0.02,0.02
18.03.2020 08:37:18.824 GMT-0500,242.24200000000002,242.218,0.02,0.02
18.03.2020 08:37:18.924 GMT-0500,242.292,242.20700000000002,0.0075,0.02
18.03.2020 08:37:20.913 GMT-0500,242.092,241.997,0.0075,0.02
18.03.2020 08:37:21.180 GMT-0500,242.092,242.048,0.0075,0.0075
18.03.2020 08:37:26.193 GMT-0500,242.15200000000002,242.077,0.0075,0.0075
18.03.2020 08:37:26.244 GMT-0500,242.173,242.077,0.02,0.02
18.03.2020 08:37:28.469 GMT-0500,242.083,241.998,0.02,0.0075
18.03.2020 08:37:29.670 GMT-0500,242.282,242.187,0.0075,0.02
18.03.2020 08:37:30.561 GMT-0500,242.163,242.08700000000002,0.02,0.02
18.03.2020 08:37:30.692 GMT-0500,242.17200000000003,242.088,0.02,0.02
18.03.2020 08:37:30.743 GMT-0500,242.122,242.058,0.02,0.02
18.03.2020 08:37:38.664 GMT-0500,243.143,243.058,0.02,0.0075
18.03.2020 08:37:39.606 GMT-0500,243.14200000000002,243.04700000000003,0.0075,0.0075
18.03.2020 08:37:42.766 GMT-0500,243.143,243.058,0.02,0.0075
18.03.2020 08:37:42.816 GMT-0500,243.133,243.05700000000002,0.02,0.02
18.03.2020 08:37:43.080 GMT-0500,243.093,242.998,0.02,0.0075
18.03.2020 08:37:43.607 GMT-0500,242.995,242.968,0.0075,0.0075
18.03.2020 08:37:43.658 GMT-0500,242.952,242.888,0.02,0.02
18.03.2020 08:37:44.722 GMT-0500,242.93200000000002,242.858,0.02,0.02
18.03.2020 08:37:45.073 GMT-0500,242.883,242.788,0.02,0.0075
18.03.2020 08:37:45.978 GMT-0500,242.773,242.728,0.0075,0.0075
18.03.2020 08:37:46.348 GMT-0500,242.67200000000003,242.597,0.0075,0.02
18.03.2020 08:37:49.288 GMT-0500,242.572,242.498,0.02,0.02
18.03.2020 08:37:49.539 GMT-0500,242.553,242.48700000000002,0.02,0.02
18.03.2020 08:37:49.640 GMT-0500,242.482,242.387,0.0075,0.02
18.03.2020 08:37:50.846 GMT-0500,242.603,242.508,0.02,0.0075
18.03.2020 08:38:00.929 GMT-0500,243.003,242.917,0.02,0.0075
18.03.2020 08:38:02.221 GMT-0500,242.972,242.918,0.02,0.0075
18.03.2020 08:38:02.326 GMT-0500,242.97299999999998,242.95700000000002,0.0075,0.0075
18.03.2020 08:38:02.686 GMT-0500,242.912,242.847,0.0075,0.02
18.03.2020 08:38:03.006 GMT-0500,242.822,242.747,0.0075,0.02
18.03.2020 08:38:04.948 GMT-0500,242.913,242.838,0.02,0.0075
18.03.2020 08:38:05.099 GMT-0500,242.913,242.828,0.02,0.0075
18.03.2020 08:38:05.167 GMT-0500,242.912,242.838,0.02,0.02
18.03.2020 08:38:06.302 GMT-0500,242.812,242.717,0.0075,0.02
18.03.2020 08:38:06.352 GMT-0500,242.713,242.637,0.02,0.02
18.03.2020 08:38:06.895 GMT-0500,242.71200000000002,242.61700000000002,0.0075,0.02
18.03.2020 08:38:07.243 GMT-0500,242.713,242.61700000000002,0.02,0.02
18.03.2020 08:38:09.808 GMT-0500,243.093,243.007,0.02,0.02
18.03.2020 08:38:09.928 GMT-0500,243.092,243.05700000000002,0.0075,0.0075
18.03.2020 08:38:17.974 GMT-0500,243.72299999999998,243.627,0.02,0.02
18.03.2020 08:38:20.022 GMT-0500,243.61200000000002,243.51700000000002,0.0075,0.02
18.03.2020 08:38:20.128 GMT-0500,243.533,243.508,0.02,0.0075
18.03.2020 08:38:20.179 GMT-0500,243.512,243.437,0.0075,0.02
18.03.2020 08:38:20.235 GMT-0500,243.513,243.508,0.0075,0.0075
18.03.2020 08:38:20.286 GMT-0500,243.58200000000002,243.508,0.02,0.02
18.03.2020 08:38:20.336 GMT-0500,243.482,243.438,0.02,0.02
18.03.2020 08:38:20.386 GMT-0500,243.512,243.458,0.02,0.02
18.03.2020 08:38:20.671 GMT-0500,243.493,243.437,0.0075,0.0075
18.03.2020 08:38:28.359 GMT-0500,243.442,243.347,0.0075,0.02
18.03.2020 08:38:29.692 GMT-0500,243.15200000000002,243.067,0.0075,0.02
18.03.2020 08:38:29.743 GMT-0500,243.162,243.067,0.0075,0.02
18.03.2020 08:38:32.891 GMT-0500,243.14200000000002,243.077,0.0075,0.02
18.03.2020 08:38:32.941 GMT-0500,243.143,243.097,0.02,0.02
18.03.2020 08:38:33.568 GMT-0500,243.103,243.048,0.02,0.0075
18.03.2020 08:38:35.121 GMT-0500,243.363,243.27700000000002,0.02,0.02
18.03.2020 08:38:35.691 GMT-0500,243.283,243.187,0.02,0.02
18.03.2020 08:38:42.177 GMT-0500,243.512,243.428,0.02,0.02
18.03.2020 08:38:42.299 GMT-0500,243.44299999999998,243.358,0.02,0.0075
18.03.2020 08:38:46.381 GMT-0500,243.86200000000002,243.808,0.02,0.02
18.03.2020 08:38:47.744 GMT-0500,243.812,243.757,0.0075,0.02
18.03.2020 08:38:47.795 GMT-0500,243.752,243.67700000000002,0.0075,0.02
18.03.2020 08:38:47.947 GMT-0500,243.753,243.67700000000002,0.02,0.02
18.03.2020 08:38:48.573 GMT-0500,243.523,243.448,0.02,0.0075
18.03.2020 08:38:52.710 GMT-0500,244.002,243.907,0.0075,0.0075
18.03.2020 08:38:56.573 GMT-0500,244.263,244.17700000000002,0.0075,0.0075
18.03.2020 08:38:56.985 GMT-0500,244.252,244.188,0.0075,0.0075
18.03.2020 08:39:00.502 GMT-0500,244.463,244.378,0.02,0.0075
18.03.2020 08:39:06.351 GMT-0500,244.073,244.018,0.0075,0.0075
18.03.2020 08:39:08.211 GMT-0500,244.05200000000002,243.978,0.02,0.02
18.03.2020 08:39:08.685 GMT-0500,244.05200000000002,243.997,0.0075,0.02
18.03.2020 08:39:28.982 GMT-0500,243.19299999999998,243.167,0.0075,0.0075
18.03.2020 08:39:32.002 GMT-0500,243.42200000000003,243.338,0.02,0.02
18.03.2020 08:39:34.760 GMT-0500,243.83200000000002,243.79700000000003,0.0075,0.0075
18.03.2020 08:39:41.932 GMT-0500,244.11200000000002,244.04700000000003,0.0075,0.02
18.03.2020 08:39:43.122 GMT-0500,244.073,244.038,0.02,0.0075
18.03.2020 08:39:43.172 GMT-0500,243.993,243.948,0.02,0.0075
18.03.2020 08:39:43.281 GMT-0500,243.993,243.947,0.02,0.02
18.03.2020 08:39:46.013 GMT-0500,244.243,244.158,0.02,0.0075
18.03.2020 08:39:46.853 GMT-0500,244.14200000000002,244.11700000000002,0.0075,0.0075
18.03.2020 08:39:46.905 GMT-0500,244.14200000000002,244.058,0.02,0.02
18.03.2020 08:39:49.470 GMT-0500,244.002,243.958,0.02,0.02
18.03.2020 08:39:49.697 GMT-0500,244.01,243.998,0.0075,0.0075
18.03.2020 08:39:49.805 GMT-0500,244.063,243.968,0.02,0.0075
18.03.2020 08:39:53.798 GMT-0500,244.033,243.95700000000002,0.02,0.02
18.03.2020 08:39:53.849 GMT-0500,244.092,243.998,0.02,0.02
18.03.2020 08:39:57.961 GMT-0500,244.05200000000002,243.988,0.02,0.02
18.03.2020 08:39:58.349 GMT-0500,244.032,243.977,0.0075,0.02
18.03.2020 08:39:59.380 GMT-0500,243.838,243.81799999999998,0.0075,0.0075
18.03.2020 08:39:59.974 GMT-0500,243.912,243.827,0.0075,0.02
18.03.2020 08:40:00.074 GMT-0500,243.90200000000002,243.827,0.0075,0.02
18.03.2020 08:40:00.125 GMT-0500,243.912,243.827,0.0075,0.02
18.03.2020 08:40:01.713 GMT-0500,243.633,243.537,0.0075,0.02
18.03.2020 08:40:01.964 GMT-0500,243.393,243.308,0.02,0.0075
18.03.2020 08:40:03.120 GMT-0500,243.273,243.178,0.02,0.0075
18.03.2020 08:40:03.230 GMT-0500,243.233,243.178,0.0075,0.0075
18.03.2020 08:40:03.281 GMT-0500,243.222,243.127,0.0075,0.02
18.03.2020 08:40:09.630 GMT-0500,242.783,242.698,0.02,0.0075
18.03.2020 08:40:27.045 GMT-0500,244.273,244.218,0.0075,0.0075
18.03.2020 08:40:27.145 GMT-0500,244.173,244.09799999999998,0.02,0.0075
18.03.2020 08:40:31.036 GMT-0500,244.053,244.007,0.02,0.02
18.03.2020 08:40:34.165 GMT-0500,244.49200000000002,244.447,0.0075,0.02
18.03.2020 08:40:39.212 GMT-0500,245.003,244.928,0.02,0.0075
18.03.2020 08:40:46.807 GMT-0500,245.80200000000002,245.738,0.02,0.02
18.03.2020 08:40:47.557 GMT-0500,245.833,245.738,0.02,0.0075
18.03.2020 08:40:53.672 GMT-0500,244.732,244.657,0.0075,0.0075
18.03.2020 08:41:07.397 GMT-0500,245.083,244.997,0.02,0.02
18.03.2020 08:41:31.323 GMT-0500,244.96200000000002,244.92200000000003,0.0075,0.0075
18.03.2020 08:41:38.599 GMT-0500,245.46200000000002,245.377,0.0075,0.02
18.03.2020 08:41:46.298 GMT-0500,245.30200000000002,245.20700000000002,0.0075,0.02
18.03.2020 08:41:46.505 GMT-0500,245.30200000000002,245.208,0.0075,0.02
18.03.2020 08:41:46.800 GMT-0500,245.313,245.217,0.02,0.0075
18.03.2020 08:41:47.265 GMT-0500,245.312,245.217,0.0075,0.02
18.03.2020 08:41:47.346 GMT-0500,245.282,245.218,0.02,0.02
18.03.2020 08:41:47.509 GMT-0500,245.22299999999998,245.21,0.0075,0.0075
18.03.2020 08:41:48.934 GMT-0500,245.283,245.187,0.02,0.0075
18.03.2020 08:41:49.069 GMT-0500,245.283,245.26700000000002,0.0075,0.0075
18.03.2020 08:41:50.704 GMT-0500,245.803,245.718,0.02,0.0075
18.03.2020 08:41:51.941 GMT-0500,245.653,245.578,0.02,0.0075
18.03.2020 08:41:54.528 GMT-0500,246.102,246.018,0.02,0.02
18.03.2020 08:41:54.786 GMT-0500,246.102,246.058,0.0075,0.0075
18.03.2020 08:41:54.836 GMT-0500,246.103,246.02700000000002,0.02,0.02
18.03.2020 08:42:00.617 GMT-0500,246.283,246.238,0.0075,0.0075
18.03.2020 08:42:20.049 GMT-0500,245.213,245.138,0.02,0.0075
18.03.2020 08:42:21.332 GMT-0500,245.203,245.178,0.02,0.0075
18.03.2020 08:42:29.093 GMT-0500,244.783,244.688,0.0075,0.0075
18.03.2020 08:42:29.317 GMT-0500,244.783,244.687,0.02,0.02
18.03.2020 08:42:29.678 GMT-0500,244.77200000000002,244.687,0.0075,0.02
18.03.2020 08:42:30.410 GMT-0500,244.592,244.498,0.02,0.02
18.03.2020 08:42:30.542 GMT-0500,244.58200000000002,244.498,0.0075,0.02
18.03.2020 08:42:30.790 GMT-0500,244.40200000000002,244.308,0.02,0.02
18.03.2020 08:42:30.852 GMT-0500,244.393,244.308,0.0075,0.0075
18.03.2020 08:42:33.542 GMT-0500,244.872,244.838,0.01,0.0075
18.03.2020 08:42:50.564 GMT-0500,244.43200000000002,244.347,0.0075,0.02
18.03.2020 08:42:53.223 GMT-0500,245.102,245.018,0.02,0.02
18.03.2020 08:42:53.273 GMT-0500,245.19299999999998,245.107,0.02,0.02
18.03.2020 08:42:59.404 GMT-0500,244.89200000000002,244.798,0.02,0.02
18.03.2020 08:43:03.004 GMT-0500,244.373,244.288,0.02,0.0075
18.03.2020 08:43:03.122 GMT-0500,244.373,244.287,0.02,0.02
18.03.2020 08:43:06.150 GMT-0500,244.873,244.77700000000002,0.0075,0.02
18.03.2020 08:43:06.778 GMT-0500,244.882,244.788,0.0075,0.0075
18.03.2020 08:43:11.677 GMT-0500,244.61200000000002,244.52700000000002,0.0075,0.02
18.03.2020 08:43:15.516 GMT-0500,244.782,244.698,0.02,0.02
18.03.2020 08:43:16.205 GMT-0500,244.782,244.747,0.0075,0.0075
18.03.2020 08:43:19.537 GMT-0500,245.05200000000002,244.967,0.0075,0.0075
18.03.2020 08:43:19.736 GMT-0500,245.042,244.977,0.0075,0.0075
18.03.2020 08:43:19.787 GMT-0500,245.042,244.968,0.02,0.02
18.03.2020 08:43:19.838 GMT-0500,244.993,244.968,0.0075,0.0075
18.03.2020 08:43:29.610 GMT-0500,244.403,244.327,0.02,0.02
18.03.2020 08:43:34.285 GMT-0500,244.413,244.33700000000002,0.02,0.02
18.03.2020 08:43:35.816 GMT-0500,244.22299999999998,244.157,0.0075,0.0075
18.03.2020 08:43:36.099 GMT-0500,244.08200000000002,244.01700000000002,0.0075,0.02
18.03.2020 08:43:36.686 GMT-0500,243.912,243.817,0.0075,0.02
18.03.2020 08:43:42.969 GMT-0500,243.692,243.59799999999998,0.02,0.02
18.03.2020 08:43:50.270 GMT-0500,244.14200000000002,244.04700000000003,0.0075,0.02
18.03.2020 08:44:05.297 GMT-0500,244.012,243.948,0.0075,0.01
18.03.2020 08:44:42.271 GMT-0500,244.173,244.137,0.02,0.02
18.03.2020 08:44:42.321 GMT-0500,244.243,244.148,0.02,0.0075
18.03.2020 08:44:57.584 GMT-0500,244.083,243.997,0.0075,0.02
18.03.2020 08:44:58.186 GMT-0500,244.093,243.998,0.02,0.0075
18.03.2020 08:44:58.647 GMT-0500,244.043,243.988,0.02,0.0075
18.03.2020 08:44:58.697 GMT-0500,243.863,243.798,0.02,0.0075
18.03.2020 08:45:16.773 GMT-0500,243.05200000000002,242.978,0.0075,0.02
18.03.2020 08:45:17.261 GMT-0500,243.013,242.918,0.02,0.0075
18.03.2020 08:45:17.312 GMT-0500,242.963,242.86700000000002,0.02,0.02
18.03.2020 08:45:19.469 GMT-0500,242.592,242.497,0.0075,0.02
18.03.2020 08:45:19.519 GMT-0500,242.643,242.55700000000002,0.02,0.02
18.03.2020 08:45:19.746 GMT-0500,242.602,242.507,0.0075,0.02
18.03.2020 08:45:25.205 GMT-0500,242.623,242.528,0.02,0.0075
18.03.2020 08:45:25.471 GMT-0500,242.713,242.627,0.02,0.02
18.03.2020 08:45:37.437 GMT-0500,242.94299999999998,242.847,0.02,0.02
18.03.2020 08:45:44.541 GMT-0500,242.732,242.637,0.0075,0.02
18.03.2020 08:45:47.384 GMT-0500,242.813,242.728,0.0075,0.0075
18.03.2020 08:45:47.435 GMT-0500,242.813,242.717,0.02,0.02
18.03.2020 08:45:53.148 GMT-0500,242.663,242.58700000000002,0.02,0.02
18.03.2020 08:45:53.707 GMT-0500,242.702,242.607,0.0075,0.0075
18.03.2020 08:46:00.996 GMT-0500,242.46200000000002,242.377,0.0075,0.02
18.03.2020 08:46:08.432 GMT-0500,242.343,242.268,0.02,0.0075
18.03.2020 08:46:08.483 GMT-0500,242.333,242.238,0.02,0.0075
18.03.2020 08:46:09.529 GMT-0500,242.323,242.23700000000002,0.02,0.02
18.03.2020 08:46:09.885 GMT-0500,242.323,242.238,0.0075,0.0075
18.03.2020 08:46:10.965 GMT-0500,242.282,242.187,0.0075,0.02
18.03.2020 08:46:11.016 GMT-0500,242.243,242.167,0.02,0.02
18.03.2020 08:46:11.066 GMT-0500,242.222,242.128,0.02,0.02
18.03.2020 08:46:11.773 GMT-0500,242.203,242.195,0.0075,0.0075
18.03.2020 08:46:11.924 GMT-0500,242.382,242.298,0.02,0.02
18.03.2020 08:46:18.503 GMT-0500,242.453,242.36700000000002,0.02,0.02
18.03.2020 08:46:19.721 GMT-0500,242.02200000000002,241.997,0.0075,0.02
18.03.2020 08:46:19.772 GMT-0500,242.033,241.998,0.02,0.0075
18.03.2020 08:46:20.091 GMT-0500,242.093,241.998,0.0075,0.0075
18.03.2020 08:46:20.849 GMT-0500,242.653,242.558,0.02,0.0075
18.03.2020 08:46:28.902 GMT-0500,243.52200000000002,243.42700000000002,0.0075,0.02
18.03.2020 08:46:29.521 GMT-0500,243.49200000000002,243.42700000000002,0.0075,0.02
18.03.2020 08:46:29.650 GMT-0500,243.472,243.388,0.02,0.02
18.03.2020 08:46:30.692 GMT-0500,243.583,243.497,0.0075,0.02
18.03.2020 08:46:31.343 GMT-0500,243.58200000000002,243.48700000000002,0.0075,0.02
18.03.2020 08:46:31.424 GMT-0500,243.513,243.48700000000002,0.0075,0.0075
18.03.2020 08:46:33.739 GMT-0500,243.282,243.188,0.0075,0.0075
18.03.2020 08:46:41.193 GMT-0500,243.003,242.908,0.02,0.0075
18.03.2020 08:46:52.992 GMT-0500,242.698,242.687,0.0075,0.0075
18.03.2020 08:47:08.108 GMT-0500,243.013,242.938,0.02,0.0075
18.03.2020 08:47:10.802 GMT-0500,242.903,242.888,0.0075,0.0075
18.03.2020 08:47:10.852 GMT-0500,242.903,242.81799999999998,0.02,0.0075
18.03.2020 08:47:19.823 GMT-0500,242.253,242.17700000000002,0.0075,0.02
18.03.2020 08:47:24.550 GMT-0500,242.233,242.137,0.02,0.02
18.03.2020 08:47:24.973 GMT-0500,242.222,242.148,0.0075,0.0075
18.03.2020 08:47:30.504 GMT-0500,242.663,242.56799999999998,0.0075,0.0075
18.03.2020 08:47:37.323 GMT-0500,242.413,242.34799999999998,0.0075,0.0075
18.03.2020 08:47:44.053 GMT-0500,242.842,242.77700000000002,0.0075,0.02
18.03.2020 08:47:59.309 GMT-0500,242.933,242.838,0.02,0.0075
18.03.2020 08:47:59.510 GMT-0500,242.933,242.838,0.0075,0.0075
18.03.2020 08:48:09.373 GMT-0500,243.14200000000002,243.067,0.0075,0.02
18.03.2020 08:48:12.214 GMT-0500,243.14200000000002,243.078,0.02,0.02
18.03.2020 08:48:12.328 GMT-0500,243.19299999999998,243.107,0.02,0.02
18.03.2020 08:48:12.434 GMT-0500,243.19299999999998,243.108,0.02,0.0075
18.03.2020 08:48:27.909 GMT-0500,242.842,242.747,0.0075,0.02
18.03.2020 08:48:27.960 GMT-0500,242.803,242.70700000000002,0.02,0.02
18.03.2020 08:48:28.060 GMT-0500,242.792,242.70700000000002,0.0075,0.02
18.03.2020 08:48:28.415 GMT-0500,242.683,242.607,0.02,0.02
18.03.2020 08:48:28.559 GMT-0500,242.683,242.608,0.02,0.0075
18.03.2020 08:48:28.733 GMT-0500,242.762,242.678,0.02,0.02
18.03.2020 08:48:28.884 GMT-0500,242.782,242.688,0.02,0.02
18.03.2020 08:48:29.195 GMT-0500,242.782,242.698,0.0075,0.0075
18.03.2020 08:48:29.792 GMT-0500,242.782,242.688,0.02,0.02
18.03.2020 08:48:30.234 GMT-0500,242.732,242.688,0.0075,0.0075
18.03.2020 08:48:30.386 GMT-0500,242.732,242.64700000000002,0.0075,0.0075
18.03.2020 08:48:30.437 GMT-0500,242.743,242.64700000000002,0.02,0.02
18.03.2020 08:48:30.978 GMT-0500,242.673,242.64700000000002,0.02,0.02
18.03.2020 08:48:31.028 GMT-0500,242.733,242.648,0.02,0.0075
18.03.2020 08:48:31.131 GMT-0500,242.68200000000002,242.59799999999998,0.02,0.02
18.03.2020 08:48:32.233 GMT-0500,242.592,242.498,0.02,0.02
18.03.2020 08:48:34.764 GMT-0500,242.842,242.748,0.02,0.02
18.03.2020 08:48:34.903 GMT-0500,242.843,242.747,0.02,0.02
18.03.2020 08:48:35.312 GMT-0500,242.843,242.757,0.02,0.0075
18.03.2020 08:48:35.413 GMT-0500,242.893,242.817,0.02,0.02
18.03.2020 08:48:35.920 GMT-0500,242.993,242.92700000000002,0.02,0.02
18.03.2020 08:48:36.594 GMT-0500,243.17200000000003,243.11700000000002,0.0075,0.02
18.03.2020 08:48:36.713 GMT-0500,243.222,243.127,0.0075,0.0075
18.03.2020 08:48:45.578 GMT-0500,243.453,243.368,0.02,0.0075
18.03.2020 08:48:45.633 GMT-0500,243.412,243.317,0.0075,0.02
18.03.2020 08:48:46.840 GMT-0500,243.563,243.477,0.02,0.02
18.03.2020 08:48:58.103 GMT-0500,243.543,243.507,0.0075,0.0075
18.03.2020 08:48:58.179 GMT-0500,243.543,243.45700000000002,0.0075,0.0075
18.03.2020 08:49:00.566 GMT-0500,243.502,243.407,0.0075,0.02
18.03.2020 08:49:02.919 GMT-0500,243.692,243.607,0.0075,0.02
18.03.2020 08:49:04.165 GMT-0500,243.442,243.368,0.02,0.02
18.03.2020 08:49:04.215 GMT-0500,243.352,243.308,0.02,0.02
18.03.2020 08:49:10.131 GMT-0500,243.49200000000002,243.417,0.0075,0.02
18.03.2020 08:49:10.189 GMT-0500,243.493,243.408,0.02,0.0075
18.03.2020 08:49:10.244 GMT-0500,243.493,243.418,0.02,0.0075
18.03.2020 08:49:10.344 GMT-0500,243.563,243.467,0.02,0.02
18.03.2020 08:49:10.666 GMT-0500,243.643,243.54700000000003,0.02,0.02
18.03.2020 08:49:10.824 GMT-0500,243.64200000000002,243.567,0.0075,0.0075
18.03.2020 08:49:10.875 GMT-0500,243.64200000000002,243.54700000000003,0.0075,0.02
18.03.2020 08:49:10.974 GMT-0500,243.64200000000002,243.558,0.02,0.0075
18.03.2020 08:49:11.175 GMT-0500,243.68200000000002,243.607,0.0075,0.02
18.03.2020 08:49:13.262 GMT-0500,243.743,243.648,0.02,0.0075
18.03.2020 08:49:13.470 GMT-0500,243.763,243.667,0.02,0.02
18.03.2020 08:49:13.920 GMT-0500,243.763,243.667,0.02,0.02
18.03.2020 08:49:14.353 GMT-0500,243.752,243.657,0.0075,0.0075
18.03.2020 08:49:17.253 GMT-0500,243.433,243.33700000000002,0.02,0.02
18.03.2020 08:49:18.844 GMT-0500,243.493,243.398,0.02,0.0075
18.03.2020 08:49:19.940 GMT-0500,243.472,243.407,0.0075,0.02
18.03.2020 08:49:19.990 GMT-0500,243.542,243.447,0.0075,0.02
18.03.2020 08:49:20.295 GMT-0500,243.572,243.537,0.0075,0.0075
18.03.2020 08:49:20.346 GMT-0500,243.602,243.537,0.0075,0.02
18.03.2020 08:49:20.889 GMT-0500,243.71200000000002,243.638,0.02,0.02
18.03.2020 08:49:27.650 GMT-0500,243.643,243.54700000000003,0.02,0.02
18.03.2020 08:49:27.844 GMT-0500,243.643,243.548,0.0075,0.0075
18.03.2020 08:49:28.362 GMT-0500,243.452,243.358,0.02,0.02
18.03.2020 08:49:28.637 GMT-0500,243.342,243.298,0.02,0.02
18.03.2020 08:49:28.688 GMT-0500,243.333,243.247,0.02,0.02
18.03.2020 08:49:28.957 GMT-0500,243.452,243.358,0.02,0.02
18.03.2020 08:49:30.623 GMT-0500,243.593,243.508,0.02,0.0075
18.03.2020 08:49:30.700 GMT-0500,243.58200000000002,243.508,0.0075,0.02
18.03.2020 08:49:32.637 GMT-0500,243.673,243.577,0.02,0.02
18.03.2020 08:49:32.758 GMT-0500,243.673,243.577,0.02,0.02
18.03.2020 08:49:32.859 GMT-0500,243.633,243.58700000000002,0.02,0.02
18.03.2020 08:49:32.910 GMT-0500,243.633,243.538,0.02,0.0075
18.03.2020 08:49:33.921 GMT-0500,243.632,243.538,0.02,0.02
18.03.2020 08:49:34.437 GMT-0500,243.622,243.538,0.02,0.02
18.03.2020 08:49:34.557 GMT-0500,243.61200000000002,243.538,0.0075,0.02
18.03.2020 08:49:34.969 GMT-0500,243.61200000000002,243.51700000000002,0.0075,0.0075
18.03.2020 08:49:35.824 GMT-0500,243.503,243.407,0.0075,0.02
18.03.2020 08:49:36.045 GMT-0500,243.412,243.317,0.0075,0.02
18.03.2020 08:49:36.096 GMT-0500,243.403,243.317,0.02,0.02
18.03.2020 08:49:36.160 GMT-0500,243.403,243.308,0.02,0.0075
18.03.2020 08:49:36.963 GMT-0500,243.40200000000002,243.31799999999998,0.0075,0.0075
18.03.2020 08:49:38.186 GMT-0500,243.512,243.42700000000002,0.0075,0.02
18.03.2020 08:49:40.793 GMT-0500,243.683,243.607,0.02,0.02
18.03.2020 08:49:41.152 GMT-0500,243.65200000000002,243.567,0.0075,0.02
18.03.2020 08:49:42.753 GMT-0500,243.622,243.54700000000003,0.0075,0.02
18.03.2020 08:49:43.151 GMT-0500,243.523,243.438,0.02,0.0075
18.03.2020 08:49:44.201 GMT-0500,243.30200000000002,243.208,0.02,0.02
18.03.2020 08:49:44.254 GMT-0500,243.30200000000002,243.257,0.0075,0.0075
18.03.2020 08:49:46.212 GMT-0500,243.493,243.398,0.02,0.0075
18.03.2020 08:49:48.621 GMT-0500,243.452,243.36700000000002,0.0075,0.02
18.03.2020 08:49:49.444 GMT-0500,243.232,243.138,0.02,0.02
18.03.2020 08:49:50.074 GMT-0500,243.202,243.118,0.02,0.02
18.03.2020 08:49:50.252 GMT-0500,243.18200000000002,243.11700000000002,0.0075,0.02
18.03.2020 08:49:50.302 GMT-0500,243.202,243.11700000000002,0.0075,0.02
18.03.2020 08:49:50.762 GMT-0500,243.18200000000002,243.08700000000002,0.0075,0.02
18.03.2020 08:49:50.863 GMT-0500,243.17200000000003,243.08700000000002,0.0075,0.02
18.03.2020 08:49:51.106 GMT-0500,243.153,243.06799999999998,0.02,0.0075
18.03.2020 08:49:51.178 GMT-0500,243.15200000000002,243.06799999999998,0.02,0.02
18.03.2020 08:49:51.279 GMT-0500,243.14200000000002,243.067,0.0075,0.02
18.03.2020 08:49:51.599 GMT-0500,243.073,243.037,0.0075,0.0075
18.03.2020 08:49:51.650 GMT-0500,243.183,243.097,0.02,0.02
18.03.2020 08:49:51.885 GMT-0500,243.162,243.077,0.0075,0.02
18.03.2020 08:49:52.197 GMT-0500,243.17200000000003,243.078,0.02,0.02
18.03.2020 08:49:52.302 GMT-0500,243.163,243.078,0.02,0.0075
18.03.2020 08:49:52.547 GMT-0500,243.163,243.08700000000002,0.0075,0.0075
18.03.2020 08:49:52.597 GMT-0500,243.17200000000003,243.088,0.02,0.02
18.03.2020 08:49:52.648 GMT-0500,243.162,243.077,0.0075,0.02
18.03.2020 08:49:52.775 GMT-0500,243.11200000000002,243.018,0.02,0.02
18.03.2020 08:49:52.876 GMT-0500,243.102,243.018,0.02,0.02
18.03.2020 08:49:52.926 GMT-0500,243.11200000000002,243.028,0.02,0.02
18.03.2020 08:49:53.606 GMT-0500,243.073,243.01700000000002,0.02,0.02
18.03.2020 08:49:53.656 GMT-0500,243.023,242.937,0.02,0.02
18.03.2020 08:49:53.757 GMT-0500,243.123,243.02700000000002,0.02,0.02
18.03.2020 08:49:54.137 GMT-0500,243.05200000000002,242.997,0.0075,0.02
18.03.2020 08:49:54.217 GMT-0500,243.05200000000002,242.998,0.02,0.02
18.03.2020 08:49:54.550 GMT-0500,243.113,243.01700000000002,0.0075,0.0075
18.03.2020 08:49:56.895 GMT-0500,243.39200000000002,243.308,0.02,0.02
18.03.2020 08:49:58.239 GMT-0500,243.42200000000003,243.328,0.0075,0.01
18.03.2020 08:49:59.505 GMT-0500,243.512,243.417,0.0075,0.02
18.03.2020 08:50:02.154 GMT-0500,243.203,243.107,0.02,0.02
18.03.2020 08:50:02.363 GMT-0500,243.202,243.107,0.0075,0.02
18.03.2020 08:50:02.529 GMT-0500,243.202,243.108,0.02,0.0075
18.03.2020 08:50:02.951 GMT-0500,243.14200000000002,243.05700000000002,0.0075,0.02
18.03.2020 08:50:07.915 GMT-0500,243.203,243.108,0.02,0.0075
18.03.2020 08:50:11.802 GMT-0500,243.21200000000002,243.128,0.02,0.02
18.03.2020 08:50:13.217 GMT-0500,243.512,243.448,0.02,0.02
18.03.2020 08:50:13.268 GMT-0500,243.543,243.447,0.02,0.02
18.03.2020 08:50:13.494 GMT-0500,243.542,243.458,0.02,0.02
18.03.2020 08:50:13.981 GMT-0500,243.543,243.448,0.02,0.0075
18.03.2020 08:50:14.121 GMT-0500,243.543,243.448,0.02,0.0075
18.03.2020 08:50:14.720 GMT-0500,243.633,243.537,0.02,0.02
18.03.2020 08:50:14.839 GMT-0500,243.632,243.537,0.0075,0.02
18.03.2020 08:50:15.979 GMT-0500,243.503,243.408,0.02,0.0075
18.03.2020 08:50:16.914 GMT-0500,243.72299999999998,243.628,0.02,0.0075
18.03.2020 08:50:21.601 GMT-0500,243.92200000000003,243.84799999999998,0.02,0.02
18.03.2020 08:50:23.033 GMT-0500,244.043,244.01500000000001,0.0075,0.0075
18.03.2020 08:50:23.084 GMT-0500,244.033,243.938,0.02,0.0075
18.03.2020 08:50:23.295 GMT-0500,244.02200000000002,243.92700000000002,0.0075,0.02
18.03.2020 08:50:23.346 GMT-0500,244.063,243.977,0.02,0.02
18.03.2020 08:50:23.496 GMT-0500,244.063,243.968,0.02,0.0075
18.03.2020 08:50:23.597 GMT-0500,244.062,243.967,0.0075,0.02
18.03.2020 08:50:23.712 GMT-0500,244.063,243.977,0.0075,0.0075
18.03.2020 08:50:23.967 GMT-0500,244.173,244.078,0.02,0.0075
18.03.2020 08:50:25.596 GMT-0500,244.063,243.997,0.02,0.0075
18.03.2020 08:50:25.850 GMT-0500,243.963,243.877,0.02,0.02
18.03.2020 08:50:26.082 GMT-0500,243.963,243.878,0.0075,0.0075
18.03.2020 08:50:26.249 GMT-0500,244.012,243.95700000000002,0.0075,0.0075
18.03.2020 08:50:26.300 GMT-0500,244.05200000000002,243.95700000000002,0.0075,0.02
18.03.2020 08:50:27.481 GMT-0500,244.303,244.218,0.02,0.0075
18.03.2020 08:50:27.598 GMT-0500,244.30200000000002,244.23700000000002,0.0075,0.0075
18.03.2020 08:50:30.598 GMT-0500,244.368,244.358,0.0075,0.0075
18.03.2020 08:50:31.951 GMT-0500,244.083,243.998,0.02,0.0075
18.03.2020 08:50:37.227 GMT-0500,243.563,243.488,0.02,0.0075
18.03.2020 08:50:37.399 GMT-0500,243.573,243.48700000000002,0.02,0.02
18.03.2020 08:50:37.813 GMT-0500,243.543,243.508,0.0075,0.0075
18.03.2020 08:50:42.411 GMT-0500,243.613,243.537,0.0075,0.0075
18.03.2020 08:50:47.478 GMT-0500,243.86200000000002,243.778,0.02,0.02
18.03.2020 08:50:47.543 GMT-0500,243.86200000000002,243.778,0.02,0.02
18.03.2020 08:50:47.647 GMT-0500,243.863,243.778,0.02,0.0075
18.03.2020 08:50:47.698 GMT-0500,243.86200000000002,243.787,0.0075,0.02
18.03.2020 08:50:47.748 GMT-0500,243.86200000000002,243.77700000000002,0.0075,0.02
18.03.2020 08:50:47.980 GMT-0500,243.912,243.858,0.02,0.02
18.03.2020 08:50:48.260 GMT-0500,243.822,243.728,0.02,0.02
18.03.2020 08:51:01.245 GMT-0500,243.483,243.388,0.0075,0.0075
18.03.2020 08:51:01.396 GMT-0500,243.49200000000002,243.398,0.02,0.02
18.03.2020 08:51:01.679 GMT-0500,243.49200000000002,243.39700000000002,0.0075,0.0075
18.03.2020 08:51:02.413 GMT-0500,243.513,243.437,0.0075,0.0075
18.03.2020 08:51:02.865 GMT-0500,243.613,243.558,0.02,0.0075
18.03.2020 08:51:08.102 GMT-0500,243.823,243.747,0.0075,0.0075
18.03.2020 08:51:12.293 GMT-0500,243.92200000000003,243.827,0.0075,0.02
18.03.2020 08:51:12.566 GMT-0500,243.94299999999998,243.898,0.02,0.0075
18.03.2020 08:51:19.756 GMT-0500,243.64200000000002,243.567,0.0075,0.0075
18.03.2020 08:51:19.807 GMT-0500,243.653,243.567,0.02,0.02
18.03.2020 08:51:20.224 GMT-0500,243.893,243.808,0.02,0.0075
18.03.2020 08:51:20.293 GMT-0500,243.852,243.808,0.0075,0.0075
18.03.2020 08:51:23.912 GMT-0500,243.472,243.388,0.02,0.02
18.03.2020 08:51:24.252 GMT-0500,243.39200000000002,243.317,0.0075,0.02
18.03.2020 08:51:28.729 GMT-0500,243.282,243.198,0.02,0.02
18.03.2020 08:51:29.001 GMT-0500,243.24200000000002,243.208,0.02,0.02
18.03.2020 08:51:30.942 GMT-0500,243.47299999999998,243.378,0.02,0.0075
18.03.2020 08:51:31.120 GMT-0500,243.382,243.377,0.0075,0.0075
18.03.2020 08:51:31.171 GMT-0500,243.453,243.378,0.02,0.0075
18.03.2020 08:51:32.410 GMT-0500,243.47299999999998,243.46,0.0075,0.0075
18.03.2020 08:51:35.443 GMT-0500,243.263,243.178,0.02,0.0075
18.03.2020 08:51:35.882 GMT-0500,243.353,243.258,0.02,0.0075
18.03.2020 08:51:37.835 GMT-0500,243.232,243.138,0.0075,0.02
18.03.2020 08:51:37.968 GMT-0500,243.232,243.138,0.0075,0.02
18.03.2020 08:51:38.076 GMT-0500,243.232,243.167,0.0075,0.0075
18.03.2020 08:51:38.129 GMT-0500,243.363,243.26700000000002,0.02,0.02
18.03.2020 08:51:38.230 GMT-0500,243.343,243.268,0.02,0.0075
18.03.2020 08:51:39.296 GMT-0500,243.122,243.038,0.02,0.02
18.03.2020 08:51:39.672 GMT-0500,243.092,243.037,0.0075,0.02
18.03.2020 08:51:41.363 GMT-0500,243.453,243.36700000000002,0.02,0.02
18.03.2020 08:51:41.414 GMT-0500,243.412,243.327,0.0075,0.02
18.03.2020 08:51:43.093 GMT-0500,243.083,242.988,0.02,0.0075
18.03.2020 08:51:43.195 GMT-0500,243.032,242.938,0.02,0.02
18.03.2020 08:51:44.209 GMT-0500,243.163,243.078,0.02,0.0075
18.03.2020 08:51:44.573 GMT-0500,243.22299999999998,243.127,0.02,0.02
18.03.2020 08:51:45.234 GMT-0500,243.162,243.077,0.0075,0.02
18.03.2020 08:51:45.606 GMT-0500,243.043,242.958,0.0075,0.0075
18.03.2020 08:51:45.876 GMT-0500,243.043,242.948,0.02,0.0075
18.03.2020 08:51:45.978 GMT-0500,242.993,242.898,0.0075,0.0075
18.03.2020 08:51:46.179 GMT-0500,242.96200000000002,242.86700000000002,0.0075,0.02
18.03.2020 08:51:46.283 GMT-0500,243.032,242.937,0.0075,0.02
18.03.2020 08:51:46.450 GMT-0500,243.033,242.937,0.02,0.02
18.03.2020 08:51:46.596 GMT-0500,243.02200000000002,242.95700000000002,0.0075,0.02
18.03.2020 08:51:46.848 GMT-0500,242.983,242.938,0.0075,0.0075
18.03.2020 08:51:46.949 GMT-0500,243.043,242.948,0.02,0.0075
18.03.2020 08:51:47.643 GMT-0500,243.143,243.048,0.0075,0.0075
18.03.2020 08:51:50.735 GMT-0500,243.453,243.358,0.02,0.0075
18.03.2020 08:51:51.321 GMT-0500,243.39200000000002,243.308,0.02,0.02
18.03.2020 08:51:51.955 GMT-0500,243.403,243.30700000000002,0.0075,0.02
18.03.2020 08:51:53.270 GMT-0500,243.243,243.167,0.02,0.02
18.03.2020 08:51:53.535 GMT-0500,243.243,243.197,0.0075,0.0075
18.03.2020 08:51:53.586 GMT-0500,243.293,243.208,0.02,0.0075
18.03.2020 08:51:55.638 GMT-0500,243.373,243.278,0.02,0.0075
18.03.2020 08:51:55.970 GMT-0500,243.373,243.33700000000002,0.0075,0.0075
18.03.2020 08:51:57.298 GMT-0500,243.372,243.27700000000002,0.02,0.02
18.03.2020 08:51:57.399 GMT-0500,243.372,243.27700000000002,0.0075,0.02
18.03.2020 08:51:57.917 GMT-0500,243.373,243.27700000000002,0.02,0.02
18.03.2020 08:51:58.989 GMT-0500,243.252,243.168,0.0075,0.02
18.03.2020 08:51:59.090 GMT-0500,243.263,243.168,0.02,0.0075
18.03.2020 08:51:59.195 GMT-0500,243.263,243.188,0.02,0.0075
18.03.2020 08:51:59.656 GMT-0500,243.493,243.407,0.02,0.02
18.03.2020 08:52:00.211 GMT-0500,243.483,243.388,0.02,0.0075
18.03.2020 08:52:00.498 GMT-0500,243.482,243.387,0.0075,0.02
18.03.2020 08:52:00.889 GMT-0500,243.49200000000002,243.448,0.02,0.02
18.03.2020 08:52:01.003 GMT-0500,243.49200000000002,243.467,0.0075,0.02
18.03.2020 08:52:01.053 GMT-0500,243.55200000000002,243.467,0.0075,0.02
18.03.2020 08:52:02.092 GMT-0500,243.562,243.478,0.02,0.0075
18.03.2020 08:52:02.285 GMT-0500,243.563,243.477,0.02,0.02
18.03.2020 08:52:02.393 GMT-0500,243.573,243.488,0.02,0.0075
18.03.2020 08:52:02.494 GMT-0500,243.69299999999998,243.607,0.02,0.02
18.03.2020 08:52:02.601 GMT-0500,243.61200000000002,243.54700000000003,0.0075,0.02
18.03.2020 08:52:03.981 GMT-0500,243.813,243.718,0.02,0.0075
18.03.2020 08:52:05.210 GMT-0500,243.872,243.778,0.02,0.02
18.03.2020 08:52:05.520 GMT-0500,243.863,243.768,0.02,0.0075
18.03.2020 08:52:06.186 GMT-0500,243.873,243.787,0.02,0.02
18.03.2020 08:52:06.406 GMT-0500,243.872,243.77700000000002,0.0075,0.02
18.03.2020 08:52:06.582 GMT-0500,243.872,243.788,0.02,0.0075
18.03.2020 08:52:06.726 GMT-0500,243.872,243.828,0.0075,0.0075
18.03.2020 08:52:06.776 GMT-0500,243.90200000000002,243.84799999999998,0.02,0.02
18.03.2020 08:52:06.877 GMT-0500,243.912,243.86700000000002,0.0075,0.02
18.03.2020 08:52:06.927 GMT-0500,243.903,243.86700000000002,0.02,0.02
18.03.2020 08:52:07.072 GMT-0500,243.893,243.817,0.02,0.02
18.03.2020 08:52:07.559 GMT-0500,243.893,243.838,0.02,0.0075
18.03.2020 08:52:07.610 GMT-0500,243.893,243.827,0.02,0.02
18.03.2020 08:52:07.660 GMT-0500,243.893,243.838,0.02,0.0075
18.03.2020 08:52:08.170 GMT-0500,243.93200000000002,243.838,0.02,0.02
18.03.2020 08:52:08.285 GMT-0500,243.933,243.83700000000002,0.02,0.02
18.03.2020 08:52:08.399 GMT-0500,243.923,243.83700000000002,0.0075,0.02
18.03.2020 08:52:08.450 GMT-0500,243.93200000000002,243.83700000000002,0.0075,0.02
18.03.2020 08:52:08.545 GMT-0500,243.93200000000002,243.83700000000002,0.02,0.02
18.03.2020 08:52:08.649 GMT-0500,243.913,243.83700000000002,0.02,0.0075
18.03.2020 08:52:08.828 GMT-0500,243.913,243.83700000000002,0.02,0.0075
18.03.2020 08:52:08.878 GMT-0500,243.933,243.84799999999998,0.02,0.0075
18.03.2020 08:52:09.010 GMT-0500,243.833,243.758,0.02,0.0075
18.03.2020 08:52:09.228 GMT-0500,243.673,243.577,0.02,0.02
18.03.2020 08:52:09.429 GMT-0500,243.842,243.788,0.02,0.02
18.03.2020 08:52:09.563 GMT-0500,243.853,243.787,0.02,0.02
18.03.2020 08:52:09.814 GMT-0500,243.93200000000002,243.847,0.0075,0.02
18.03.2020 08:52:11.523 GMT-0500,243.913,243.878,0.0075,0.0075
18.03.2020 08:52:11.624 GMT-0500,243.942,243.878,0.02,0.02
18.03.2020 08:52:12.540 GMT-0500,243.912,243.81799999999998,0.02,0.02
18.03.2020 08:52:14.238 GMT-0500,244.002,243.907,0.0075,0.02
18.03.2020 08:52:14.289 GMT-0500,244.002,243.958,0.02,0.02
18.03.2020 08:52:14.537 GMT-0500,244.002,243.958,0.02,0.02
18.03.2020 08:52:14.810 GMT-0500,244.003,243.967,0.02,0.02
18.03.2020 08:52:14.860 GMT-0500,244.073,243.978,0.02,0.0075
18.03.2020 08:52:14.911 GMT-0500,244.042,243.968,0.02,0.02
18.03.2020 08:52:15.461 GMT-0500,244.093,244.007,0.02,0.02
18.03.2020 08:52:15.621 GMT-0500,244.093,244.01700000000002,0.02,0.0075
18.03.2020 08:52:15.722 GMT-0500,244.15200000000002,244.05700000000002,0.0075,0.02
18.03.2020 08:52:16.346 GMT-0500,244.14200000000002,244.058,0.02,0.02
18.03.2020 08:52:16.538 GMT-0500,244.15200000000002,244.058,0.02,0.02
18.03.2020 08:52:16.638 GMT-0500,244.233,244.138,0.02,0.0075
18.03.2020 08:52:17.401 GMT-0500,244.203,244.107,0.02,0.02
18.03.2020 08:52:17.722 GMT-0500,244.233,244.157,0.02,0.02
18.03.2020 08:52:17.823 GMT-0500,244.232,244.157,0.0075,0.02
18.03.2020 08:52:20.777 GMT-0500,243.753,243.667,0.02,0.02
18.03.2020 08:52:21.201 GMT-0500,243.69299999999998,243.597,0.02,0.02
18.03.2020 08:52:21.971 GMT-0500,243.842,243.758,0.02,0.0075
18.03.2020 08:52:22.755 GMT-0500,243.83200000000002,243.798,0.02,0.02
18.03.2020 08:52:25.686 GMT-0500,243.793,243.70700000000002,0.02,0.02
18.03.2020 08:52:25.803 GMT-0500,243.822,243.768,0.0075,0.0075
18.03.2020 08:52:26.015 GMT-0500,243.86200000000002,243.76700000000002,0.0075,0.02
18.03.2020 08:52:26.310 GMT-0500,243.972,243.887,0.0075,0.02
18.03.2020 08:52:26.511 GMT-0500,243.983,243.89700000000002,0.02,0.02
18.03.2020 08:52:26.562 GMT-0500,243.99200000000002,243.898,0.02,0.02
18.03.2020 08:52:26.632 GMT-0500,243.933,243.898,0.0075,0.0075
18.03.2020 08:52:27.201 GMT-0500,243.93200000000002,243.838,0.02,0.02
18.03.2020 08:52:28.401 GMT-0500,244.143,244.058,0.02,0.0075
18.03.2020 08:52:29.225 GMT-0500,244.063,243.978,0.02,0.0075
18.03.2020 08:52:29.438 GMT-0500,244.08200000000002,243.988,0.0075,0.0075
18.03.2020 08:52:31.408 GMT-0500,244.093,244.008,0.02,0.0075
18.03.2020 08:52:32.555 GMT-0500,244.232,244.137,0.0075,0.02
18.03.2020 08:52:33.593 GMT-0500,244.043,243.968,0.02,0.0075
18.03.2020 08:52:35.448 GMT-0500,244.183,244.08700000000002,0.02,0.02
18.03.2020 08:52:35.601 GMT-0500,244.18200000000002,244.118,0.02,0.02
18.03.2020 08:52:37.543 GMT-0500,244.18200000000002,244.088,0.02,0.02
18.03.2020 08:52:38.240 GMT-0500,244.30200000000002,244.208,0.0075,0.0075
18.03.2020 08:52:38.341 GMT-0500,244.353,244.268,0.02,0.0075
18.03.2020 08:52:38.441 GMT-0500,244.353,244.26700000000002,0.02,0.02
18.03.2020 08:52:39.021 GMT-0500,244.353,244.257,0.02,0.02
18.03.2020 08:52:39.768 GMT-0500,244.22299999999998,244.127,0.02,0.02
18.03.2020 08:52:39.913 GMT-0500,244.263,244.17700000000002,0.02,0.02
18.03.2020 08:52:41.182 GMT-0500,244.233,244.138,0.02,0.0075
18.03.2020 08:52:42.543 GMT-0500,244.042,243.958,0.02,0.02
18.03.2020 08:52:43.569 GMT-0500,244.093,243.997,0.02,0.02
18.03.2020 08:52:43.815 GMT-0500,244.113,244.01700000000002,0.02,0.02
18.03.2020 08:52:44.331 GMT-0500,244.203,244.118,0.02,0.0075
18.03.2020 08:52:44.431 GMT-0500,244.102,244.007,0.0075,0.02
18.03.2020 08:52:44.650 GMT-0500,244.102,244.007,0.0075,0.0075
18.03.2020 08:52:45.510 GMT-0500,244.003,243.928,0.02,0.0075
18.03.2020 08:52:47.210 GMT-0500,244.143,244.06799999999998,0.0075,0.0075
18.03.2020 08:52:47.310 GMT-0500,244.14200000000002,244.05700000000002,0.0075,0.02
18.03.2020 08:52:47.534 GMT-0500,244.093,244.01700000000002,0.02,0.02
18.03.2020 08:52:47.766 GMT-0500,244.163,244.09799999999998,0.02,0.0075
18.03.2020 08:52:47.817 GMT-0500,244.163,244.077,0.02,0.02
18.03.2020 08:52:47.886 GMT-0500,244.162,244.077,0.0075,0.02
18.03.2020 08:52:47.937 GMT-0500,244.162,244.077,0.0075,0.02
18.03.2020 08:52:48.543 GMT-0500,244.263,244.168,0.0075,0.0075
18.03.2020 08:52:48.644 GMT-0500,244.243,244.167,0.02,0.02
18.03.2020 08:52:49.037 GMT-0500,244.282,244.187,0.0075,0.0075
18.03.2020 08:52:49.189 GMT-0500,244.232,244.137,0.0075,0.02
18.03.2020 08:52:51.245 GMT-0500,244.30200000000002,244.228,0.0075,0.02
18.03.2020 08:52:51.632 GMT-0500,244.292,244.228,0.0075,0.02
18.03.2020 08:52:51.732 GMT-0500,244.313,244.228,0.02,0.0075
18.03.2020 08:52:51.926 GMT-0500,244.263,244.178,0.02,0.0075
18.03.2020 08:52:52.097 GMT-0500,244.263,244.17700000000002,0.02,0.02
18.03.2020 08:52:52.827 GMT-0500,244.313,244.247,0.02,0.0075
18.03.2020 08:52:53.040 GMT-0500,244.363,244.26700000000002,0.02,0.0075
18.03.2020 08:52:53.194 GMT-0500,244.363,244.26700000000002,0.02,0.02
18.03.2020 08:52:53.279 GMT-0500,244.363,244.27700000000002,0.02,0.0075
18.03.2020 08:52:53.560 GMT-0500,244.363,244.268,0.02,0.02
18.03.2020 08:52:53.610 GMT-0500,244.36200000000002,244.268,0.02,0.02
18.03.2020 08:52:53.700 GMT-0500,244.342,244.268,0.0075,0.0075
18.03.2020 08:52:53.751 GMT-0500,244.342,244.258,0.02,0.02
18.03.2020 08:52:54.064 GMT-0500,244.263,244.17700000000002,0.02,0.02
18.03.2020 08:53:00.896 GMT-0500,244.14200000000002,244.06799999999998,0.0075,0.0075
18.03.2020 08:53:01.583 GMT-0500,244.233,244.14700000000002,0.02,0.02
18.03.2020 08:53:01.688 GMT-0500,244.282,244.187,0.0075,0.02
18.03.2020 08:53:02.315 GMT-0500,244.282,244.217,0.0075,0.02
18.03.2020 08:53:04.610 GMT-0500,244.122,244.028,0.0075,0.02
18.03.2020 08:53:04.772 GMT-0500,244.143,244.11700000000002,0.02,0.02
18.03.2020 08:53:04.873 GMT-0500,244.133,244.058,0.02,0.0075
18.03.2020 08:53:05.072 GMT-0500,244.15200000000002,244.128,0.02,0.02
18.03.2020 08:53:05.716 GMT-0500,244.14200000000002,244.08700000000002,0.0075,0.0075
18.03.2020 08:53:07.128 GMT-0500,244.023,243.928,0.02,0.0075
18.03.2020 08:53:09.900 GMT-0500,244.11200000000002,244.018,0.0075,0.0075
18.03.2020 08:53:11.336 GMT-0500,244.132,244.048,0.02,0.02
18.03.2020 08:53:16.232 GMT-0500,243.913,243.887,0.0075,0.0075
18.03.2020 08:53:17.201 GMT-0500,243.553,243.467,0.02,0.02
18.03.2020 08:53:21.252 GMT-0500,243.71200000000002,243.627,0.0075,0.02
18.03.2020 08:53:21.303 GMT-0500,243.713,243.61700000000002,0.02,0.02
18.03.2020 08:53:21.365 GMT-0500,243.713,243.627,0.02,0.0075
18.03.2020 08:53:21.415 GMT-0500,243.71200000000002,243.61700000000002,0.0075,0.02
18.03.2020 08:53:21.475 GMT-0500,243.71200000000002,243.628,0.02,0.0075
18.03.2020 08:53:21.870 GMT-0500,243.663,243.628,0.0075,0.0075
18.03.2020 08:53:21.921 GMT-0500,243.483,243.388,0.02,0.0075
18.03.2020 08:53:22.248 GMT-0500,243.782,243.687,0.0075,0.02
18.03.2020 08:53:28.990 GMT-0500,243.923,243.847,0.02,0.02
18.03.2020 08:53:29.615 GMT-0500,244.05200000000002,243.988,0.02,0.02
18.03.2020 08:53:30.256 GMT-0500,244.053,243.977,0.0075,0.0075
18.03.2020 08:53:36.364 GMT-0500,243.793,243.758,0.0075,0.0075
18.03.2020 08:53:36.465 GMT-0500,243.913,243.81799999999998,0.02,0.0075
18.03.2020 08:53:36.673 GMT-0500,243.913,243.827,0.0075,0.0075
18.03.2020 08:53:36.723 GMT-0500,243.92200000000003,243.827,0.0075,0.02
18.03.2020 08:53:36.812 GMT-0500,243.923,243.917,0.0075,0.0075
18.03.2020 08:53:36.953 GMT-0500,244.023,243.92700000000002,0.0075,0.0075
18.03.2020 08:53:38.566 GMT-0500,244.042,243.948,0.0075,0.0075
18.03.2020 08:53:40.634 GMT-0500,244.232,244.198,0.0075,0.0075
18.03.2020 08:53:41.145 GMT-0500,244.132,244.048,0.02,0.02
18.03.2020 08:53:41.616 GMT-0500,243.96200000000002,243.887,0.0075,0.02
18.03.2020 08:53:45.407 GMT-0500,244.002,243.907,0.0075,0.02
18.03.2020 08:53:45.634 GMT-0500,244.002,243.947,0.0075,0.0075
18.03.2020 08:53:46.389 GMT-0500,244.18200000000002,244.088,0.02,0.02
18.03.2020 08:53:46.950 GMT-0500,244.19299999999998,244.09799999999998,0.02,0.0075
18.03.2020 08:53:47.051 GMT-0500,244.282,244.20700000000002,0.0075,0.02
18.03.2020 08:53:47.101 GMT-0500,244.283,244.188,0.02,0.0075
18.03.2020 08:53:47.334 GMT-0500,244.283,244.187,0.02,0.02
18.03.2020 08:53:47.435 GMT-0500,244.252,244.188,0.02,0.02
18.03.2020 08:53:47.549 GMT-0500,244.192,244.157,0.0075,0.02
18.03.2020 08:53:48.677 GMT-0500,244.122,244.037,0.0075,0.02
18.03.2020 08:53:48.885 GMT-0500,244.122,244.02700000000002,0.0075,0.02
18.03.2020 08:53:48.997 GMT-0500,244.163,244.06799999999998,0.0075,0.0075
18.03.2020 08:53:50.000 GMT-0500,244.383,244.288,0.0075,0.0075
18.03.2020 08:53:51.639 GMT-0500,244.503,244.408,0.02,0.0075
18.03.2020 08:53:51.854 GMT-0500,244.503,244.408,0.02,0.0075
18.03.2020 08:53:51.904 GMT-0500,244.433,244.34799999999998,0.02,0.0075
18.03.2020 08:53:51.988 GMT-0500,244.433,244.42700000000002,0.0075,0.0075
18.03.2020 08:53:55.480 GMT-0500,244.702,244.637,0.0075,0.02
18.03.2020 08:53:55.531 GMT-0500,244.69299999999998,244.608,0.02,0.0075
18.03.2020 08:53:55.598 GMT-0500,244.69299999999998,244.648,0.0075,0.0075
18.03.2020 08:53:55.998 GMT-0500,244.67200000000003,244.608,0.0075,0.02
18.03.2020 08:54:03.036 GMT-0500,244.333,244.247,0.02,0.02
18.03.2020 08:54:03.499 GMT-0500,244.33200000000002,244.248,0.02,0.02
18.03.2020 08:54:03.945 GMT-0500,244.333,244.247,0.02,0.02
18.03.2020 08:54:04.080 GMT-0500,244.333,244.238,0.02,0.02
18.03.2020 08:54:04.181 GMT-0500,244.333,244.248,0.02,0.0075
18.03.2020 08:54:04.303 GMT-0500,244.333,244.238,0.02,0.0075
18.03.2020 08:54:04.468 GMT-0500,244.33200000000002,244.268,0.02,0.02
18.03.2020 08:54:04.605 GMT-0500,244.333,244.27700000000002,0.02,0.0075
18.03.2020 08:54:04.705 GMT-0500,244.423,244.327,0.02,0.02
18.03.2020 08:54:05.617 GMT-0500,244.33200000000002,244.287,0.0075,0.02
18.03.2020 08:54:05.668 GMT-0500,244.333,244.29700000000003,0.02,0.02
18.03.2020 08:54:06.096 GMT-0500,244.472,244.377,0.0075,0.02
18.03.2020 08:54:06.197 GMT-0500,244.472,244.398,0.02,0.02
18.03.2020 08:54:06.247 GMT-0500,244.423,244.328,0.02,0.0075
18.03.2020 08:54:06.921 GMT-0500,244.55200000000002,244.45700000000002,0.0075,0.02
18.03.2020 08:54:07.633 GMT-0500,244.533,244.447,0.02,0.02
18.03.2020 08:54:07.828 GMT-0500,244.452,244.447,0.0075,0.0075
18.03.2020 08:54:07.878 GMT-0500,244.452,244.358,0.02,0.02
18.03.2020 08:54:08.405 GMT-0500,244.482,244.387,0.0075,0.02
18.03.2020 08:54:09.826 GMT-0500,244.592,244.538,0.02,0.02
18.03.2020 08:54:09.877 GMT-0500,244.593,244.497,0.02,0.02
18.03.2020 08:54:10.181 GMT-0500,244.593,244.497,0.02,0.02
18.03.2020 08:54:10.399 GMT-0500,244.593,244.497,0.02,0.0075
18.03.2020 08:54:10.667 GMT-0500,244.583,244.48700000000002,0.02,0.02
18.03.2020 08:54:10.849 GMT-0500,244.592,244.498,0.02,0.02
18.03.2020 08:54:10.977 GMT-0500,244.593,244.497,0.02,0.02
18.03.2020 08:54:11.155 GMT-0500,244.592,244.498,0.0075,0.02
18.03.2020 08:54:11.661 GMT-0500,244.67200000000003,244.58700000000002,0.0075,0.02
18.03.2020 08:54:11.711 GMT-0500,244.673,244.59799999999998,0.02,0.0075
18.03.2020 08:54:14.885 GMT-0500,244.412,244.34799999999998,0.02,0.02
18.03.2020 08:54:14.936 GMT-0500,244.442,244.34799999999998,0.02,0.02
18.03.2020 08:54:15.080 GMT-0500,244.39200000000002,244.298,0.02,0.02
18.03.2020 08:54:15.586 GMT-0500,244.43200000000002,244.338,0.02,0.02
18.03.2020 08:54:16.583 GMT-0500,244.292,244.23700000000002,0.0075,0.0075
18.03.2020 08:54:16.633 GMT-0500,244.303,244.208,0.02,0.0075
18.03.2020 08:54:17.099 GMT-0500,244.293,244.258,0.02,0.0075
18.03.2020 08:54:17.464 GMT-0500,244.233,244.14700000000002,0.02,0.02
18.03.2020 08:54:17.515 GMT-0500,244.27200000000002,244.187,0.0075,0.02
18.03.2020 08:54:17.887 GMT-0500,244.44299999999998,244.387,0.02,0.02
18.03.2020 08:54:17.937 GMT-0500,244.483,244.39700000000002,0.02,0.02
18.03.2020 08:54:17.988 GMT-0500,244.47299999999998,244.39700000000002,0.02,0.02
18.03.2020 08:54:20.455 GMT-0500,244.232,244.14700000000002,0.0075,0.02
18.03.2020 08:54:20.891 GMT-0500,244.322,244.23700000000002,0.0075,0.02
18.03.2020 08:54:21.575 GMT-0500,244.262,244.167,0.0075,0.02
18.03.2020 08:54:23.897 GMT-0500,244.092,244.007,0.0075,0.02
18.03.2020 08:54:23.948 GMT-0500,244.093,243.997,0.02,0.02
18.03.2020 08:54:24.077 GMT-0500,244.093,243.998,0.02,0.0075
18.03.2020 08:54:24.448 GMT-0500,244.093,244.05700000000002,0.0075,0.0075
18.03.2020 08:54:27.786 GMT-0500,244.102,244.05700000000002,0.0075,0.0075
18.03.2020 08:54:27.839 GMT-0500,244.153,244.058,0.02,0.0075
18.03.2020 08:54:28.078 GMT-0500,244.032,243.937,0.0075,0.02
18.03.2020 08:54:30.002 GMT-0500,244.203,244.128,0.02,0.0075
18.03.2020 08:54:30.370 GMT-0500,244.072,244.01700000000002,0.0075,0.02
18.03.2020 08:54:32.045 GMT-0500,244.023,243.977,0.0075,0.0075
18.03.2020 08:54:32.095 GMT-0500,244.123,244.02700000000002,0.02,0.02
18.03.2020 08:54:32.695 GMT-0500,244.36200000000002,244.288,0.02,0.02
18.03.2020 08:54:32.838 GMT-0500,244.39200000000002,244.327,0.0075,0.02
18.03.2020 08:54:32.991 GMT-0500,244.47299999999998,244.378,0.02,0.0075
18.03.2020 08:54:34.332 GMT-0500,244.412,244.31799999999998,0.02,0.02
18.03.2020 08:54:34.382 GMT-0500,244.433,244.36700000000002,0.02,0.02
18.03.2020 08:54:34.730 GMT-0500,244.352,244.29700000000003,0.0075,0.02
18.03.2020 08:54:34.780 GMT-0500,244.383,244.298,0.02,0.0075
18.03.2020 08:54:34.987 GMT-0500,244.383,244.298,0.02,0.0075
18.03.2020 08:54:35.618 GMT-0500,244.323,244.228,0.02,0.0075
18.03.2020 08:54:35.671 GMT-0500,244.323,244.23700000000002,0.0075,0.0075
18.03.2020 08:54:36.040 GMT-0500,244.322,244.228,0.02,0.02
18.03.2020 08:54:36.141 GMT-0500,244.323,244.227,0.02,0.02
18.03.2020 08:54:36.696 GMT-0500,244.262,244.167,0.0075,0.0075
18.03.2020 08:54:36.897 GMT-0500,244.262,244.167,0.0075,0.02
18.03.2020 08:54:39.490 GMT-0500,244.123,244.038,0.02,0.0075
18.03.2020 08:54:39.738 GMT-0500,244.002,243.908,0.02,0.02
18.03.2020 08:54:40.591 GMT-0500,244.033,244.005,0.0075,0.0075
18.03.2020 08:54:41.110 GMT-0500,244.14200000000002,244.10500000000002,0.0075,0.0075
18.03.2020 08:54:42.802 GMT-0500,244.18200000000002,244.097,0.0075,0.02
18.03.2020 08:54:45.934 GMT-0500,244.093,243.998,0.02,0.0075
18.03.2020 08:54:46.267 GMT-0500,244.093,244.007,0.02,0.0075
18.03.2020 08:54:46.318 GMT-0500,244.133,244.038,0.02,0.0075
18.03.2020 08:54:47.604 GMT-0500,244.053,243.997,0.02,0.02
18.03.2020 08:54:49.143 GMT-0500,244.382,244.298,0.02,0.02
18.03.2020 08:54:49.344 GMT-0500,244.383,244.29700000000003,0.02,0.02
18.03.2020 08:54:49.653 GMT-0500,244.502,244.408,0.02,0.02
18.03.2020 08:54:51.511 GMT-0500,244.542,244.45700000000002,0.0075,0.02
18.03.2020 08:54:51.647 GMT-0500,244.532,244.45700000000002,0.0075,0.02
18.03.2020 08:54:51.698 GMT-0500,244.542,244.45700000000002,0.0075,0.02
18.03.2020 08:54:52.039 GMT-0500,244.55200000000002,244.488,0.02,0.02
18.03.2020 08:54:53.428 GMT-0500,244.673,244.588,0.0075,0.0075
18.03.2020 08:54:53.679 GMT-0500,244.593,244.508,0.02,0.0075
18.03.2020 08:54:55.102 GMT-0500,244.643,244.567,0.02,0.02
18.03.2020 08:54:55.152 GMT-0500,244.643,244.578,0.02,0.0075
18.03.2020 08:54:55.316 GMT-0500,244.732,244.638,0.02,0.02
18.03.2020 08:54:55.532 GMT-0500,244.733,244.637,0.0075,0.02
18.03.2020 08:54:56.112 GMT-0500,244.813,244.718,0.02,0.0075
18.03.2020 08:54:56.877 GMT-0500,244.773,244.678,0.0075,0.0075
18.03.2020 08:54:56.985 GMT-0500,244.773,244.678,0.02,0.0075
18.03.2020 08:54:57.036 GMT-0500,244.663,244.56799999999998,0.02,0.0075
18.03.2020 08:54:57.633 GMT-0500,244.843,244.768,0.02,0.0075
18.03.2020 08:55:00.515 GMT-0500,244.863,244.768,0.02,0.0075
18.03.2020 08:55:00.647 GMT-0500,244.863,244.76700000000002,0.02,0.02
18.03.2020 08:55:03.022 GMT-0500,244.673,244.577,0.02,0.02
18.03.2020 08:55:03.122 GMT-0500,244.662,244.578,0.02,0.02
18.03.2020 08:55:03.261 GMT-0500,244.663,244.59799999999998,0.02,0.0075
18.03.2020 08:55:03.653 GMT-0500,244.622,244.537,0.0075,0.02
18.03.2020 08:55:03.838 GMT-0500,244.622,244.528,0.02,0.02
18.03.2020 08:55:03.949 GMT-0500,244.663,244.56799999999998,0.02,0.0075
18.03.2020 08:55:04.673 GMT-0500,244.83200000000002,244.748,0.02,0.02
18.03.2020 08:55:04.924 GMT-0500,244.872,244.77700000000002,0.0075,0.02
18.03.2020 08:55:05.000 GMT-0500,244.872,244.787,0.0075,0.0075
18.03.2020 08:55:05.596 GMT-0500,244.94299999999998,244.857,0.02,0.02
18.03.2020 08:55:05.903 GMT-0500,244.93200000000002,244.83700000000002,0.0075,0.0075
18.03.2020 08:55:06.227 GMT-0500,245.003,244.918,0.02,0.0075
18.03.2020 08:55:06.277 GMT-0500,245.003,244.908,0.02,0.0075
18.03.2020 08:55:06.428 GMT-0500,244.972,244.898,0.02,0.02
18.03.2020 08:55:06.810 GMT-0500,244.983,244.908,0.02,0.0075
18.03.2020 08:55:07.018 GMT-0500,245.002,244.988,0.02,0.02
18.03.2020 08:55:07.187 GMT-0500,245.02200000000002,244.937,0.0075,0.0075
18.03.2020 08:55:07.287 GMT-0500,245.043,244.948,0.02,0.0075
18.03.2020 08:55:07.388 GMT-0500,245.042,244.947,0.0075,0.02
18.03.2020 08:55:07.950 GMT-0500,245.002,244.907,0.0075,0.02
18.03.2020 08:55:08.256 GMT-0500,245.062,244.978,0.02,0.02
18.03.2020 08:55:08.307 GMT-0500,245.113,245.018,0.02,0.0075
18.03.2020 08:55:08.508 GMT-0500,245.042,244.988,0.02,0.02
18.03.2020 08:55:09.226 GMT-0500,245.122,245.037,0.0075,0.0075
18.03.2020 08:55:09.330 GMT-0500,245.123,245.037,0.02,0.02
18.03.2020 08:55:09.481 GMT-0500,245.123,245.058,0.02,0.0075
18.03.2020 08:55:09.531 GMT-0500,245.133,245.05700000000002,0.02,0.02
18.03.2020 08:55:09.682 GMT-0500,245.253,245.178,0.02,0.0075
18.03.2020 08:55:09.805 GMT-0500,245.252,245.158,0.02,0.02
18.03.2020 08:55:10.289 GMT-0500,245.233,245.158,0.0075,0.0075
18.03.2020 08:55:10.986 GMT-0500,245.372,245.29700000000003,0.0075,0.02
18.03.2020 08:55:11.086 GMT-0500,245.36200000000002,245.317,0.0075,0.02
18.03.2020 08:55:11.484 GMT-0500,245.253,245.167,0.02,0.0075
18.03.2020 08:55:11.587 GMT-0500,245.253,245.198,0.02,0.0075
18.03.2020 08:55:11.738 GMT-0500,245.243,245.14700000000002,0.02,0.02
18.03.2020 08:55:11.904 GMT-0500,245.24200000000002,245.157,0.0075,0.02
18.03.2020 08:55:12.055 GMT-0500,245.233,245.14700000000002,0.02,0.02
18.03.2020 08:55:12.105 GMT-0500,245.232,245.138,0.02,0.02
18.03.2020 08:55:12.314 GMT-0500,245.233,245.138,0.02,0.0075
18.03.2020 08:55:12.365 GMT-0500,245.192,245.107,0.0075,0.02
18.03.2020 08:55:12.753 GMT-0500,245.183,245.107,0.02,0.02
18.03.2020 08:55:12.854 GMT-0500,245.18200000000002,245.088,0.02,0.02
18.03.2020 08:55:13.105 GMT-0500,245.19299999999998,245.108,0.02,0.0075
18.03.2020 08:55:13.155 GMT-0500,245.143,245.067,0.02,0.02
18.03.2020 08:55:15.126 GMT-0500,245.252,245.17700000000002,0.0075,0.0075
18.03.2020 08:55:15.293 GMT-0500,245.103,245.028,0.02,0.0075
18.03.2020 08:55:15.776 GMT-0500,245.132,245.037,0.0075,0.02
18.03.2020 08:55:16.107 GMT-0500,245.18200000000002,245.08700000000002,0.0075,0.02
18.03.2020 08:55:16.469 GMT-0500,245.18200000000002,245.08700000000002,0.0075,0.0075
18.03.2020 08:55:17.414 GMT-0500,245.183,245.088,0.02,0.0075
18.03.2020 08:55:18.666 GMT-0500,245.203,245.108,0.02,0.0075
18.03.2020 08:55:19.518 GMT-0500,245.253,245.158,0.0075,0.0075
18.03.2020 08:55:21.159 GMT-0500,245.22299999999998,245.137,0.02,0.02
18.03.2020 08:55:21.314 GMT-0500,245.11200000000002,245.028,0.02,0.02
18.03.2020 08:55:21.364 GMT-0500,245.123,245.028,0.02,0.0075
18.03.2020 08:55:21.415 GMT-0500,245.122,245.048,0.02,0.02
18.03.2020 08:55:21.465 GMT-0500,245.123,245.02700000000002,0.02,0.02
18.03.2020 08:55:21.515 GMT-0500,245.122,245.038,0.02,0.02
18.03.2020 08:55:23.295 GMT-0500,245.132,245.058,0.02,0.02
18.03.2020 08:55:23.396 GMT-0500,245.183,245.09799999999998,0.02,0.0075
18.03.2020 08:55:23.547 GMT-0500,245.153,245.05700000000002,0.02,0.02
18.03.2020 08:55:24.630 GMT-0500,245.373,245.308,0.02,0.0075
18.03.2020 08:55:25.974 GMT-0500,245.372,245.27700000000002,0.0075,0.02
18.03.2020 08:55:26.065 GMT-0500,245.372,245.288,0.02,0.0075
18.03.2020 08:55:26.116 GMT-0500,245.373,245.278,0.02,0.0075
18.03.2020 08:55:26.593 GMT-0500,245.363,245.268,0.02,0.0075
18.03.2020 08:55:26.844 GMT-0500,245.363,245.26700000000002,0.02,0.02
18.03.2020 08:55:28.616 GMT-0500,245.763,245.678,0.02,0.0075
18.03.2020 08:55:28.872 GMT-0500,245.763,245.67700000000002,0.02,0.02
18.03.2020 08:55:28.923 GMT-0500,245.762,245.687,0.0075,0.02
18.03.2020 08:55:29.199 GMT-0500,245.753,245.67700000000002,0.02,0.02
18.03.2020 08:55:30.208 GMT-0500,245.413,245.31799999999998,0.02,0.0075
18.03.2020 08:55:30.372 GMT-0500,245.412,245.31799999999998,0.02,0.02
18.03.2020 08:55:31.075 GMT-0500,245.423,245.347,0.02,0.02
18.03.2020 08:55:31.288 GMT-0500,245.263,245.178,0.02,0.0075
18.03.2020 08:55:31.390 GMT-0500,245.24200000000002,245.157,0.0075,0.02
18.03.2020 08:55:31.542 GMT-0500,245.27200000000002,245.20700000000002,0.0075,0.02
18.03.2020 08:55:31.592 GMT-0500,245.293,245.217,0.02,0.02
18.03.2020 08:55:31.648 GMT-0500,245.293,245.228,0.02,0.0075
18.03.2020 08:55:36.784 GMT-0500,245.043,244.967,0.0075,0.02
18.03.2020 08:55:39.762 GMT-0500,244.813,244.718,0.02,0.0075
18.03.2020 08:55:48.395 GMT-0500,244.782,244.697,0.0075,0.02
18.03.2020 08:55:49.608 GMT-0500,244.83200000000002,244.738,0.0075,0.02
18.03.2020 08:55:50.117 GMT-0500,244.763,244.67700000000002,0.02,0.02
18.03.2020 08:55:53.717 GMT-0500,244.532,244.458,0.02,0.02
18.03.2020 08:56:05.948 GMT-0500,244.44299999999998,244.36700000000002,0.02,0.02
18.03.2020 08:56:06.081 GMT-0500,244.40200000000002,244.365,0.0075,0.0075
18.03.2020 08:56:06.723 GMT-0500,244.562,244.467,0.0075,0.02
18.03.2020 08:56:06.870 GMT-0500,244.562,244.467,0.0075,0.0075
18.03.2020 08:56:07.353 GMT-0500,244.572,244.51700000000002,0.0075,0.0075
18.03.2020 08:56:13.009 GMT-0500,244.338,244.31799999999998,0.0075,0.0075
18.03.2020 08:56:14.279 GMT-0500,244.092,243.998,0.02,0.02
18.03.2020 08:56:14.830 GMT-0500,243.92200000000003,243.83700000000002,0.0075,0.02
18.03.2020 08:56:16.366 GMT-0500,244.203,244.108,0.02,0.0075
18.03.2020 08:56:25.144 GMT-0500,244.282,244.187,0.0075,0.02
18.03.2020 08:56:26.615 GMT-0500,244.342,244.27700000000002,0.0075,0.02
18.03.2020 08:56:28.172 GMT-0500,244.002,243.917,0.0075,0.02
18.03.2020 08:56:38.466 GMT-0500,244.043,243.947,0.0075,0.02
18.03.2020 08:56:39.004 GMT-0500,243.993,243.947,0.0075,0.0075
18.03.2020 08:56:39.055 GMT-0500,243.993,243.898,0.02,0.0075
18.03.2020 08:56:39.840 GMT-0500,243.853,243.83,0.0075,0.0075
18.03.2020 08:56:40.586 GMT-0500,243.92200000000003,243.827,0.0075,0.02
18.03.2020 08:56:46.014 GMT-0500,244.02200000000002,243.947,0.0075,0.02
18.03.2020 08:56:46.120 GMT-0500,244.023,243.978,0.02,0.0075
18.03.2020 08:56:46.221 GMT-0500,244.023,243.977,0.02,0.02
18.03.2020 08:56:49.536 GMT-0500,243.64200000000002,243.56799999999998,0.02,0.02
18.03.2020 08:56:49.757 GMT-0500,243.592,243.52700000000002,0.0075,0.02
18.03.2020 08:56:49.807 GMT-0500,243.593,243.497,0.02,0.02
18.03.2020 08:56:49.858 GMT-0500,243.572,243.498,0.02,0.02
18.03.2020 08:56:50.382 GMT-0500,243.372,243.29700000000003,0.0075,0.02
18.03.2020 08:56:50.586 GMT-0500,243.36200000000002,243.347,0.0075,0.02
18.03.2020 08:56:50.637 GMT-0500,243.36200000000002,243.26700000000002,0.0075,0.02
18.03.2020 08:56:50.687 GMT-0500,243.322,243.247,0.0075,0.02
18.03.2020 08:56:51.763 GMT-0500,243.49200000000002,243.428,0.02,0.02
18.03.2020 08:56:52.649 GMT-0500,243.482,243.388,0.02,0.02
18.03.2020 08:56:52.766 GMT-0500,243.483,243.387,0.02,0.02
18.03.2020 08:56:52.917 GMT-0500,243.483,243.388,0.02,0.0075
18.03.2020 08:56:53.035 GMT-0500,243.483,243.39700000000002,0.02,0.02
18.03.2020 08:56:54.197 GMT-0500,243.503,243.407,0.0075,0.0075
18.03.2020 08:56:54.512 GMT-0500,243.563,243.478,0.02,0.0075
18.03.2020 08:56:54.708 GMT-0500,243.52200000000002,243.42700000000002,0.0075,0.02
18.03.2020 08:56:54.758 GMT-0500,243.562,243.478,0.02,0.02
18.03.2020 08:56:54.809 GMT-0500,243.52200000000002,243.428,0.02,0.02
18.03.2020 08:56:55.100 GMT-0500,243.36200000000002,243.287,0.0075,0.02
18.03.2020 08:56:55.607 GMT-0500,243.263,243.23700000000002,0.02,0.02
18.03.2020 08:56:55.811 GMT-0500,243.36200000000002,243.26700000000002,0.0075,0.0075
18.03.2020 08:56:56.926 GMT-0500,243.623,243.597,0.02,0.02
18.03.2020 08:56:57.207 GMT-0500,243.722,243.657,0.0075,0.02
18.03.2020 08:56:57.358 GMT-0500,243.783,243.687,0.02,0.02
18.03.2020 08:56:58.239 GMT-0500,243.592,243.518,0.02,0.02
18.03.2020 08:57:08.191 GMT-0500,243.593,243.51700000000002,0.02,0.02
18.03.2020 08:57:08.298 GMT-0500,243.573,243.51700000000002,0.0075,0.02
18.03.2020 08:57:11.013 GMT-0500,243.632,243.548,0.0075,0.02
18.03.2020 08:57:11.920 GMT-0500,243.762,243.67700000000002,0.0075,0.02
18.03.2020 08:57:22.538 GMT-0500,243.448,243.42700000000002,0.0075,0.0075
18.03.2020 08:57:23.480 GMT-0500,243.352,243.287,0.0075,0.02
18.03.2020 08:57:31.793 GMT-0500,243.543,243.447,0.02,0.02
18.03.2020 08:57:35.563 GMT-0500,243.822,243.728,0.02,0.0075
18.03.2020 08:57:38.363 GMT-0500,243.913,243.827,0.0075,0.0075
18.03.2020 08:57:46.328 GMT-0500,243.673,243.577,0.02,0.02
18.03.2020 08:57:46.465 GMT-0500,243.673,243.578,0.0075,0.0075
18.03.2020 08:57:46.516 GMT-0500,243.623,243.52700000000002,0.02,0.02
18.03.2020 08:57:55.212 GMT-0500,243.523,243.438,0.02,0.0075
18.03.2020 08:57:59.148 GMT-0500,243.872,243.79700000000003,0.0075,0.02
18.03.2020 08:58:06.204 GMT-0500,244.003,243.918,0.02,0.0075
18.03.2020 08:58:06.363 GMT-0500,244.003,243.92700000000002,0.02,0.0075
18.03.2020 08:58:06.533 GMT-0500,244.003,243.92700000000002,0.02,0.02
18.03.2020 08:58:08.610 GMT-0500,244.352,244.287,0.0075,0.02
18.03.2020 08:58:08.831 GMT-0500,244.46200000000002,244.36700000000002,0.0075,0.02
18.03.2020 08:58:08.945 GMT-0500,244.503,244.448,0.02,0.0075
18.03.2020 08:58:08.995 GMT-0500,244.562,244.467,0.0075,0.02
18.03.2020 08:58:09.164 GMT-0500,244.563,244.467,0.02,0.02
18.03.2020 08:58:09.741 GMT-0500,244.632,244.577,0.0075,0.0075
18.03.2020 08:58:14.163 GMT-0500,244.442,244.34799999999998,0.02,0.0075
18.03.2020 08:58:14.931 GMT-0500,244.33200000000002,244.23700000000002,0.0075,0.0075
18.03.2020 08:58:15.046 GMT-0500,244.333,244.287,0.0075,0.0075
18.03.2020 08:58:20.983 GMT-0500,244.953,244.878,0.02,0.0075
18.03.2020 08:58:22.771 GMT-0500,245.003,244.928,0.02,0.0075
18.03.2020 08:58:27.007 GMT-0500,244.993,244.928,0.02,0.0075
18.03.2020 08:58:27.182 GMT-0500,244.93200000000002,244.92200000000003,0.0075,0.0075
18.03.2020 08:58:27.232 GMT-0500,244.83200000000002,244.788,0.02,0.02
18.03.2020 08:58:27.283 GMT-0500,244.833,244.76700000000002,0.02,0.02
18.03.2020 08:58:27.587 GMT-0500,244.85,244.827,0.0075,0.0075
18.03.2020 08:58:29.413 GMT-0500,245.063,244.977,0.0075,0.0075
18.03.2020 08:58:33.288 GMT-0500,244.853,244.757,0.02,0.02
18.03.2020 08:58:36.418 GMT-0500,244.982,244.948,0.02,0.02
18.03.2020 08:58:36.469 GMT-0500,244.97299999999998,244.888,0.02,0.0075
18.03.2020 08:58:37.469 GMT-0500,245.192,245.11700000000002,0.0075,0.02
18.03.2020 08:58:37.604 GMT-0500,245.19299999999998,245.11700000000002,0.02,0.02
18.03.2020 08:58:37.702 GMT-0500,245.19299999999998,245.14700000000002,0.0075,0.0075
18.03.2020 08:58:42.572 GMT-0500,245.263,245.167,0.0075,0.0075
18.03.2020 08:58:42.673 GMT-0500,245.283,245.188,0.02,0.0075
18.03.2020 08:58:47.670 GMT-0500,244.913,244.828,0.02,0.0075
18.03.2020 08:58:47.924 GMT-0500,245.003,244.907,0.02,0.02
18.03.2020 08:59:09.926 GMT-0500,244.863,244.778,0.02,0.0075
18.03.2020 08:59:17.450 GMT-0500,244.86200000000002,244.778,0.0075,0.02
18.03.2020 08:59:18.854 GMT-0500,244.72299999999998,244.628,0.02,0.0075
18.03.2020 08:59:21.978 GMT-0500,244.872,244.835,0.0075,0.0075
18.03.2020 08:59:53.765 GMT-0500,244.702,244.678,0.02,0.02
18.03.2020 08:59:58.081 GMT-0500,244.688,244.648,0.0075,0.0075
18.03.2020 09:00:02.666 GMT-0500,244.703,244.61700000000002,0.02,0.02
18.03.2020 09:00:06.405 GMT-0500,244.11200000000002,244.018,0.02,0.02
18.03.2020 09:00:13.177 GMT-0500,244.003,243.908,0.02,0.0075
18.03.2020 09:00:17.218 GMT-0500,243.813,243.717,0.02,0.02
18.03.2020 09:00:29.546 GMT-0500,244.49200000000002,244.39700000000002,0.0075,0.02
18.03.2020 09:00:29.597 GMT-0500,244.493,244.408,0.02,0.0075
18.03.2020 09:00:29.721 GMT-0500,244.53,244.48700000000002,0.0075,0.02
18.03.2020 09:00:33.760 GMT-0500,244.64200000000002,244.558,0.02,0.02
18.03.2020 09:00:43.577 GMT-0500,244.662,244.567,0.0075,0.02
18.03.2020 09:00:51.259 GMT-0500,244.692,244.597,0.0075,0.0075
18.03.2020 09:00:57.495 GMT-0500,244.643,244.548,0.02,0.0075
18.03.2020 09:00:58.037 GMT-0500,244.603,244.538,0.02,0.0075
18.03.2020 09:00:59.436 GMT-0500,244.61200000000002,244.588,0.0075,0.0075
18.03.2020 09:00:59.668 GMT-0500,244.68200000000002,244.588,0.02,0.02
18.03.2020 09:01:01.579 GMT-0500,245.012,244.958,0.02,0.02
18.03.2020 09:01:02.296 GMT-0500,245.062,244.977,0.0075,0.02
18.03.2020 09:01:02.754 GMT-0500,245.062,244.98700000000002,0.0075,0.02
18.03.2020 09:01:04.114 GMT-0500,245.072,244.977,0.0075,0.02
18.03.2020 09:01:04.321 GMT-0500,245.002,244.918,0.02,0.0075
18.03.2020 09:01:11.737 GMT-0500,245.252,245.187,0.0075,0.0075
18.03.2020 09:01:11.788 GMT-0500,245.282,245.187,0.0075,0.02
18.03.2020 09:01:11.948 GMT-0500,245.282,245.198,0.02,0.02
18.03.2020 09:01:11.999 GMT-0500,245.342,245.248,0.02,0.02
18.03.2020 09:01:12.351 GMT-0500,245.433,245.338,0.02,0.0075
18.03.2020 09:01:12.411 GMT-0500,245.433,245.34799999999998,0.02,0.0075
18.03.2020 09:01:14.828 GMT-0500,245.563,245.467,0.02,0.02
18.03.2020 09:01:16.169 GMT-0500,245.482,245.387,0.0075,0.02
18.03.2020 09:01:18.249 GMT-0500,245.653,245.578,0.02,0.0075
18.03.2020 09:01:19.755 GMT-0500,245.752,245.668,0.02,0.02
18.03.2020 09:01:20.330 GMT-0500,245.732,245.64700000000002,0.0075,0.02
18.03.2020 09:01:20.380 GMT-0500,245.74200000000002,245.64700000000002,0.0075,0.02
18.03.2020 09:01:20.541 GMT-0500,245.74200000000002,245.667,0.0075,0.0075
18.03.2020 09:01:20.737 GMT-0500,245.74200000000002,245.648,0.02,0.02
18.03.2020 09:01:20.816 GMT-0500,245.74200000000002,245.658,0.02,0.0075
18.03.2020 09:01:20.945 GMT-0500,245.74200000000002,245.648,0.02,0.02
18.03.2020 09:01:20.996 GMT-0500,245.74200000000002,245.648,0.02,0.02
18.03.2020 09:01:21.046 GMT-0500,245.743,245.657,0.02,0.02
18.03.2020 09:01:21.097 GMT-0500,245.74200000000002,245.64700000000002,0.0075,0.02
18.03.2020 09:01:21.147 GMT-0500,245.733,245.648,0.02,0.0075
18.03.2020 09:01:21.524 GMT-0500,245.64200000000002,245.548,0.02,0.02
18.03.2020 09:01:21.625 GMT-0500,245.663,245.567,0.02,0.02
18.03.2020 09:01:22.587 GMT-0500,245.413,245.357,0.0075,0.02
18.03.2020 09:01:22.821 GMT-0500,245.483,245.408,0.02,0.0075
18.03.2020 09:01:23.079 GMT-0500,245.513,245.438,0.02,0.0075
18.03.2020 09:01:23.635 GMT-0500,245.413,245.31799999999998,0.02,0.0075
18.03.2020 09:01:23.851 GMT-0500,245.413,245.328,0.02,0.0075
18.03.2020 09:01:23.901 GMT-0500,245.413,245.31799999999998,0.02,0.0075
18.03.2020 09:01:24.000 GMT-0500,245.413,245.328,0.02,0.0075
18.03.2020 09:01:24.101 GMT-0500,245.412,245.317,0.0075,0.02
18.03.2020 09:01:24.161 GMT-0500,245.412,245.328,0.02,0.0075
18.03.2020 09:01:24.282 GMT-0500,245.412,245.378,0.0075,0.0075
18.03.2020 09:01:24.333 GMT-0500,245.463,245.378,0.02,0.0075
18.03.2020 09:01:24.383 GMT-0500,245.472,245.388,0.02,0.02
18.03.2020 09:01:24.484 GMT-0500,245.482,245.388,0.02,0.02
18.03.2020 09:01:24.693 GMT-0500,245.482,245.398,0.02,0.0075
18.03.2020 09:01:24.818 GMT-0500,245.482,245.448,0.0075,0.0075
18.03.2020 09:01:24.868 GMT-0500,245.512,245.448,0.02,0.02
18.03.2020 09:01:24.919 GMT-0500,245.593,245.498,0.02,0.0075
18.03.2020 09:01:24.969 GMT-0500,245.61200000000002,245.538,0.02,0.02
18.03.2020 09:01:25.070 GMT-0500,245.602,245.507,0.0075,0.02
18.03.2020 09:01:25.253 GMT-0500,245.603,245.51700000000002,0.02,0.02
18.03.2020 09:01:25.303 GMT-0500,245.602,245.507,0.0075,0.02
18.03.2020 09:01:25.567 GMT-0500,245.622,245.52700000000002,0.0075,0.02
18.03.2020 09:01:25.854 GMT-0500,245.603,245.507,0.02,0.02
18.03.2020 09:01:25.954 GMT-0500,245.553,245.468,0.02,0.0075
18.03.2020 09:01:26.008 GMT-0500,245.673,245.607,0.02,0.02
18.03.2020 09:01:26.108 GMT-0500,245.673,245.578,0.02,0.0075
18.03.2020 09:01:26.280 GMT-0500,245.67200000000003,245.578,0.02,0.02
18.03.2020 09:01:26.582 GMT-0500,245.74200000000002,245.658,0.02,0.02
18.03.2020 09:01:26.632 GMT-0500,245.743,245.648,0.02,0.0075
18.03.2020 09:01:26.960 GMT-0500,245.703,245.638,0.02,0.0075
18.03.2020 09:01:27.097 GMT-0500,245.702,245.608,0.02,0.02
18.03.2020 09:01:27.428 GMT-0500,245.702,245.608,0.02,0.02
18.03.2020 09:01:27.547 GMT-0500,245.743,245.657,0.02,0.02
18.03.2020 09:01:28.507 GMT-0500,245.752,245.657,0.0075,0.02
18.03.2020 09:01:28.760 GMT-0500,245.752,245.657,0.02,0.02
18.03.2020 09:01:29.002 GMT-0500,245.83200000000002,245.757,0.0075,0.02
18.03.2020 09:01:29.368 GMT-0500,245.903,245.83700000000002,0.02,0.02
18.03.2020 09:01:32.700 GMT-0500,245.90200000000002,245.82700000000003,0.0075,0.02
18.03.2020 09:01:32.920 GMT-0500,245.96200000000002,245.868,0.02,0.02
18.03.2020 09:01:33.528 GMT-0500,246.002,245.938,0.02,0.02
18.03.2020 09:01:33.652 GMT-0500,246.093,245.997,0.02,0.02
18.03.2020 09:01:34.081 GMT-0500,245.893,245.798,0.0075,0.0075
18.03.2020 09:01:38.806 GMT-0500,245.442,245.347,0.0075,0.02
18.03.2020 09:01:39.408 GMT-0500,245.503,245.407,0.02,0.0075
18.03.2020 09:01:39.613 GMT-0500,245.482,245.398,0.02,0.02
18.03.2020 09:01:41.613 GMT-0500,245.472,245.387,0.0075,0.02
18.03.2020 09:01:47.270 GMT-0500,245.372,245.287,0.0075,0.02
18.03.2020 09:01:47.456 GMT-0500,245.283,245.187,0.02,0.02
18.03.2020 09:01:47.557 GMT-0500,245.24200000000002,245.167,0.0075,0.02
18.03.2020 09:01:47.607 GMT-0500,245.24200000000002,245.17700000000002,0.0075,0.02
18.03.2020 09:01:47.890 GMT-0500,245.373,245.29700000000003,0.02,0.02
18.03.2020 09:01:48.105 GMT-0500,245.363,245.278,0.02,0.0075
18.03.2020 09:01:48.156 GMT-0500,245.27200000000002,245.188,0.02,0.02
18.03.2020 09:01:48.307 GMT-0500,245.373,245.288,0.02,0.0075
18.03.2020 09:01:48.499 GMT-0500,245.373,245.278,0.02,0.0075
18.03.2020 09:01:52.562 GMT-0500,245.572,245.497,0.0075,0.02
18.03.2020 09:01:52.713 GMT-0500,245.502,245.438,0.02,0.02
18.03.2020 09:01:53.187 GMT-0500,245.503,245.437,0.02,0.02
18.03.2020 09:01:53.288 GMT-0500,245.47299999999998,245.428,0.02,0.0075
18.03.2020 09:01:53.338 GMT-0500,245.503,245.428,0.02,0.0075
18.03.2020 09:01:53.454 GMT-0500,245.463,245.36700000000002,0.02,0.02
18.03.2020 09:01:56.872 GMT-0500,245.30200000000002,245.238,0.0075,0.0075
18.03.2020 09:01:57.543 GMT-0500,245.503,245.417,0.02,0.02
18.03.2020 09:01:57.654 GMT-0500,245.463,245.368,0.02,0.0075
18.03.2020 09:01:58.025 GMT-0500,245.622,245.528,0.02,0.02
18.03.2020 09:01:58.124 GMT-0500,245.622,245.537,0.0075,0.0075
18.03.2020 09:01:58.174 GMT-0500,245.673,245.578,0.02,0.0075
18.03.2020 09:02:04.164 GMT-0500,245.533,245.447,0.02,0.02
18.03.2020 09:02:05.218 GMT-0500,245.52200000000002,245.458,0.0075,0.02
18.03.2020 09:02:06.095 GMT-0500,245.44299999999998,245.34799999999998,0.0075,0.0075
18.03.2020 09:02:16.728 GMT-0500,245.482,245.398,0.02,0.02
18.03.2020 09:02:33.254 GMT-0500,245.703,245.607,0.02,0.02
18.03.2020 09:02:33.796 GMT-0500,245.542,245.458,0.02,0.02
18.03.2020 09:02:34.352 GMT-0500,245.572,245.48700000000002,0.0075,0.02
18.03.2020 09:02:34.403 GMT-0500,245.583,245.48700000000002,0.02,0.02
18.03.2020 09:02:36.034 GMT-0500,245.383,245.328,0.0075,0.0075
18.03.2020 09:02:46.156 GMT-0500,245.412,245.31799999999998,0.02,0.02
18.03.2020 09:02:46.898 GMT-0500,245.413,245.31799999999998,0.02,0.0075
18.03.2020 09:02:46.984 GMT-0500,245.413,245.368,0.0075,0.0075
18.03.2020 09:02:48.790 GMT-0500,245.372,245.288,0.02,0.02
18.03.2020 09:02:52.389 GMT-0500,245.472,245.438,0.02,0.02
18.03.2020 09:02:52.498 GMT-0500,245.453,245.425,0.0075,0.0075
18.03.2020 09:02:52.810 GMT-0500,245.413,245.327,0.02,0.02
18.03.2020 09:02:55.680 GMT-0500,245.383,245.287,0.02,0.02
18.03.2020 09:03:00.652 GMT-0500,245.702,245.608,0.02,0.0075
18.03.2020 09:03:03.868 GMT-0500,246.002,245.95700000000002,0.0075,0.0075
18.03.2020 09:03:03.918 GMT-0500,246.102,246.007,0.0075,0.02
18.03.2020 09:03:03.969 GMT-0500,246.042,245.947,0.0075,0.02
18.03.2020 09:03:04.504 GMT-0500,246.103,246.05700000000002,0.0075,0.0075
18.03.2020 09:03:17.268 GMT-0500,246.292,246.20700000000002,0.0075,0.0075
18.03.2020 09:03:17.579 GMT-0500,246.33200000000002,246.248,0.02,0.02
18.03.2020 09:03:18.751 GMT-0500,246.572,246.497,0.0075,0.0075
18.03.2020 09:03:18.854 GMT-0500,246.573,246.497,0.02,0.02
18.03.2020 09:03:18.970 GMT-0500,246.583,246.498,0.02,0.0075
18.03.2020 09:03:19.071 GMT-0500,246.573,246.498,0.02,0.0075
18.03.2020 09:03:20.333 GMT-0500,246.803,246.70700000000002,0.02,0.02
18.03.2020 09:03:20.568 GMT-0500,246.803,246.717,0.02,0.0075
18.03.2020 09:03:20.668 GMT-0500,246.863,246.768,0.02,0.0075
18.03.2020 09:03:23.004 GMT-0500,246.913,246.818,0.02,0.0075
18.03.2020 09:03:23.825 GMT-0500,246.942,246.888,0.0075,0.0075
18.03.2020 09:03:23.879 GMT-0500,246.993,246.918,0.02,0.0075
18.03.2020 09:03:23.932 GMT-0500,246.983,246.908,0.02,0.0075
18.03.2020 09:03:23.982 GMT-0500,246.97299999999998,246.888,0.02,0.0075
18.03.2020 09:03:24.133 GMT-0500,246.90200000000002,246.80700000000002,0.0075,0.02
18.03.2020 09:03:24.318 GMT-0500,246.842,246.758,0.02,0.02
18.03.2020 09:03:25.438 GMT-0500,247.002,246.917,0.0075,0.02
18.03.2020 09:03:25.782 GMT-0500,247.043,246.978,0.0075,0.0075
18.03.2020 09:03:30.239 GMT-0500,247.232,247.137,0.0075,0.0075
18.03.2020 09:03:32.766 GMT-0500,247.113,247.068,0.02,0.0075
18.03.2020 09:03:32.817 GMT-0500,247.103,247.01700000000002,0.02,0.02
18.03.2020 09:03:33.606 GMT-0500,247.193,247.138,0.0075,0.0075
18.03.2020 09:03:37.223 GMT-0500,247.063,247.008,0.02,0.0075
18.03.2020 09:03:40.152 GMT-0500,246.872,246.778,0.02,0.02
18.03.2020 09:03:41.735 GMT-0500,246.673,246.578,0.0075,0.0075
18.03.2020 09:03:45.548 GMT-0500,247.083,246.998,0.02,0.0075
18.03.2020 09:03:45.732 GMT-0500,247.093,246.998,0.02,0.02
18.03.2020 09:03:46.473 GMT-0500,247.103,247.02700000000002,0.02,0.02
18.03.2020 09:03:48.912 GMT-0500,247.252,247.157,0.0075,0.0075
18.03.2020 09:03:49.063 GMT-0500,247.233,247.148,0.02,0.0075
18.03.2020 09:03:49.321 GMT-0500,247.20200000000003,247.108,0.0075,0.0075
18.03.2020 09:03:49.633 GMT-0500,247.233,247.17700000000002,0.02,0.02
18.03.2020 09:03:49.684 GMT-0500,247.232,247.158,0.02,0.02
18.03.2020 09:03:49.734 GMT-0500,247.163,247.097,0.02,0.02
18.03.2020 09:03:56.360 GMT-0500,247.102,247.048,0.02,0.02
18.03.2020 09:03:56.503 GMT-0500,247.102,247.05700000000002,0.0075,0.0075
18.03.2020 09:03:56.605 GMT-0500,247.102,247.05700000000002,0.0075,0.02
18.03.2020 09:03:56.761 GMT-0500,247.08200000000002,246.997,0.0075,0.02
18.03.2020 09:03:59.394 GMT-0500,247.262,247.198,0.0075,0.0075
18.03.2020 09:04:02.157 GMT-0500,247.40200000000002,247.318,0.02,0.02
18.03.2020 09:04:02.389 GMT-0500,247.40200000000002,247.318,0.02,0.02
18.03.2020 09:04:02.646 GMT-0500,247.403,247.318,0.02,0.0075
18.03.2020 09:04:03.182 GMT-0500,247.503,247.407,0.02,0.0075
18.03.2020 09:04:05.019 GMT-0500,247.45200000000003,247.358,0.02,0.02
18.03.2020 09:04:06.925 GMT-0500,247.512,247.438,0.02,0.02
18.03.2020 09:04:07.046 GMT-0500,247.493,247.42700000000002,0.02,0.0075
18.03.2020 09:04:07.338 GMT-0500,247.463,247.377,0.02,0.02
18.03.2020 09:04:07.599 GMT-0500,247.393,247.29700000000003,0.02,0.02
18.03.2020 09:04:08.855 GMT-0500,247.45200000000003,247.358,0.02,0.02
18.03.2020 09:04:08.956 GMT-0500,247.513,247.417,0.02,0.02
18.03.2020 09:04:09.057 GMT-0500,247.52200000000002,247.447,0.0075,0.02
18.03.2020 09:04:09.107 GMT-0500,247.523,247.42700000000002,0.02,0.02
18.03.2020 09:04:09.422 GMT-0500,247.562,247.48700000000002,0.0075,0.02
18.03.2020 09:04:11.155 GMT-0500,247.27200000000002,247.17700000000002,0.0075,0.02
18.03.2020 09:04:11.709 GMT-0500,247.133,247.038,0.02,0.0075
18.03.2020 09:04:21.702 GMT-0500,247.383,247.288,0.02,0.0075
18.03.2020 09:04:29.039 GMT-0500,247.572,247.497,0.0075,0.02
18.03.2020 09:04:29.916 GMT-0500,247.27200000000002,247.218,0.0075,0.0075
18.03.2020 09:04:30.322 GMT-0500,247.253,247.168,0.02,0.0075
18.03.2020 09:04:30.610 GMT-0500,247.382,247.287,0.0075,0.02
18.03.2020 09:04:34.317 GMT-0500,247.653,247.567,0.02,0.02
18.03.2020 09:04:36.269 GMT-0500,247.633,247.558,0.0075,0.0075
18.03.2020 09:04:36.401 GMT-0500,247.632,247.558,0.0075,0.02
18.03.2020 09:04:36.603 GMT-0500,247.713,247.64700000000002,0.02,0.02
18.03.2020 09:04:37.345 GMT-0500,247.602,247.528,0.02,0.0075
18.03.2020 09:04:38.142 GMT-0500,247.65200000000002,247.597,0.0075,0.0075
18.03.2020 09:04:41.618 GMT-0500,247.523,247.447,0.02,0.02
18.03.2020 09:04:42.200 GMT-0500,247.503,247.407,0.02,0.02
18.03.2020 09:04:45.954 GMT-0500,247.293,247.198,0.02,0.0075
18.03.2020 09:04:46.735 GMT-0500,247.17200000000003,247.097,0.0075,0.02
18.03.2020 09:05:01.853 GMT-0500,247.15200000000002,247.08700000000002,0.0075,0.02
18.03.2020 09:05:06.805 GMT-0500,247.173,247.07700000000003,0.02,0.02
18.03.2020 09:05:06.954 GMT-0500,247.17200000000003,247.078,0.02,0.02
18.03.2020 09:05:07.610 GMT-0500,246.842,246.77700000000002,0.0075,0.0075
18.03.2020 09:05:28.936 GMT-0500,246.68200000000002,246.607,0.0075,0.0075
18.03.2020 09:05:39.026 GMT-0500,246.782,246.688,0.02,0.02
18.03.2020 09:05:39.501 GMT-0500,246.782,246.698,0.02,0.0075
18.03.2020 09:05:40.252 GMT-0500,246.80200000000002,246.73700000000002,0.0075,0.0075
18.03.2020 09:05:40.848 GMT-0500,246.823,246.787,0.02,0.02
18.03.2020 09:05:48.282 GMT-0500,246.58200000000002,246.518,0.02,0.02
18.03.2020 09:05:48.433 GMT-0500,246.562,246.48700000000002,0.0075,0.02
18.03.2020 09:05:55.805 GMT-0500,246.76500000000001,246.728,0.0075,0.0075
18.03.2020 09:06:06.992 GMT-0500,246.72299999999998,246.628,0.02,0.0075
18.03.2020 09:06:15.362 GMT-0500,246.512,246.418,0.02,0.0075
18.03.2020 09:06:28.081 GMT-0500,246.953,246.878,0.02,0.0075
18.03.2020 09:06:28.254 GMT-0500,246.953,246.878,0.0075,0.0075
18.03.2020 09:06:33.898 GMT-0500,247.342,247.26700000000002,0.0075,0.02
18.03.2020 09:06:34.352 GMT-0500,247.33200000000002,247.278,0.0075,0.0075
18.03.2020 09:06:37.665 GMT-0500,247.24200000000002,247.157,0.0075,0.0075
18.03.2020 09:06:37.769 GMT-0500,247.243,247.197,0.0075,0.0075
18.03.2020 09:06:43.572 GMT-0500,247.503,247.408,0.02,0.0075
18.03.2020 09:06:44.450 GMT-0500,247.283,247.228,0.0075,0.0075
18.03.2020 09:06:44.770 GMT-0500,247.323,247.248,0.02,0.0075
18.03.2020 09:06:48.592 GMT-0500,247.40200000000002,247.317,0.0075,0.02
18.03.2020 09:06:51.094 GMT-0500,247.352,247.32700000000003,0.0075,0.02
18.03.2020 09:06:51.195 GMT-0500,247.383,247.317,0.02,0.02
18.03.2020 09:06:52.993 GMT-0500,247.15200000000002,247.08700000000002,0.0075,0.0075
18.03.2020 09:07:14.997 GMT-0500,247.312,247.248,0.0075,0.0075
18.03.2020 09:07:15.665 GMT-0500,247.502,247.417,0.0075,0.02
18.03.2020 09:07:17.403 GMT-0500,247.483,247.388,0.02,0.0075
18.03.2020 09:07:17.453 GMT-0500,247.483,247.39700000000002,0.02,0.02
18.03.2020 09:07:17.643 GMT-0500,247.47299999999998,247.46,0.0075,0.0075
18.03.2020 09:07:17.693 GMT-0500,247.553,247.468,0.02,0.0075
18.03.2020 09:07:21.050 GMT-0500,247.363,247.298,0.02,0.0075
18.03.2020 09:07:21.100 GMT-0500,247.342,247.257,0.0075,0.02
18.03.2020 09:07:22.874 GMT-0500,247.733,247.64700000000002,0.02,0.02
18.03.2020 09:07:24.583 GMT-0500,247.632,247.538,0.02,0.02
18.03.2020 09:07:29.175 GMT-0500,247.732,247.637,0.0075,0.0075
18.03.2020 09:07:30.223 GMT-0500,247.893,247.828,0.02,0.0075
18.03.2020 09:07:30.324 GMT-0500,247.86200000000002,247.76700000000002,0.0075,0.02
18.03.2020 09:07:30.374 GMT-0500,247.852,247.76700000000002,0.0075,0.02
18.03.2020 09:07:31.016 GMT-0500,247.843,247.748,0.02,0.0075
18.03.2020 09:07:31.167 GMT-0500,247.842,247.778,0.02,0.02
18.03.2020 09:07:31.318 GMT-0500,247.822,247.728,0.02,0.02
18.03.2020 09:07:31.369 GMT-0500,247.823,247.728,0.02,0.0075
18.03.2020 09:07:31.419 GMT-0500,247.843,247.768,0.02,0.0075
18.03.2020 09:07:31.469 GMT-0500,247.823,247.728,0.02,0.0075
18.03.2020 09:07:31.997 GMT-0500,247.842,247.787,0.0075,0.02
18.03.2020 09:07:32.048 GMT-0500,247.842,247.76700000000002,0.0075,0.02
18.03.2020 09:07:34.639 GMT-0500,247.812,247.718,0.02,0.02
18.03.2020 09:07:35.082 GMT-0500,247.722,247.638,0.0075,0.02
18.03.2020 09:07:42.746 GMT-0500,247.93200000000002,247.84799999999998,0.02,0.02
18.03.2020 09:07:44.053 GMT-0500,247.923,247.858,0.02,0.0075
18.03.2020 09:07:44.317 GMT-0500,247.90200000000002,247.82700000000003,0.0075,0.02
18.03.2020 09:07:48.854 GMT-0500,247.623,247.538,0.02,0.0075
18.03.2020 09:08:08.896 GMT-0500,247.453,247.407,0.02,0.02
18.03.2020 09:08:10.320 GMT-0500,247.46200000000002,247.378,0.02,0.02
18.03.2020 09:08:19.566 GMT-0500,247.08200000000002,247.008,0.0075,0.0075
18.03.2020 09:08:40.691 GMT-0500,246.595,246.57700000000003,0.0075,0.0075
18.03.2020 09:08:51.543 GMT-0500,246.49200000000002,246.39700000000002,0.0075,0.02
18.03.2020 09:08:52.064 GMT-0500,246.533,246.448,0.02,0.0075
18.03.2020 09:08:54.190 GMT-0500,246.312,246.217,0.0075,0.02
18.03.2020 09:08:54.393 GMT-0500,246.14200000000002,246.068,0.0075,0.0075
18.03.2020 09:09:11.828 GMT-0500,245.853,245.76700000000002,0.0075,0.02
18.03.2020 09:09:13.343 GMT-0500,245.753,245.678,0.02,0.0075
18.03.2020 09:09:14.056 GMT-0500,245.853,245.77700000000002,0.02,0.02
18.03.2020 09:09:18.802 GMT-0500,245.662,245.588,0.0075,0.02
18.03.2020 09:09:19.080 GMT-0500,245.662,245.618,0.0075,0.0075
18.03.2020 09:09:25.311 GMT-0500,245.89200000000002,245.79700000000003,0.0075,0.0075
18.03.2020 09:09:25.645 GMT-0500,245.773,245.678,0.02,0.0075
18.03.2020 09:09:25.848 GMT-0500,245.773,245.678,0.02,0.0075
18.03.2020 09:09:34.584 GMT-0500,245.69299999999998,245.59799999999998,0.02,0.0075
18.03.2020 09:09:40.602 GMT-0500,245.762,245.668,0.02,0.02
18.03.2020 09:09:56.527 GMT-0500,245.92200000000003,245.828,0.02,0.02
18.03.2020 09:09:58.460 GMT-0500,245.713,245.618,0.02,0.0075
18.03.2020 09:09:58.904 GMT-0500,245.713,245.61700000000002,0.0075,0.02
18.03.2020 09:09:59.677 GMT-0500,245.71200000000002,245.61700000000002,0.0075,0.02
18.03.2020 09:09:59.728 GMT-0500,245.702,245.608,0.02,0.02
18.03.2020 09:10:00.101 GMT-0500,245.64200000000002,245.54700000000003,0.0075,0.02
18.03.2020 09:10:00.225 GMT-0500,245.623,245.58700000000002,0.0075,0.0075
18.03.2020 09:10:05.296 GMT-0500,246.162,246.08700000000002,0.0075,0.0075
18.03.2020 09:10:08.247 GMT-0500,246.292,246.197,0.0075,0.0075
18.03.2020 09:10:08.837 GMT-0500,246.033,245.938,0.0075,0.0075
18.03.2020 09:10:11.851 GMT-0500,245.97299999999998,245.878,0.02,0.0075
18.03.2020 09:10:12.101 GMT-0500,245.97299999999998,245.877,0.0075,0.02
18.03.2020 09:10:17.614 GMT-0500,245.58200000000002,245.497,0.0075,0.02
18.03.2020 09:10:43.533 GMT-0500,246.203,246.108,0.02,0.0075
18.03.2020 09:11:04.300 GMT-0500,246.382,246.33700000000002,0.0075,0.0075
18.03.2020 09:11:05.081 GMT-0500,246.61200000000002,246.51700000000002,0.0075,0.0075
18.03.2020 09:11:05.650 GMT-0500,246.603,246.51700000000002,0.02,0.02
18.03.2020 09:11:06.157 GMT-0500,246.703,246.607,0.0075,0.0075
18.03.2020 09:11:06.943 GMT-0500,246.633,246.537,0.0075,0.0075
18.03.2020 09:11:08.257 GMT-0500,246.593,246.497,0.02,0.0075
18.03.2020 09:11:08.437 GMT-0500,246.493,246.42700000000002,0.02,0.02
18.03.2020 09:11:10.948 GMT-0500,246.263,246.167,0.02,0.0075
18.03.2020 09:11:11.466 GMT-0500,246.122,246.05700000000002,0.0075,0.02
18.03.2020 09:11:13.469 GMT-0500,246.252,246.158,0.0075,0.0075
18.03.2020 09:11:20.045 GMT-0500,246.093,245.998,0.02,0.0075
18.03.2020 09:11:20.516 GMT-0500,245.993,245.898,0.02,0.0075
18.03.2020 09:11:21.984 GMT-0500,245.993,245.917,0.0075,0.0075
18.03.2020 09:11:22.963 GMT-0500,246.39200000000002,246.298,0.02,0.02
18.03.2020 09:11:24.177 GMT-0500,246.383,246.287,0.02,0.02
18.03.2020 09:11:24.720 GMT-0500,246.373,246.288,0.02,0.0075
18.03.2020 09:11:37.359 GMT-0500,246.05200000000002,245.958,0.0075,0.02
18.03.2020 09:11:45.296 GMT-0500,246.132,246.038,0.02,0.02
18.03.2020 09:11:46.328 GMT-0500,246.132,246.04700000000003,0.0075,0.0075
18.03.2020 09:11:47.636 GMT-0500,246.193,246.097,0.0075,0.02
18.03.2020 09:11:48.003 GMT-0500,246.193,246.09799999999998,0.0075,0.0075
18.03.2020 09:11:48.501 GMT-0500,246.193,246.09799999999998,0.02,0.0075
18.03.2020 09:11:54.038 GMT-0500,245.90200000000002,245.808,0.02,0.02
18.03.2020 09:11:54.260 GMT-0500,245.903,245.808,0.02,0.02
18.03.2020 09:11:54.311 GMT-0500,245.90200000000002,245.808,0.02,0.02
18.03.2020 09:11:55.850 GMT-0500,246.003,245.908,0.02,0.0075
18.03.2020 09:11:55.950 GMT-0500,246.11200000000002,246.018,0.02,0.02
18.03.2020 09:11:56.187 GMT-0500,246.11200000000002,246.018,0.02,0.02
18.03.2020 09:11:57.636 GMT-0500,246.053,245.95700000000002,0.02,0.02
18.03.2020 09:11:57.756 GMT-0500,246.043,245.948,0.02,0.02
18.03.2020 09:11:57.806 GMT-0500,246.042,245.948,0.02,0.02
18.03.2020 09:11:58.188 GMT-0500,246.033,245.948,0.02,0.0075
18.03.2020 09:11:58.395 GMT-0500,246.042,245.947,0.0075,0.02
18.03.2020 09:11:58.610 GMT-0500,245.92200000000003,245.838,0.02,0.02
18.03.2020 09:11:58.775 GMT-0500,245.903,245.818,0.0075,0.02
18.03.2020 09:11:58.976 GMT-0500,245.90200000000002,245.83700000000002,0.0075,0.02
18.03.2020 09:12:00.535 GMT-0500,245.903,245.817,0.02,0.02
18.03.2020 09:12:04.242 GMT-0500,245.813,245.738,0.02,0.0075
18.03.2020 09:12:06.938 GMT-0500,245.68200000000002,245.59799999999998,0.02,0.02
18.03.2020 09:12:08.858 GMT-0500,245.833,245.778,0.02,0.0075
18.03.2020 09:12:09.571 GMT-0500,245.68200000000002,245.597,0.0075,0.02
18.03.2020 09:12:09.787 GMT-0500,245.683,245.588,0.02,0.0075
18.03.2020 09:12:10.137 GMT-0500,245.703,245.607,0.0075,0.0075
18.03.2020 09:12:11.444 GMT-0500,245.633,245.558,0.02,0.0075
18.03.2020 09:12:12.063 GMT-0500,245.622,245.528,0.0075,0.02
18.03.2020 09:12:12.186 GMT-0500,245.573,245.498,0.0075,0.0075
18.03.2020 09:12:12.237 GMT-0500,245.58200000000002,245.498,0.02,0.02
18.03.2020 09:12:12.288 GMT-0500,245.633,245.537,0.02,0.02
18.03.2020 09:12:13.222 GMT-0500,245.752,245.658,0.02,0.02
18.03.2020 09:12:18.262 GMT-0500,245.972,245.887,0.0075,0.02
18.03.2020 09:12:18.680 GMT-0500,246.092,245.997,0.0075,0.02
18.03.2020 09:12:19.659 GMT-0500,246.083,245.98700000000002,0.02,0.02
18.03.2020 09:12:22.246 GMT-0500,246.113,246.038,0.02,0.0075
18.03.2020 09:12:22.297 GMT-0500,246.143,246.048,0.02,0.0075
18.03.2020 09:12:22.466 GMT-0500,246.21200000000002,246.11700000000002,0.0075,0.02
18.03.2020 09:12:23.431 GMT-0500,246.24200000000002,246.17700000000002,0.0075,0.02
18.03.2020 09:12:25.678 GMT-0500,246.373,246.288,0.02,0.0075
18.03.2020 09:12:26.160 GMT-0500,246.263,246.188,0.02,0.0075
18.03.2020 09:12:28.491 GMT-0500,246.453,246.357,0.02,0.02
18.03.2020 09:12:31.244 GMT-0500,246.33200000000002,246.257,0.0075,0.02
18.03.2020 09:12:31.295 GMT-0500,246.33200000000002,246.248,0.02,0.02
18.03.2020 09:12:31.488 GMT-0500,246.333,246.257,0.02,0.0075
18.03.2020 09:12:32.841 GMT-0500,246.593,246.497,0.02,0.02
18.03.2020 09:12:41.332 GMT-0500,246.413,246.328,0.02,0.0075
18.03.2020 09:12:45.456 GMT-0500,246.293,246.197,0.02,0.02
18.03.2020 09:12:45.572 GMT-0500,246.293,246.198,0.02,0.0075
18.03.2020 09:12:46.228 GMT-0500,246.353,246.258,0.02,0.0075
18.03.2020 09:12:51.051 GMT-0500,246.503,246.408,0.02,0.0075
18.03.2020 09:12:51.923 GMT-0500,246.482,246.39700000000002,0.0075,0.02
18.03.2020 09:12:57.646 GMT-0500,246.092,245.998,0.02,0.0075
18.03.2020 09:12:58.050 GMT-0500,246.133,246.038,0.02,0.0075
18.03.2020 09:13:01.593 GMT-0500,246.383,246.288,0.0075,0.0075
18.03.2020 09:13:05.297 GMT-0500,245.99200000000002,245.908,0.02,0.02
18.03.2020 09:13:05.348 GMT-0500,245.982,245.898,0.02,0.02
18.03.2020 09:13:31.083 GMT-0500,246.072,246.008,0.0075,0.02
18.03.2020 09:13:39.361 GMT-0500,245.83200000000002,245.757,0.0075,0.02
18.03.2020 09:13:45.408 GMT-0500,246.05200000000002,245.967,0.0075,0.02
18.03.2020 09:13:46.647 GMT-0500,245.93200000000002,245.86700000000002,0.0075,0.02
18.03.2020 09:13:50.056 GMT-0500,245.893,245.817,0.02,0.02
18.03.2020 09:13:50.531 GMT-0500,245.893,245.828,0.02,0.0075
18.03.2020 09:13:51.225 GMT-0500,245.893,245.82700000000003,0.0075,0.01
18.03.2020 09:13:51.275 GMT-0500,245.993,245.918,0.02,0.0075
18.03.2020 09:13:51.855 GMT-0500,245.943,245.907,0.0075,0.0075
18.03.2020 09:13:52.695 GMT-0500,245.782,245.747,0.0075,0.02
18.03.2020 09:13:52.973 GMT-0500,245.69299999999998,245.61700000000002,0.02,0.02
18.03.2020 09:13:53.041 GMT-0500,245.69299999999998,245.61700000000002,0.02,0.02
18.03.2020 09:13:53.226 GMT-0500,245.703,245.61700000000002,0.02,0.02
18.03.2020 09:13:53.554 GMT-0500,245.763,245.678,0.0075,0.0075
18.03.2020 09:14:00.647 GMT-0500,245.563,245.518,0.02,0.0075
18.03.2020 09:14:01.531 GMT-0500,245.573,245.497,0.02,0.02
18.03.2020 09:14:01.948 GMT-0500,245.613,245.518,0.02,0.0075
18.03.2020 09:14:04.559 GMT-0500,245.58200000000002,245.507,0.0075,0.0075
18.03.2020 09:14:05.694 GMT-0500,245.562,245.518,0.02,0.02
18.03.2020 09:14:06.946 GMT-0500,245.442,245.388,0.02,0.02
18.03.2020 09:14:06.996 GMT-0500,245.46200000000002,245.387,0.0075,0.02
18.03.2020 09:14:07.326 GMT-0500,245.47299999999998,245.387,0.02,0.02
18.03.2020 09:14:07.377 GMT-0500,245.47299999999998,245.387,0.02,0.02
18.03.2020 09:14:07.567 GMT-0500,245.47299999999998,245.39700000000002,0.02,0.0075
18.03.2020 09:14:09.410 GMT-0500,245.813,245.748,0.02,0.0075
18.03.2020 09:14:09.570 GMT-0500,245.77200000000002,245.747,0.0075,0.0075
18.03.2020 09:14:10.559 GMT-0500,245.792,245.698,0.02,0.0075
18.03.2020 09:14:10.660 GMT-0500,245.71200000000002,245.637,0.0075,0.02
18.03.2020 09:14:11.248 GMT-0500,245.752,245.67700000000002,0.0075,0.0075
18.03.2020 09:14:12.025 GMT-0500,245.71200000000002,245.668,0.0075,0.0075
18.03.2020 09:14:12.075 GMT-0500,245.71200000000002,245.61700000000002,0.0075,0.02
18.03.2020 09:14:17.626 GMT-0500,245.482,245.398,0.02,0.02
18.03.2020 09:14:17.677 GMT-0500,245.482,245.407,0.0075,0.02
18.03.2020 09:14:17.955 GMT-0500,245.503,245.458,0.02,0.0075
18.03.2020 09:14:18.055 GMT-0500,245.503,245.428,0.02,0.0075
18.03.2020 09:14:18.256 GMT-0500,245.493,245.428,0.02,0.0075
18.03.2020 09:14:18.306 GMT-0500,245.502,245.428,0.02,0.02
18.03.2020 09:14:18.376 GMT-0500,245.502,245.428,0.02,0.02
18.03.2020 09:14:18.588 GMT-0500,245.493,245.418,0.02,0.0075
18.03.2020 09:14:18.714 GMT-0500,245.502,245.417,0.0075,0.02
18.03.2020 09:14:23.426 GMT-0500,245.653,245.588,0.02,0.0075
18.03.2020 09:14:40.954 GMT-0500,245.983,245.888,0.02,0.0075
18.03.2020 09:14:41.439 GMT-0500,245.983,245.89700000000002,0.02,0.02
18.03.2020 09:14:42.102 GMT-0500,246.123,246.037,0.02,0.02
18.03.2020 09:14:42.377 GMT-0500,246.122,246.038,0.02,0.02
18.03.2020 09:14:42.971 GMT-0500,246.083,246.037,0.02,0.02
18.03.2020 09:14:43.529 GMT-0500,246.02,245.998,0.0075,0.0075
18.03.2020 09:14:43.579 GMT-0500,246.013,245.958,0.02,0.0075
18.03.2020 09:14:43.630 GMT-0500,246.02200000000002,245.958,0.02,0.02
18.03.2020 09:14:43.721 GMT-0500,246.013,245.958,0.02,0.0075
18.03.2020 09:14:43.771 GMT-0500,246.023,245.95700000000002,0.02,0.02
18.03.2020 09:14:43.896 GMT-0500,246.053,245.958,0.02,0.0075
18.03.2020 09:14:45.119 GMT-0500,246.012,245.958,0.0075,0.0075
18.03.2020 09:14:45.170 GMT-0500,246.002,245.928,0.02,0.02
18.03.2020 09:14:45.268 GMT-0500,245.953,245.887,0.02,0.02
18.03.2020 09:14:45.319 GMT-0500,245.97299999999998,245.888,0.02,0.0075
18.03.2020 09:14:45.531 GMT-0500,245.97299999999998,245.888,0.02,0.02
18.03.2020 09:14:45.581 GMT-0500,245.993,245.898,0.02,0.0075
18.03.2020 09:14:45.795 GMT-0500,246.003,245.907,0.02,0.02
18.03.2020 09:14:46.120 GMT-0500,246.003,245.908,0.0075,0.0075
18.03.2020 09:14:47.890 GMT-0500,246.21200000000002,246.14700000000002,0.0075,0.02
18.03.2020 09:14:47.991 GMT-0500,246.253,246.187,0.02,0.02
18.03.2020 09:14:48.094 GMT-0500,246.27200000000002,246.188,0.02,0.02
18.03.2020 09:14:48.281 GMT-0500,246.273,246.187,0.02,0.02
18.03.2020 09:14:50.062 GMT-0500,246.313,246.228,0.02,0.0075
18.03.2020 09:14:52.788 GMT-0500,246.40200000000002,246.317,0.0075,0.0075
18.03.2020 09:14:58.881 GMT-0500,246.323,246.228,0.02,0.0075
18.03.2020 09:14:59.065 GMT-0500,246.253,246.228,0.0075,0.0075
18.03.2020 09:15:03.938 GMT-0500,246.393,246.30700000000002,0.02,0.02
18.03.2020 09:15:04.276 GMT-0500,246.373,246.30700000000002,0.02,0.02
18.03.2020 09:15:04.595 GMT-0500,246.423,246.34799999999998,0.02,0.0075
18.03.2020 09:15:05.909 GMT-0500,246.472,246.398,0.02,0.02
18.03.2020 09:15:07.428 GMT-0500,246.663,246.578,0.02,0.0075
18.03.2020 09:15:07.663 GMT-0500,246.643,246.59799999999998,0.0075,0.0075
18.03.2020 09:15:07.930 GMT-0500,246.683,246.618,0.02,0.0075
18.03.2020 09:15:08.048 GMT-0500,246.68200000000002,246.59799999999998,0.02,0.02
18.03.2020 09:15:08.157 GMT-0500,246.632,246.567,0.0075,0.02
18.03.2020 09:15:09.136 GMT-0500,246.662,246.568,0.02,0.02
18.03.2020 09:15:09.893 GMT-0500,246.663,246.578,0.0075,0.0075
18.03.2020 09:15:09.943 GMT-0500,246.673,246.578,0.02,0.0075
18.03.2020 09:15:11.536 GMT-0500,246.793,246.697,0.0075,0.0075
18.03.2020 09:15:11.588 GMT-0500,246.823,246.727,0.02,0.02
18.03.2020 09:15:11.689 GMT-0500,246.823,246.757,0.02,0.02
18.03.2020 09:15:12.602 GMT-0500,246.86200000000002,246.768,0.02,0.02
18.03.2020 09:15:12.767 GMT-0500,246.882,246.818,0.02,0.0075
18.03.2020 09:15:13.837 GMT-0500,246.68200000000002,246.58700000000002,0.0075,0.02
18.03.2020 09:15:14.183 GMT-0500,246.683,246.58700000000002,0.02,0.02
18.03.2020 09:15:14.584 GMT-0500,246.622,246.538,0.02,0.02
18.03.2020 09:15:17.885 GMT-0500,246.662,246.567,0.0075,0.02
18.03.2020 09:15:22.275 GMT-0500,246.733,246.648,0.02,0.0075
18.03.2020 09:15:22.480 GMT-0500,246.632,246.538,0.02,0.02
18.03.2020 09:15:23.801 GMT-0500,246.553,246.45700000000002,0.02,0.02
18.03.2020 09:15:24.243 GMT-0500,246.52200000000002,246.458,0.0075,0.0075
18.03.2020 09:15:24.294 GMT-0500,246.47299999999998,246.387,0.02,0.02
18.03.2020 09:15:24.345 GMT-0500,246.482,246.387,0.0075,0.02
18.03.2020 09:15:28.944 GMT-0500,246.413,246.39200000000002,0.0075,0.0075
18.03.2020 09:15:30.656 GMT-0500,246.393,246.29700000000003,0.02,0.02
18.03.2020 09:15:32.398 GMT-0500,246.71200000000002,246.678,0.02,0.02
18.03.2020 09:15:32.449 GMT-0500,246.70200000000003,246.628,0.02,0.02
18.03.2020 09:15:32.499 GMT-0500,246.70200000000003,246.64700000000002,0.0075,0.02
18.03.2020 09:15:32.550 GMT-0500,246.733,246.648,0.02,0.0075
18.03.2020 09:15:32.747 GMT-0500,246.733,246.668,0.02,0.0075
18.03.2020 09:15:32.936 GMT-0500,246.70200000000003,246.618,0.02,0.02
18.03.2020 09:15:33.104 GMT-0500,246.70200000000003,246.628,0.02,0.02
18.03.2020 09:15:33.282 GMT-0500,246.722,246.658,0.02,0.02
18.03.2020 09:15:33.490 GMT-0500,246.72299999999998,246.648,0.02,0.0075
18.03.2020 09:15:33.586 GMT-0500,246.72299999999998,246.648,0.02,0.02
18.03.2020 09:15:34.379 GMT-0500,246.72299999999998,246.638,0.02,0.0075
18.03.2020 09:15:35.616 GMT-0500,246.72299999999998,246.627,0.02,0.02
18.03.2020 09:15:36.873 GMT-0500,246.853,246.76700000000002,0.02,0.02
18.03.2020 09:15:37.108 GMT-0500,246.852,246.768,0.02,0.02
18.03.2020 09:15:37.438 GMT-0500,246.86200000000002,246.76700000000002,0.0075,0.02
18.03.2020 09:15:37.661 GMT-0500,246.883,246.788,0.0075,0.0075
18.03.2020 09:15:38.119 GMT-0500,246.89200000000002,246.847,0.0075,0.0075
18.03.2020 09:15:38.170 GMT-0500,246.942,246.84799999999998,0.02,0.02
18.03.2020 09:15:38.233 GMT-0500,246.93200000000002,246.847,0.0075,0.02
18.03.2020 09:15:39.043 GMT-0500,246.89200000000002,246.79700000000003,0.0075,0.0075
18.03.2020 09:15:39.144 GMT-0500,246.913,246.83700000000002,0.02,0.02
18.03.2020 09:15:39.460 GMT-0500,246.913,246.84799999999998,0.0075,0.0075
18.03.2020 09:15:39.510 GMT-0500,246.943,246.858,0.02,0.0075
18.03.2020 09:15:39.627 GMT-0500,246.943,246.857,0.0075,0.02
18.03.2020 09:15:40.427 GMT-0500,246.90200000000002,246.83700000000002,0.0075,0.02
18.03.2020 09:15:41.482 GMT-0500,246.782,246.687,0.0075,0.02
18.03.2020 09:15:41.535 GMT-0500,246.782,246.688,0.02,0.02
18.03.2020 09:15:41.585 GMT-0500,246.783,246.688,0.02,0.0075
18.03.2020 09:15:44.344 GMT-0500,247.002,246.947,0.0075,0.02
18.03.2020 09:15:44.508 GMT-0500,247.053,246.978,0.0075,0.0075
18.03.2020 09:15:47.315 GMT-0500,246.913,246.818,0.02,0.0075
18.03.2020 09:15:47.394 GMT-0500,246.913,246.818,0.02,0.0075
18.03.2020 09:15:47.445 GMT-0500,246.912,246.817,0.0075,0.02
18.03.2020 09:15:52.415 GMT-0500,246.623,246.528,0.02,0.0075
18.03.2020 09:15:52.998 GMT-0500,246.663,246.578,0.02,0.0075
18.03.2020 09:15:54.061 GMT-0500,246.753,246.658,0.02,0.0075
18.03.2020 09:15:54.747 GMT-0500,246.753,246.667,0.02,0.02
18.03.2020 09:15:54.889 GMT-0500,246.752,246.658,0.02,0.02
18.03.2020 09:15:55.067 GMT-0500,246.752,246.667,0.0075,0.0075
18.03.2020 09:15:56.308 GMT-0500,246.96200000000002,246.86700000000002,0.0075,0.02
18.03.2020 09:15:56.529 GMT-0500,246.893,246.798,0.02,0.0075
18.03.2020 09:15:57.429 GMT-0500,247.073,246.997,0.02,0.02
18.03.2020 09:15:57.652 GMT-0500,247.063,246.998,0.02,0.0075
18.03.2020 09:15:57.812 GMT-0500,247.05200000000002,246.958,0.02,0.02
18.03.2020 09:15:58.701 GMT-0500,247.11200000000002,247.028,0.02,0.02
18.03.2020 09:15:59.180 GMT-0500,247.123,247.037,0.02,0.02
18.03.2020 09:15:59.286 GMT-0500,247.132,247.037,0.0075,0.02
18.03.2020 09:15:59.438 GMT-0500,247.072,247.037,0.0075,0.0075
18.03.2020 09:15:59.488 GMT-0500,247.053,246.95700000000002,0.02,0.02
18.03.2020 09:15:59.728 GMT-0500,247.05200000000002,246.95700000000002,0.0075,0.02
18.03.2020 09:16:00.057 GMT-0500,247.05200000000002,246.968,0.02,0.02
18.03.2020 09:16:00.225 GMT-0500,247.132,247.08700000000002,0.0075,0.0075
18.03.2020 09:16:00.572 GMT-0500,247.213,247.128,0.02,0.0075
18.03.2020 09:16:00.685 GMT-0500,247.213,247.127,0.02,0.02
18.03.2020 09:16:00.814 GMT-0500,247.21200000000002,247.138,0.02,0.0075
18.03.2020 09:16:00.915 GMT-0500,247.232,247.148,0.02,0.02
18.03.2020 09:16:01.066 GMT-0500,247.233,247.14700000000002,0.02,0.02
18.03.2020 09:16:01.194 GMT-0500,247.232,247.208,0.0075,0.0075
18.03.2020 09:16:01.245 GMT-0500,247.323,247.258,0.02,0.0075
18.03.2020 09:16:01.516 GMT-0500,247.323,247.227,0.02,0.02
18.03.2020 09:16:01.617 GMT-0500,247.323,247.227,0.02,0.0075
18.03.2020 09:16:01.718 GMT-0500,247.323,247.227,0.02,0.02
18.03.2020 09:16:01.877 GMT-0500,247.322,247.23700000000002,0.0075,0.02
18.03.2020 09:16:01.978 GMT-0500,247.403,247.34799999999998,0.02,0.0075
18.03.2020 09:16:02.251 GMT-0500,247.393,247.317,0.02,0.02
