Local time,Ask,Bid,AskVolume,BidVolume
20.03.2020 08:30:00.116 GMT-0500,1926.5620000000001,1922.9979999999998,0.002,0.002
20.03.2020 08:30:01.124 GMT-0500,1926.3429999999998,1924.1370000000002,0.002,0.0008
20.03.2020 08:30:01.175 GMT-0500,1926.3129999999999,1924.1370000000002,0.002,0.002
20.03.2020 08:30:01.345 GMT-0500,1926.3120000000001,1925.767,0.0008,0.0008
20.03.2020 08:30:02.375 GMT-0500,1927.152,1924.717,0.0008,0.002
20.03.2020 08:30:02.551 GMT-0500,1927.153,1924.717,0.002,0.002
20.03.2020 08:30:02.757 GMT-0500,1926.3220000000001,1924.7179999999998,0.002,0.002
20.03.2020 08:30:02.884 GMT-0500,1926.3020000000001,1924.717,0.0008,0.002
20.03.2020 08:30:03.051 GMT-0500,1926.2220000000002,1924.7179999999998,0.002,0.002
20.03.2020 08:30:03.248 GMT-0500,1926.2220000000002,1924.7179999999998,0.002,0.002
20.03.2020 08:30:03.349 GMT-0500,1927.0720000000001,1925.527,0.0008,0.002
20.03.2020 08:30:04.840 GMT-0500,1930.693,1927.838,0.002,0.0008
20.03.2020 08:30:04.891 GMT-0500,1929.9820000000002,1927.838,0.002,0.002
20.03.2020 08:30:05.043 GMT-0500,1929.9820000000002,1927.838,0.002,0.002
20.03.2020 08:30:05.109 GMT-0500,1930.723,1927.838,0.002,0.0008
20.03.2020 08:30:05.292 GMT-0500,1929.9820000000002,1927.8370000000002,0.0008,0.002
20.03.2020 08:30:05.986 GMT-0500,1931.143,1929.898,0.002,0.0008
20.03.2020 08:30:06.313 GMT-0500,1931.143,1929.898,0.0008,0.0008
20.03.2020 08:30:06.714 GMT-0500,1931.413,1929.5770000000002,0.002,0.002
20.03.2020 08:30:06.805 GMT-0500,1931.132,1929.5670000000002,0.0008,0.002
20.03.2020 08:30:06.940 GMT-0500,1932.3229999999999,1929.588,0.0008,0.0008
20.03.2020 08:30:06.990 GMT-0500,1931.3229999999999,1929.5870000000002,0.002,0.002
20.03.2020 08:30:07.091 GMT-0500,1931.413,1929.608,0.002,0.0008
20.03.2020 08:30:07.434 GMT-0500,1932.003,1930.3870000000002,0.002,0.002
20.03.2020 08:30:07.636 GMT-0500,1932.003,1931.0079999999998,0.002,0.0008
20.03.2020 08:30:07.816 GMT-0500,1932.003,1931.007,0.002,0.002
20.03.2020 08:30:08.132 GMT-0500,1930.582,1929.5770000000002,0.0008,0.002
20.03.2020 08:30:08.427 GMT-0500,1931.4520000000002,1929.828,0.002,0.002
20.03.2020 08:30:09.143 GMT-0500,1931.723,1930.0079999999998,0.0008,0.0008
20.03.2020 08:30:09.317 GMT-0500,1931.723,1930.0079999999998,0.002,0.0008
20.03.2020 08:30:09.773 GMT-0500,1933.6329999999998,1930.0079999999998,0.002,0.0008
20.03.2020 08:30:09.949 GMT-0500,1931.582,1930.0079999999998,0.0008,0.002
20.03.2020 08:30:10.100 GMT-0500,1933.632,1930.0079999999998,0.002,0.002
20.03.2020 08:30:10.334 GMT-0500,1931.582,1930.0079999999998,0.0008,0.002
20.03.2020 08:30:10.384 GMT-0500,1931.582,1929.737,0.0008,0.002
20.03.2020 08:30:10.559 GMT-0500,1933.632,1929.737,0.0008,0.002
20.03.2020 08:30:10.639 GMT-0500,1933.632,1930.0079999999998,0.002,0.002
20.03.2020 08:30:11.217 GMT-0500,1933.632,1930.0079999999998,0.002,0.002
20.03.2020 08:30:13.443 GMT-0500,1935.5320000000002,1933.868,0.002,0.002
20.03.2020 08:30:14.098 GMT-0500,1936.913,1933.6270000000002,0.0008,0.002
20.03.2020 08:30:15.020 GMT-0500,1936.943,1933.628,0.002,0.0008
20.03.2020 08:30:15.071 GMT-0500,1936.953,1933.6270000000002,0.002,0.002
20.03.2020 08:30:15.273 GMT-0500,1934.983,1933.6270000000002,0.0008,0.0008
20.03.2020 08:30:15.324 GMT-0500,1936.7820000000002,1933.6170000000002,0.0008,0.002
20.03.2020 08:30:15.589 GMT-0500,1936.783,1933.9270000000001,0.002,0.002
20.03.2020 08:30:15.749 GMT-0500,1936.902,1933.9279999999999,0.002,0.002
20.03.2020 08:30:16.043 GMT-0500,1936.902,1933.618,0.002,0.002
20.03.2020 08:30:16.150 GMT-0500,1936.902,1933.6170000000002,0.002,0.002
20.03.2020 08:30:16.254 GMT-0500,1934.602,1933.6170000000002,0.0008,0.002
20.03.2020 08:30:16.431 GMT-0500,1934.1029999999998,1933.618,0.0008,0.0008
20.03.2020 08:30:16.481 GMT-0500,1934.6029999999998,1933.618,0.002,0.0008
20.03.2020 08:30:17.970 GMT-0500,1939.003,1935.0079999999998,0.002,0.0008
20.03.2020 08:30:18.146 GMT-0500,1936.2820000000002,1935.0079999999998,0.002,0.002
20.03.2020 08:30:18.623 GMT-0500,1939.003,1935.8970000000002,0.002,0.002
20.03.2020 08:30:18.869 GMT-0500,1939.0020000000002,1935.8970000000002,0.0008,0.002
20.03.2020 08:30:19.025 GMT-0500,1938.9520000000002,1936.8770000000002,0.0008,0.002
20.03.2020 08:30:19.075 GMT-0500,1939.003,1936.8770000000002,0.002,0.002
20.03.2020 08:30:19.125 GMT-0500,1937.862,1936.058,0.002,0.002
20.03.2020 08:30:19.184 GMT-0500,1939.0020000000002,1936.058,0.002,0.002
20.03.2020 08:30:19.301 GMT-0500,1939.0020000000002,1936.0570000000002,0.002,0.002
20.03.2020 08:30:19.402 GMT-0500,1938.983,1936.058,0.002,0.0008
20.03.2020 08:30:19.502 GMT-0500,1939.003,1936.038,0.002,0.0008
20.03.2020 08:30:19.553 GMT-0500,1939.003,1937.2079999999999,0.002,0.0008
20.03.2020 08:30:19.664 GMT-0500,1939.0020000000002,1937.7279999999998,0.002,0.002
20.03.2020 08:30:19.715 GMT-0500,1939.003,1937.038,0.002,0.0008
20.03.2020 08:30:19.829 GMT-0500,1939.003,1937.3670000000002,0.002,0.0008
20.03.2020 08:30:20.242 GMT-0500,1938.643,1937.195,0.0008,0.0008
20.03.2020 08:30:21.735 GMT-0500,1937.2720000000002,1936.007,0.0008,0.0008
20.03.2020 08:30:21.786 GMT-0500,1937.7420000000002,1936.007,0.0008,0.002
20.03.2020 08:30:21.914 GMT-0500,1937.923,1936.007,0.002,0.002
20.03.2020 08:30:22.820 GMT-0500,1937.913,1936.018,0.0008,0.0008
20.03.2020 08:30:22.962 GMT-0500,1937.9920000000002,1936.3370000000002,0.0008,0.0008
20.03.2020 08:30:23.178 GMT-0500,1938.642,1936.338,0.002,0.002
20.03.2020 08:30:23.252 GMT-0500,1938.642,1935.898,0.002,0.002
20.03.2020 08:30:23.302 GMT-0500,1937.4920000000002,1935.898,0.002,0.002
20.03.2020 08:30:23.822 GMT-0500,1937.4920000000002,1935.898,0.002,0.002
20.03.2020 08:30:24.157 GMT-0500,1939.003,1936.4170000000001,0.002,0.002
20.03.2020 08:30:24.499 GMT-0500,1939.003,1936.5870000000002,0.002,0.0008
20.03.2020 08:30:24.625 GMT-0500,1939.003,1936.9470000000001,0.002,0.0008
20.03.2020 08:30:25.032 GMT-0500,1938.643,1936.9470000000001,0.0008,0.002
20.03.2020 08:30:26.370 GMT-0500,1939.0020000000002,1936.9479999999999,0.002,0.002
20.03.2020 08:30:26.421 GMT-0500,1939.0020000000002,1937.007,0.0008,0.002
20.03.2020 08:30:26.597 GMT-0500,1938.653,1937.0079999999998,0.002,0.0008
20.03.2020 08:30:26.839 GMT-0500,1939.003,1937.3070000000002,0.002,0.002
20.03.2020 08:30:27.160 GMT-0500,1938.653,1937.1820000000002,0.0008,0.0008
20.03.2020 08:30:27.853 GMT-0500,1939.003,1937.3070000000002,0.002,0.002
20.03.2020 08:30:28.187 GMT-0500,1938.9420000000002,1937.348,0.002,0.002
20.03.2020 08:30:28.522 GMT-0500,1938.9420000000002,1937.538,0.002,0.0008
20.03.2020 08:30:28.824 GMT-0500,1938.943,1937.538,0.0008,0.0008
20.03.2020 08:30:28.874 GMT-0500,1939.003,1937.538,0.002,0.0008
20.03.2020 08:30:28.924 GMT-0500,1939.003,1938.058,0.002,0.0008
20.03.2020 08:30:29.040 GMT-0500,1939.003,1938.0670000000002,0.002,0.002
20.03.2020 08:30:29.141 GMT-0500,1939.0020000000002,1938.078,0.002,0.002
20.03.2020 08:30:29.412 GMT-0500,1939.003,1938.3070000000002,0.002,0.002
20.03.2020 08:30:29.558 GMT-0500,1939.0020000000002,1938.0670000000002,0.0008,0.002
20.03.2020 08:30:29.849 GMT-0500,1939.003,1938.0670000000002,0.002,0.002
20.03.2020 08:30:30.030 GMT-0500,1939.0020000000002,1938.0670000000002,0.0008,0.002
20.03.2020 08:30:30.266 GMT-0500,1939.003,1938.0670000000002,0.002,0.002
20.03.2020 08:30:30.645 GMT-0500,1939.0020000000002,1938.018,0.002,0.002
20.03.2020 08:30:31.406 GMT-0500,1939.0020000000002,1938.018,0.002,0.002
20.03.2020 08:30:31.456 GMT-0500,1939.003,1938.018,0.002,0.0008
20.03.2020 08:30:31.566 GMT-0500,1937.5120000000002,1935.9479999999999,0.002,0.002
20.03.2020 08:30:32.303 GMT-0500,1937.5120000000002,1935.9479999999999,0.002,0.002
20.03.2020 08:30:33.282 GMT-0500,1937.4920000000002,1933.767,0.002,0.002
20.03.2020 08:30:33.332 GMT-0500,1936.183,1933.767,0.002,0.002
20.03.2020 08:30:34.045 GMT-0500,1937.223,1933.767,0.002,0.002
20.03.2020 08:30:34.133 GMT-0500,1937.223,1935.018,0.002,0.0008
20.03.2020 08:30:34.870 GMT-0500,1937.223,1933.767,0.002,0.002
20.03.2020 08:30:35.907 GMT-0500,1937.2020000000002,1933.767,0.0008,0.002
20.03.2020 08:30:36.825 GMT-0500,1936.673,1933.768,0.0008,0.0008
20.03.2020 08:30:38.857 GMT-0500,1936.673,1935.017,0.002,0.0008
20.03.2020 08:30:40.093 GMT-0500,1936.673,1933.768,0.002,0.002
20.03.2020 08:30:40.144 GMT-0500,1936.673,1933.768,0.002,0.0008
20.03.2020 08:30:40.549 GMT-0500,1935.5929999999998,1933.768,0.002,0.0008
20.03.2020 08:30:41.346 GMT-0500,1935.293,1933.768,0.0008,0.0008
20.03.2020 08:30:42.743 GMT-0500,1935.293,1933.767,0.002,0.002
20.03.2020 08:30:43.043 GMT-0500,1935.293,1934.007,0.0008,0.0008
20.03.2020 08:30:43.093 GMT-0500,1935.9620000000002,1934.007,0.0008,0.002
20.03.2020 08:30:43.223 GMT-0500,1935.963,1933.8370000000002,0.002,0.002
20.03.2020 08:30:45.787 GMT-0500,1937.0320000000002,1933.8370000000002,0.002,0.002
20.03.2020 08:30:45.838 GMT-0500,1937.0320000000002,1933.838,0.002,0.002
20.03.2020 08:30:46.958 GMT-0500,1935.963,1933.838,0.0008,0.0008
20.03.2020 08:30:47.390 GMT-0500,1935.963,1934.8970000000002,0.0008,0.0008
20.03.2020 08:30:47.440 GMT-0500,1937.0320000000002,1935.0079999999998,0.002,0.002
20.03.2020 08:30:47.543 GMT-0500,1936.513,1935.0079999999998,0.002,0.0008
20.03.2020 08:30:47.593 GMT-0500,1937.0320000000002,1935.007,0.0008,0.002
20.03.2020 08:30:48.092 GMT-0500,1939.0020000000002,1935.487,0.0008,0.002
20.03.2020 08:30:49.177 GMT-0500,1939.0020000000002,1935.487,0.002,0.002
20.03.2020 08:30:49.278 GMT-0500,1937.5020000000002,1935.487,0.0008,0.002
20.03.2020 08:30:49.572 GMT-0500,1939.003,1935.987,0.002,0.002
20.03.2020 08:30:50.249 GMT-0500,1938.923,1935.987,0.0008,0.002
20.03.2020 08:30:50.300 GMT-0500,1938.9220000000003,1934.997,0.0008,0.002
20.03.2020 08:30:50.400 GMT-0500,1938.9220000000003,1935.007,0.0008,0.002
20.03.2020 08:30:50.966 GMT-0500,1936.993,1935.007,0.0008,0.002
20.03.2020 08:30:51.080 GMT-0500,1936.993,1936.0079999999998,0.0008,0.0008
20.03.2020 08:30:51.130 GMT-0500,1938.9220000000003,1936.517,0.0008,0.002
20.03.2020 08:30:51.594 GMT-0500,1937.622,1935.528,0.002,0.002
20.03.2020 08:30:51.948 GMT-0500,1938.923,1935.527,0.002,0.002
20.03.2020 08:30:51.998 GMT-0500,1936.993,1935.527,0.002,0.002
20.03.2020 08:30:52.394 GMT-0500,1936.993,1935.068,0.002,0.002
20.03.2020 08:30:52.445 GMT-0500,1936.993,1935.068,0.002,0.0008
20.03.2020 08:30:54.056 GMT-0500,1936.993,1935.0670000000002,0.002,0.002
20.03.2020 08:30:54.488 GMT-0500,1936.2120000000002,1935.068,0.002,0.002
20.03.2020 08:30:55.011 GMT-0500,1936.2120000000002,1934.138,0.002,0.002
20.03.2020 08:30:55.061 GMT-0500,1936.0529999999999,1933.767,0.002,0.002
20.03.2020 08:30:55.185 GMT-0500,1936.0529999999999,1934.4779999999998,0.002,0.0008
20.03.2020 08:30:55.285 GMT-0500,1938.9220000000003,1935.0079999999998,0.002,0.002
20.03.2020 08:30:55.483 GMT-0500,1936.3529999999998,1935.0079999999998,0.0008,0.0008
20.03.2020 08:30:55.533 GMT-0500,1936.3529999999998,1934.9979999999998,0.002,0.0008
20.03.2020 08:30:55.633 GMT-0500,1935.973,1934.4479999999999,0.002,0.0008
20.03.2020 08:30:56.114 GMT-0500,1936.1620000000003,1934.957,0.0008,0.002
20.03.2020 08:30:56.165 GMT-0500,1938.923,1934.957,0.002,0.002
20.03.2020 08:30:56.273 GMT-0500,1938.923,1935.1570000000002,0.002,0.002
20.03.2020 08:30:56.860 GMT-0500,1938.923,1935.3570000000002,0.002,0.0008
20.03.2020 08:30:57.241 GMT-0500,1938.9220000000003,1935.3570000000002,0.002,0.002
20.03.2020 08:30:57.291 GMT-0500,1938.9220000000003,1935.358,0.002,0.002
20.03.2020 08:30:57.715 GMT-0500,1936.473,1934.378,0.002,0.0008
20.03.2020 08:30:57.766 GMT-0500,1936.4720000000002,1935.358,0.002,0.002
20.03.2020 08:30:58.377 GMT-0500,1936.4720000000002,1935.918,0.0008,0.0008
20.03.2020 08:30:58.427 GMT-0500,1936.7120000000002,1935.918,0.002,0.002
20.03.2020 08:30:58.520 GMT-0500,1936.7120000000002,1936.007,0.0008,0.002
20.03.2020 08:30:58.570 GMT-0500,1937.003,1934.467,0.002,0.002
20.03.2020 08:30:58.621 GMT-0500,1938.3829999999998,1936.007,0.002,0.002
20.03.2020 08:30:58.760 GMT-0500,1938.3829999999998,1936.507,0.002,0.0008
20.03.2020 08:30:58.811 GMT-0500,1938.9220000000003,1936.5079999999998,0.002,0.002
20.03.2020 08:30:58.862 GMT-0500,1938.9220000000003,1936.007,0.0008,0.002
20.03.2020 08:30:59.062 GMT-0500,1938.923,1936.007,0.002,0.0008
20.03.2020 08:31:00.149 GMT-0500,1938.0020000000002,1934.527,0.0008,0.002
20.03.2020 08:31:00.362 GMT-0500,1938.003,1936.0079999999998,0.002,0.0008
20.03.2020 08:31:00.415 GMT-0500,1938.003,1935.3570000000002,0.002,0.002
20.03.2020 08:31:00.466 GMT-0500,1938.003,1934.4479999999999,0.002,0.0008
20.03.2020 08:31:00.516 GMT-0500,1935.9720000000002,1934.4470000000001,0.0008,0.002
20.03.2020 08:31:00.853 GMT-0500,1935.4920000000002,1934.4479999999999,0.002,0.002
20.03.2020 08:31:00.903 GMT-0500,1935.213,1932.9979999999998,0.002,0.0008
20.03.2020 08:31:01.367 GMT-0500,1934.763,1932.9979999999998,0.002,0.0008
20.03.2020 08:31:01.999 GMT-0500,1934.763,1933.997,0.002,0.0008
20.03.2020 08:31:02.926 GMT-0500,1934.7620000000002,1933.9979999999998,0.0008,0.002
20.03.2020 08:31:02.976 GMT-0500,1935.203,1933.9979999999998,0.002,0.0008
20.03.2020 08:31:03.261 GMT-0500,1935.7820000000002,1933.997,0.0008,0.002
20.03.2020 08:31:04.029 GMT-0500,1935.7820000000002,1933.997,0.002,0.002
20.03.2020 08:31:04.801 GMT-0500,1935.193,1934.4979999999998,0.0008,0.0008
20.03.2020 08:31:04.851 GMT-0500,1935.7820000000002,1933.997,0.0008,0.002
20.03.2020 08:31:04.996 GMT-0500,1935.7820000000002,1934.007,0.0008,0.0008
20.03.2020 08:31:05.238 GMT-0500,1935.783,1934.007,0.002,0.0008
20.03.2020 08:31:05.289 GMT-0500,1935.783,1933.9979999999998,0.002,0.0008
20.03.2020 08:31:05.677 GMT-0500,1935.8500000000001,1935.618,0.0008,0.0008
20.03.2020 08:31:05.727 GMT-0500,1938.003,1935.618,0.002,0.0008
20.03.2020 08:31:05.874 GMT-0500,1937.4620000000002,1935.618,0.0008,0.0008
20.03.2020 08:31:05.924 GMT-0500,1937.463,1935.007,0.002,0.002
20.03.2020 08:31:06.025 GMT-0500,1938.0020000000002,1935.007,0.0008,0.002
20.03.2020 08:31:06.449 GMT-0500,1938.0020000000002,1935.0079999999998,0.002,0.002
20.03.2020 08:31:06.599 GMT-0500,1937.3129999999999,1936.0079999999998,0.002,0.0008
20.03.2020 08:31:06.712 GMT-0500,1937.243,1936.007,0.002,0.002
20.03.2020 08:31:06.762 GMT-0500,1938.0020000000002,1936.0079999999998,0.002,0.002
20.03.2020 08:31:07.062 GMT-0500,1937.523,1936.0079999999998,0.0008,0.0008
20.03.2020 08:31:07.112 GMT-0500,1938.003,1936.0079999999998,0.002,0.0008
20.03.2020 08:31:07.603 GMT-0500,1938.003,1936.007,0.002,0.002
20.03.2020 08:31:08.064 GMT-0500,1936.5720000000001,1935.018,0.002,0.002
20.03.2020 08:31:08.115 GMT-0500,1936.8429999999998,1935.018,0.002,0.0008
20.03.2020 08:31:08.227 GMT-0500,1938.003,1935.017,0.002,0.002
20.03.2020 08:31:08.402 GMT-0500,1938.003,1935.017,0.002,0.002
20.03.2020 08:31:08.591 GMT-0500,1936.9920000000002,1935.5079999999998,0.0008,0.002
20.03.2020 08:31:09.161 GMT-0500,1936.0320000000002,1932.9979999999998,0.002,0.002
20.03.2020 08:31:10.421 GMT-0500,1935.723,1932.9979999999998,0.0008,0.0008
20.03.2020 08:31:11.146 GMT-0500,1938.0020000000002,1935.007,0.0008,0.0008
20.03.2020 08:31:11.246 GMT-0500,1938.003,1935.358,0.002,0.0008
20.03.2020 08:31:11.347 GMT-0500,1937.3629999999998,1935.9470000000001,0.002,0.002
20.03.2020 08:31:11.563 GMT-0500,1937.3629999999998,1935.9470000000001,0.002,0.002
20.03.2020 08:31:11.613 GMT-0500,1938.0020000000002,1936.007,0.0008,0.002
20.03.2020 08:31:12.536 GMT-0500,1937.523,1936.0079999999998,0.002,0.0008
20.03.2020 08:31:12.642 GMT-0500,1938.003,1936.007,0.002,0.002
20.03.2020 08:31:12.751 GMT-0500,1938.003,1934.9979999999998,0.002,0.002
20.03.2020 08:31:13.141 GMT-0500,1938.003,1934.9979999999998,0.002,0.0008
20.03.2020 08:31:13.191 GMT-0500,1938.003,1937.0079999999998,0.002,0.0008
20.03.2020 08:31:13.296 GMT-0500,1938.9220000000003,1937.5079999999998,0.002,0.002
20.03.2020 08:31:13.667 GMT-0500,1938.9220000000003,1937.007,0.0008,0.002
20.03.2020 08:31:14.500 GMT-0500,1938.9220000000003,1937.2279999999998,0.002,0.0008
20.03.2020 08:31:15.708 GMT-0500,1939.003,1937.2279999999998,0.002,0.002
20.03.2020 08:31:15.758 GMT-0500,1939.003,1937.9279999999999,0.002,0.0008
20.03.2020 08:31:15.928 GMT-0500,1939.003,1937.237,0.002,0.002
20.03.2020 08:31:15.978 GMT-0500,1939.0020000000002,1937.9470000000001,0.0008,0.002
20.03.2020 08:31:16.704 GMT-0500,1939.0020000000002,1938.755,0.0008,0.0008
20.03.2020 08:31:16.755 GMT-0500,1939.2620000000002,1938.1870000000001,0.0008,0.002
20.03.2020 08:31:17.679 GMT-0500,1939.263,1936.118,0.002,0.0008
20.03.2020 08:31:17.767 GMT-0500,1939.263,1937.398,0.002,0.0008
20.03.2020 08:31:17.984 GMT-0500,1939.263,1937.3970000000002,0.002,0.002
20.03.2020 08:31:18.226 GMT-0500,1938.9920000000002,1937.3970000000002,0.0008,0.002
20.03.2020 08:31:18.441 GMT-0500,1939.003,1937.398,0.002,0.0008
20.03.2020 08:31:18.839 GMT-0500,1939.003,1937.398,0.002,0.002
20.03.2020 08:31:20.206 GMT-0500,1938.9920000000002,1937.7279999999998,0.0008,0.0008
20.03.2020 08:31:20.257 GMT-0500,1938.9920000000002,1937.388,0.002,0.002
20.03.2020 08:31:20.403 GMT-0500,1938.9920000000002,1937.3870000000002,0.002,0.002
20.03.2020 08:31:20.454 GMT-0500,1939.003,1937.3870000000002,0.002,0.002
20.03.2020 08:31:20.504 GMT-0500,1938.993,1937.3870000000002,0.002,0.002
20.03.2020 08:31:20.933 GMT-0500,1938.993,1936.118,0.002,0.0008
20.03.2020 08:31:21.006 GMT-0500,1938.993,1936.118,0.002,0.002
20.03.2020 08:31:21.201 GMT-0500,1938.9920000000002,1936.997,0.0008,0.002
20.03.2020 08:31:21.332 GMT-0500,1938.1820000000002,1936.1170000000002,0.002,0.002
20.03.2020 08:31:21.382 GMT-0500,1937.582,1936.1170000000002,0.0008,0.002
20.03.2020 08:31:21.432 GMT-0500,1937.2320000000002,1936.118,0.002,0.002
20.03.2020 08:31:21.483 GMT-0500,1939.003,1936.118,0.002,0.0008
20.03.2020 08:31:21.682 GMT-0500,1939.003,1936.118,0.002,0.0008
20.03.2020 08:31:21.994 GMT-0500,1937.9320000000002,1936.118,0.002,0.002
20.03.2020 08:31:22.600 GMT-0500,1939.0020000000002,1936.3970000000002,0.0008,0.002
20.03.2020 08:31:22.725 GMT-0500,1939.0020000000002,1937.0079999999998,0.002,0.002
20.03.2020 08:31:23.911 GMT-0500,1939.0020000000002,1937.217,0.0008,0.002
20.03.2020 08:31:24.338 GMT-0500,1938.9420000000002,1937.217,0.0008,0.002
20.03.2020 08:31:24.439 GMT-0500,1938.943,1937.257,0.002,0.002
20.03.2020 08:31:24.637 GMT-0500,1939.003,1936.398,0.002,0.0008
20.03.2020 08:31:24.696 GMT-0500,1939.0020000000002,1936.398,0.002,0.002
20.03.2020 08:31:24.796 GMT-0500,1939.0020000000002,1937.2579999999998,0.002,0.002
20.03.2020 08:31:25.256 GMT-0500,1939.0020000000002,1937.278,0.002,0.0008
20.03.2020 08:31:26.017 GMT-0500,1939.0020000000002,1938.148,0.0008,0.0008
20.03.2020 08:31:26.067 GMT-0500,1939.632,1938.148,0.002,0.002
20.03.2020 08:31:26.177 GMT-0500,1939.612,1938.148,0.0008,0.002
20.03.2020 08:31:26.277 GMT-0500,1939.6329999999998,1936.3970000000002,0.002,0.002
20.03.2020 08:31:26.327 GMT-0500,1938.993,1936.398,0.002,0.0008
20.03.2020 08:31:26.582 GMT-0500,1939.402,1938.007,0.0008,0.002
20.03.2020 08:31:26.633 GMT-0500,1939.483,1938.0079999999998,0.002,0.0008
20.03.2020 08:31:26.704 GMT-0500,1939.372,1936.398,0.002,0.002
20.03.2020 08:31:26.754 GMT-0500,1939.483,1938.018,0.002,0.0008
20.03.2020 08:31:26.923 GMT-0500,1939.483,1938.027,0.002,0.0008
20.03.2020 08:31:27.069 GMT-0500,1939.602,1938.027,0.002,0.002
20.03.2020 08:31:27.170 GMT-0500,1939.0020000000002,1938.1170000000002,0.0008,0.002
20.03.2020 08:31:27.428 GMT-0500,1939.0020000000002,1938.5670000000002,0.0008,0.0008
20.03.2020 08:31:27.529 GMT-0500,1939.003,1938.568,0.002,0.0008
20.03.2020 08:31:27.579 GMT-0500,1939.003,1938.3370000000002,0.002,0.002
20.03.2020 08:31:27.679 GMT-0500,1939.003,1938.1170000000002,0.002,0.002
20.03.2020 08:31:28.209 GMT-0500,1939.0020000000002,1938.1170000000002,0.0008,0.002
20.03.2020 08:31:28.259 GMT-0500,1939.0020000000002,1938.1370000000002,0.0008,0.002
20.03.2020 08:31:28.659 GMT-0500,1939.0020000000002,1936.3970000000002,0.0008,0.002
20.03.2020 08:31:28.709 GMT-0500,1939.003,1938.1370000000002,0.002,0.002
20.03.2020 08:31:28.864 GMT-0500,1939.0020000000002,1938.1370000000002,0.0008,0.002
20.03.2020 08:31:29.206 GMT-0500,1939.0020000000002,1938.138,0.002,0.002
20.03.2020 08:31:29.466 GMT-0500,1939.0020000000002,1938.5670000000002,0.0008,0.0008
20.03.2020 08:31:29.648 GMT-0500,1939.0020000000002,1938.138,0.002,0.002
20.03.2020 08:31:29.698 GMT-0500,1939.0020000000002,1938.138,0.002,0.002
20.03.2020 08:31:30.143 GMT-0500,1939.0020000000002,1936.398,0.002,0.002
20.03.2020 08:31:30.194 GMT-0500,1939.003,1938.1370000000002,0.002,0.002
20.03.2020 08:31:30.987 GMT-0500,1939.372,1938.598,0.002,0.002
20.03.2020 08:31:31.333 GMT-0500,1939.142,1938.138,0.002,0.002
20.03.2020 08:31:31.938 GMT-0500,1942.652,1938.727,0.0008,0.0008
20.03.2020 08:31:32.245 GMT-0500,1939.63,1938.798,0.0008,0.0008
20.03.2020 08:31:32.295 GMT-0500,1939.5620000000001,1937.5970000000002,0.0008,0.002
20.03.2020 08:31:33.020 GMT-0500,1939.5620000000001,1936.9979999999998,0.002,0.002
20.03.2020 08:31:33.149 GMT-0500,1939.5620000000001,1936.9979999999998,0.002,0.002
20.03.2020 08:31:33.200 GMT-0500,1937.743,1936.398,0.002,0.0008
20.03.2020 08:31:33.986 GMT-0500,1937.743,1936.608,0.002,0.0008
20.03.2020 08:31:34.036 GMT-0500,1938.993,1937.0370000000003,0.002,0.002
20.03.2020 08:31:34.179 GMT-0500,1938.993,1936.888,0.002,0.002
20.03.2020 08:31:34.229 GMT-0500,1938.862,1936.888,0.002,0.002
20.03.2020 08:31:34.594 GMT-0500,1938.862,1936.628,0.002,0.002
20.03.2020 08:31:35.170 GMT-0500,1938.862,1936.608,0.002,0.002
20.03.2020 08:31:35.891 GMT-0500,1938.723,1936.6070000000002,0.002,0.002
20.03.2020 08:31:36.254 GMT-0500,1938.0020000000002,1936.6070000000002,0.0008,0.002
20.03.2020 08:31:36.383 GMT-0500,1938.0020000000002,1937.2970000000003,0.0008,0.0008
20.03.2020 08:31:36.434 GMT-0500,1938.5020000000002,1936.608,0.002,0.002
20.03.2020 08:31:37.182 GMT-0500,1938.5020000000002,1936.618,0.0008,0.0008
20.03.2020 08:31:37.232 GMT-0500,1938.9920000000002,1936.628,0.002,0.002
20.03.2020 08:31:37.309 GMT-0500,1938.993,1937.007,0.002,0.002
20.03.2020 08:31:37.673 GMT-0500,1938.993,1937.028,0.0008,0.0008
20.03.2020 08:31:39.070 GMT-0500,1937.4920000000002,1936.6070000000002,0.0008,0.002
20.03.2020 08:31:39.781 GMT-0500,1938.9920000000002,1937.207,0.0008,0.002
20.03.2020 08:31:40.820 GMT-0500,1938.993,1938.058,0.002,0.0008
20.03.2020 08:31:40.931 GMT-0500,1939.413,1938.0570000000002,0.0008,0.002
20.03.2020 08:31:41.309 GMT-0500,1938.9920000000002,1938.0670000000002,0.0008,0.002
20.03.2020 08:31:41.460 GMT-0500,1939.533,1938.528,0.0008,0.0008
20.03.2020 08:31:43.326 GMT-0500,1938.4120000000003,1936.6070000000002,0.0008,0.002
20.03.2020 08:31:44.886 GMT-0500,1938.9920000000002,1936.6070000000002,0.002,0.002
20.03.2020 08:31:44.936 GMT-0500,1938.9920000000002,1936.6070000000002,0.0008,0.002
20.03.2020 08:31:45.705 GMT-0500,1938.622,1936.6070000000002,0.0008,0.002
20.03.2020 08:31:46.090 GMT-0500,1938.5020000000002,1936.6070000000002,0.002,0.002
20.03.2020 08:31:46.907 GMT-0500,1938.043,1936.608,0.002,0.0008
20.03.2020 08:31:47.112 GMT-0500,1937.5629999999999,1936.3970000000002,0.002,0.002
20.03.2020 08:31:47.300 GMT-0500,1937.5629999999999,1936.398,0.002,0.0008
20.03.2020 08:31:47.351 GMT-0500,1935.9920000000002,1934.9979999999998,0.002,0.002
20.03.2020 08:31:48.657 GMT-0500,1935.9920000000002,1932.997,0.002,0.002
20.03.2020 08:31:48.757 GMT-0500,1936.943,1934.3570000000002,0.002,0.002
20.03.2020 08:31:48.858 GMT-0500,1935.892,1932.9979999999998,0.002,0.002
20.03.2020 08:31:50.450 GMT-0500,1935.893,1932.9979999999998,0.002,0.002
20.03.2020 08:31:50.577 GMT-0500,1935.892,1932.9979999999998,0.002,0.002
20.03.2020 08:31:52.116 GMT-0500,1935.8329999999999,1932.9979999999998,0.0008,0.0008
20.03.2020 08:31:53.151 GMT-0500,1934.993,1932.997,0.0008,0.002
20.03.2020 08:31:56.990 GMT-0500,1939.003,1935.4579999999999,0.002,0.0008
20.03.2020 08:31:57.334 GMT-0500,1939.003,1935.457,0.002,0.002
20.03.2020 08:31:58.254 GMT-0500,1939.0020000000002,1935.457,0.002,0.002
20.03.2020 08:31:58.305 GMT-0500,1939.0020000000002,1935.457,0.0008,0.002
20.03.2020 08:32:00.011 GMT-0500,1936.9920000000002,1933.967,0.0008,0.002
20.03.2020 08:32:00.090 GMT-0500,1936.9920000000002,1935.018,0.002,0.0008
20.03.2020 08:32:00.140 GMT-0500,1936.993,1935.007,0.002,0.002
20.03.2020 08:32:00.759 GMT-0500,1936.993,1935.028,0.002,0.0008
20.03.2020 08:32:01.311 GMT-0500,1936.9620000000002,1935.028,0.0008,0.002
20.03.2020 08:32:01.733 GMT-0500,1936.9820000000002,1935.028,0.002,0.002
20.03.2020 08:32:01.784 GMT-0500,1936.9820000000002,1935.207,0.0008,0.002
20.03.2020 08:32:01.836 GMT-0500,1936.963,1935.2079999999999,0.002,0.0008
20.03.2020 08:32:02.160 GMT-0500,1935.9920000000002,1934.9979999999998,0.002,0.002
20.03.2020 08:32:02.498 GMT-0500,1939.0020000000002,1935.007,0.0008,0.0008
20.03.2020 08:32:03.255 GMT-0500,1935.993,1934.997,0.002,0.002
20.03.2020 08:32:03.793 GMT-0500,1935.993,1934.9979999999998,0.002,0.0008
20.03.2020 08:32:04.374 GMT-0500,1939.0020000000002,1935.0079999999998,0.002,0.002
20.03.2020 08:32:04.735 GMT-0500,1935.9920000000002,1935.6070000000002,0.0008,0.0008
20.03.2020 08:32:04.786 GMT-0500,1936.9920000000002,1935.6070000000002,0.0008,0.002
20.03.2020 08:32:05.122 GMT-0500,1936.9820000000002,1935.608,0.002,0.002
20.03.2020 08:32:05.274 GMT-0500,1936.9820000000002,1935.8570000000002,0.0008,0.0008
20.03.2020 08:32:05.324 GMT-0500,1939.0020000000002,1935.8570000000002,0.0008,0.002
20.03.2020 08:32:05.615 GMT-0500,1939.0020000000002,1936.7179999999998,0.002,0.0008
20.03.2020 08:32:05.811 GMT-0500,1939.003,1936.778,0.002,0.0008
20.03.2020 08:32:06.002 GMT-0500,1938.893,1936.777,0.002,0.002
20.03.2020 08:32:07.382 GMT-0500,1939.0020000000002,1936.7479999999998,0.002,0.002
20.03.2020 08:32:07.615 GMT-0500,1939.0020000000002,1936.747,0.002,0.002
20.03.2020 08:32:07.665 GMT-0500,1937.983,1936.4279999999999,0.002,0.0008
20.03.2020 08:32:07.728 GMT-0500,1938.0829999999999,1936.4270000000001,0.002,0.002
20.03.2020 08:32:07.989 GMT-0500,1938.0829999999999,1936.628,0.002,0.0008
20.03.2020 08:32:08.291 GMT-0500,1938.082,1936.638,0.002,0.0008
20.03.2020 08:32:08.342 GMT-0500,1938.082,1936.6370000000002,0.0008,0.002
20.03.2020 08:32:09.102 GMT-0500,1939.0020000000002,1937.0079999999998,0.002,0.0008
20.03.2020 08:32:09.338 GMT-0500,1938.122,1937.1370000000002,0.0008,0.0008
20.03.2020 08:32:09.388 GMT-0500,1939.003,1937.658,0.002,0.0008
20.03.2020 08:32:09.630 GMT-0500,1939.003,1937.6570000000002,0.002,0.002
20.03.2020 08:32:09.767 GMT-0500,1938.983,1937.658,0.0008,0.0008
20.03.2020 08:32:09.818 GMT-0500,1939.003,1937.658,0.002,0.0008
20.03.2020 08:32:10.018 GMT-0500,1939.385,1938.338,0.0008,0.0008
20.03.2020 08:32:10.245 GMT-0500,1942.543,1938.6670000000001,0.002,0.0008
20.03.2020 08:32:10.473 GMT-0500,1939.7220000000002,1938.668,0.002,0.002
20.03.2020 08:32:10.976 GMT-0500,1939.7120000000002,1938.207,0.0008,0.002
20.03.2020 08:32:11.255 GMT-0500,1939.723,1938.207,0.002,0.002
20.03.2020 08:32:11.522 GMT-0500,1939.723,1938.207,0.002,0.002
20.03.2020 08:32:13.371 GMT-0500,1939.723,1938.658,0.002,0.0008
20.03.2020 08:32:13.421 GMT-0500,1939.723,1938.277,0.002,0.002
20.03.2020 08:32:13.486 GMT-0500,1939.723,1939.007,0.002,0.0008
20.03.2020 08:32:13.536 GMT-0500,1939.7220000000002,1938.278,0.002,0.002
20.03.2020 08:32:13.601 GMT-0500,1939.7220000000002,1938.658,0.002,0.0008
20.03.2020 08:32:13.958 GMT-0500,1939.503,1938.658,0.0008,0.0008
20.03.2020 08:32:14.009 GMT-0500,1939.723,1938.658,0.002,0.0008
20.03.2020 08:32:14.502 GMT-0500,1939.773,1938.658,0.002,0.0008
20.03.2020 08:32:14.871 GMT-0500,1939.7720000000002,1938.658,0.002,0.002
20.03.2020 08:32:14.989 GMT-0500,1942.5420000000001,1938.788,0.002,0.002
20.03.2020 08:32:15.335 GMT-0500,1943.003,1939.3070000000002,0.002,0.002
20.03.2020 08:32:15.436 GMT-0500,1941.852,1939.408,0.002,0.002
20.03.2020 08:32:15.593 GMT-0500,1941.852,1939.737,0.0008,0.0008
20.03.2020 08:32:15.644 GMT-0500,1943.0020000000002,1939.737,0.0008,0.002
20.03.2020 08:32:15.815 GMT-0500,1941.283,1939.737,0.0008,0.0008
20.03.2020 08:32:16.025 GMT-0500,1941.2820000000002,1938.967,0.0008,0.002
20.03.2020 08:32:17.343 GMT-0500,1939.993,1938.4779999999998,0.002,0.0008
20.03.2020 08:32:17.647 GMT-0500,1939.993,1939.6770000000001,0.0008,0.0008
20.03.2020 08:32:17.697 GMT-0500,1941.2820000000002,1939.0079999999998,0.002,0.002
20.03.2020 08:32:17.748 GMT-0500,1940.112,1938.477,0.0008,0.002
20.03.2020 08:32:17.864 GMT-0500,1941.2820000000002,1938.477,0.002,0.002
20.03.2020 08:32:17.914 GMT-0500,1941.283,1939.298,0.002,0.0008
20.03.2020 08:32:18.352 GMT-0500,1941.283,1939.0079999999998,0.002,0.002
20.03.2020 08:32:18.402 GMT-0500,1941.283,1939.5570000000002,0.002,0.002
20.03.2020 08:32:18.453 GMT-0500,1941.2220000000002,1939.088,0.002,0.002
20.03.2020 08:32:18.503 GMT-0500,1941.163,1939.088,0.002,0.0008
20.03.2020 08:32:18.689 GMT-0500,1940.3629999999998,1939.0079999999998,0.002,0.0008
20.03.2020 08:32:18.740 GMT-0500,1941.283,1939.007,0.002,0.002
20.03.2020 08:32:19.259 GMT-0500,1941.2820000000002,1939.007,0.0008,0.0008
20.03.2020 08:32:19.936 GMT-0500,1941.283,1939.0079999999998,0.002,0.0008
20.03.2020 08:32:21.422 GMT-0500,1941.173,1939.018,0.002,0.0008
20.03.2020 08:32:21.473 GMT-0500,1941.163,1939.018,0.002,0.0008
20.03.2020 08:32:21.638 GMT-0500,1941.163,1939.018,0.002,0.002
20.03.2020 08:32:21.688 GMT-0500,1941.283,1939.3170000000002,0.002,0.002
20.03.2020 08:32:21.793 GMT-0500,1941.283,1939.4979999999998,0.002,0.0008
20.03.2020 08:32:21.843 GMT-0500,1941.6920000000002,1939.4679999999998,0.002,0.002
20.03.2020 08:32:22.172 GMT-0500,1941.6920000000002,1939.467,0.002,0.002
20.03.2020 08:32:22.467 GMT-0500,1941.183,1939.7479999999998,0.002,0.0008
20.03.2020 08:32:22.567 GMT-0500,1943.003,1939.9270000000001,0.002,0.002
20.03.2020 08:32:22.668 GMT-0500,1943.0020000000002,1940.1270000000002,0.0008,0.002
20.03.2020 08:32:23.141 GMT-0500,1941.5620000000001,1940.1270000000002,0.0008,0.002
20.03.2020 08:32:23.377 GMT-0500,1941.5620000000001,1940.128,0.002,0.002
20.03.2020 08:32:23.845 GMT-0500,1940.9420000000002,1939.737,0.0008,0.002
20.03.2020 08:32:23.895 GMT-0500,1940.943,1939.737,0.002,0.002
20.03.2020 08:32:24.068 GMT-0500,1940.943,1939.7379999999998,0.0008,0.0008
20.03.2020 08:32:24.203 GMT-0500,1940.953,1939.7379999999998,0.0008,0.0008
20.03.2020 08:32:24.453 GMT-0500,1940.933,1939.737,0.0008,0.002
20.03.2020 08:32:24.912 GMT-0500,1940.9420000000002,1939.737,0.0008,0.002
20.03.2020 08:32:24.963 GMT-0500,1941.513,1940.7579999999998,0.002,0.0008
20.03.2020 08:32:25.013 GMT-0500,1941.933,1940.7579999999998,0.002,0.0008
20.03.2020 08:32:25.294 GMT-0500,1941.9320000000002,1940.7579999999998,0.002,0.002
20.03.2020 08:32:25.344 GMT-0500,1943.0020000000002,1940.9579999999999,0.002,0.002
20.03.2020 08:32:25.395 GMT-0500,1943.003,1941.1170000000002,0.002,0.002
20.03.2020 08:32:26.036 GMT-0500,1943.0020000000002,1940.507,0.0008,0.002
20.03.2020 08:32:26.805 GMT-0500,1941.783,1940.5079999999998,0.002,0.0008
20.03.2020 08:32:27.359 GMT-0500,1941.783,1940.507,0.0008,0.002
20.03.2020 08:32:27.409 GMT-0500,1943.0020000000002,1940.507,0.0008,0.002
20.03.2020 08:32:27.867 GMT-0500,1943.0020000000002,1940.528,0.002,0.0008
20.03.2020 08:32:28.118 GMT-0500,1941.763,1940.527,0.002,0.002
20.03.2020 08:32:29.007 GMT-0500,1941.763,1940.517,0.002,0.002
20.03.2020 08:32:30.160 GMT-0500,1941.473,1937.5079999999998,0.002,0.0008
20.03.2020 08:32:30.394 GMT-0500,1941.473,1937.507,0.0008,0.002
20.03.2020 08:32:30.495 GMT-0500,1943.0020000000002,1941.517,0.0008,0.002
20.03.2020 08:32:30.613 GMT-0500,1943.003,1941.5079999999998,0.002,0.0008
20.03.2020 08:32:30.731 GMT-0500,1943.0020000000002,1941.467,0.0008,0.002
20.03.2020 08:32:30.899 GMT-0500,1943.003,1940.517,0.002,0.002
20.03.2020 08:32:31.132 GMT-0500,1943.003,1941.318,0.002,0.0008
20.03.2020 08:32:31.555 GMT-0500,1943.0020000000002,1941.8570000000002,0.0008,0.0008
20.03.2020 08:32:32.364 GMT-0500,1943.003,1941.8570000000002,0.002,0.002
20.03.2020 08:32:33.052 GMT-0500,1943.0020000000002,1942.278,0.002,0.002
20.03.2020 08:32:33.152 GMT-0500,1943.4620000000002,1942.388,0.002,0.002
20.03.2020 08:32:33.203 GMT-0500,1943.463,1940.527,0.002,0.002
20.03.2020 08:32:33.271 GMT-0500,1943.443,1942.3870000000002,0.002,0.002
20.03.2020 08:32:33.322 GMT-0500,1943.4620000000002,1942.3870000000002,0.0008,0.002
20.03.2020 08:32:33.802 GMT-0500,1943.4620000000002,1942.408,0.002,0.0008
20.03.2020 08:32:33.927 GMT-0500,1943.4620000000002,1942.9779999999998,0.002,0.0008
20.03.2020 08:32:33.978 GMT-0500,1944.513,1942.778,0.002,0.0008
20.03.2020 08:32:34.028 GMT-0500,1944.0020000000002,1942.778,0.002,0.002
20.03.2020 08:32:34.375 GMT-0500,1944.0020000000002,1940.5079999999998,0.002,0.002
20.03.2020 08:32:34.426 GMT-0500,1943.9820000000002,1940.5770000000002,0.0008,0.002
20.03.2020 08:32:34.591 GMT-0500,1943.983,1940.997,0.002,0.002
20.03.2020 08:32:34.642 GMT-0500,1943.9920000000002,1940.9979999999998,0.002,0.002
20.03.2020 08:32:34.695 GMT-0500,1943.9920000000002,1942.5079999999998,0.002,0.0008
20.03.2020 08:32:35.201 GMT-0500,1943.773,1942.5079999999998,0.0008,0.0008
20.03.2020 08:32:35.540 GMT-0500,1943.773,1942.527,0.002,0.002
20.03.2020 08:32:35.885 GMT-0500,1944.0020000000002,1940.9979999999998,0.002,0.002
20.03.2020 08:32:36.035 GMT-0500,1945.003,1943.2179999999998,0.002,0.0008
20.03.2020 08:32:36.401 GMT-0500,1945.0020000000002,1943.598,0.002,0.0008
20.03.2020 08:32:36.452 GMT-0500,1944.5020000000002,1943.2279999999998,0.002,0.002
20.03.2020 08:32:36.816 GMT-0500,1944.4920000000002,1943.2279999999998,0.0008,0.002
20.03.2020 08:32:36.917 GMT-0500,1944.5020000000002,1943.2279999999998,0.002,0.002
20.03.2020 08:32:37.108 GMT-0500,1944.4920000000002,1943.227,0.0008,0.002
20.03.2020 08:32:37.494 GMT-0500,1944.5020000000002,1940.9979999999998,0.002,0.002
20.03.2020 08:32:37.667 GMT-0500,1944.4920000000002,1940.9979999999998,0.0008,0.002
20.03.2020 08:32:38.122 GMT-0500,1944.4920000000002,1943.348,0.002,0.002
20.03.2020 08:32:38.256 GMT-0500,1944.4920000000002,1940.9979999999998,0.002,0.002
20.03.2020 08:32:38.349 GMT-0500,1944.2520000000002,1940.9979999999998,0.0008,0.002
20.03.2020 08:32:38.399 GMT-0500,1944.493,1943.267,0.002,0.002
20.03.2020 08:32:38.781 GMT-0500,1944.393,1940.997,0.0008,0.002
20.03.2020 08:32:39.014 GMT-0500,1944.393,1940.9979999999998,0.002,0.0008
20.03.2020 08:32:39.422 GMT-0500,1943.4220000000003,1940.997,0.0008,0.002
20.03.2020 08:32:41.153 GMT-0500,1943.4220000000003,1940.997,0.0008,0.002
20.03.2020 08:32:41.376 GMT-0500,1942.4120000000003,1942.277,0.0008,0.0008
20.03.2020 08:32:41.427 GMT-0500,1942.393,1940.997,0.002,0.002
20.03.2020 08:32:41.481 GMT-0500,1942.393,1940.5079999999998,0.002,0.002
20.03.2020 08:32:41.531 GMT-0500,1941.693,1940.5079999999998,0.002,0.0008
20.03.2020 08:32:42.144 GMT-0500,1941.693,1940.038,0.002,0.002
20.03.2020 08:32:42.195 GMT-0500,1941.092,1937.267,0.0008,0.002
20.03.2020 08:32:42.245 GMT-0500,1941.0929999999998,1940.217,0.002,0.002
20.03.2020 08:32:42.495 GMT-0500,1941.0929999999998,1940.217,0.002,0.002
20.03.2020 08:32:42.595 GMT-0500,1941.0929999999998,1937.268,0.002,0.0008
20.03.2020 08:32:43.344 GMT-0500,1941.0929999999998,1940.128,0.0008,0.0008
20.03.2020 08:32:43.395 GMT-0500,1942.153,1940.128,0.002,0.0008
20.03.2020 08:32:44.146 GMT-0500,1942.152,1940.3370000000002,0.0008,0.002
20.03.2020 08:32:44.784 GMT-0500,1942.152,1940.4379999999999,0.002,0.002
20.03.2020 08:32:45.971 GMT-0500,1942.152,1940.4370000000001,0.002,0.002
20.03.2020 08:32:46.022 GMT-0500,1941.0829999999999,1937.568,0.002,0.0008
20.03.2020 08:32:46.072 GMT-0500,1940.5929999999998,1937.568,0.002,0.0008
20.03.2020 08:32:46.123 GMT-0500,1941.0729999999999,1937.568,0.002,0.0008
20.03.2020 08:32:46.501 GMT-0500,1941.0720000000001,1939.8570000000002,0.0008,0.0008
20.03.2020 08:32:47.091 GMT-0500,1940.392,1939.007,0.0008,0.002
20.03.2020 08:32:47.354 GMT-0500,1940.393,1938.6970000000001,0.002,0.0008
20.03.2020 08:32:47.828 GMT-0500,1940.393,1939.0079999999998,0.002,0.0008
20.03.2020 08:32:48.246 GMT-0500,1940.793,1939.0079999999998,0.002,0.0008
20.03.2020 08:32:51.318 GMT-0500,1940.793,1937.9979999999998,0.002,0.0008
20.03.2020 08:32:51.576 GMT-0500,1940.773,1939.4479999999999,0.002,0.0008
20.03.2020 08:32:51.838 GMT-0500,1940.773,1937.9979999999998,0.002,0.002
20.03.2020 08:32:51.889 GMT-0500,1940.773,1937.9979999999998,0.002,0.0008
20.03.2020 08:32:52.137 GMT-0500,1940.773,1939.348,0.002,0.0008
20.03.2020 08:32:53.030 GMT-0500,1940.753,1937.9979999999998,0.002,0.0008
20.03.2020 08:32:53.290 GMT-0500,1940.392,1937.9979999999998,0.0008,0.002
20.03.2020 08:32:53.490 GMT-0500,1940.7420000000002,1939.1970000000001,0.002,0.0008
20.03.2020 08:32:53.541 GMT-0500,1940.7420000000002,1937.997,0.0008,0.002
20.03.2020 08:32:53.591 GMT-0500,1940.743,1939.0079999999998,0.002,0.0008
20.03.2020 08:32:54.021 GMT-0500,1940.743,1937.9979999999998,0.002,0.002
20.03.2020 08:32:54.071 GMT-0500,1940.743,1937.9979999999998,0.002,0.0008
20.03.2020 08:32:54.382 GMT-0500,1940.723,1937.9979999999998,0.002,0.0008
20.03.2020 08:32:54.635 GMT-0500,1940.723,1939.017,0.002,0.0008
20.03.2020 08:32:54.942 GMT-0500,1940.723,1938.788,0.002,0.002
20.03.2020 08:32:54.992 GMT-0500,1940.7220000000002,1938.788,0.002,0.002
20.03.2020 08:32:55.570 GMT-0500,1940.7020000000002,1938.788,0.002,0.002
20.03.2020 08:32:57.443 GMT-0500,1940.7020000000002,1938.788,0.002,0.002
20.03.2020 08:32:57.832 GMT-0500,1940.703,1938.788,0.002,0.0008
20.03.2020 08:32:58.385 GMT-0500,1942.0929999999998,1940.088,0.002,0.0008
20.03.2020 08:32:58.591 GMT-0500,1942.0929999999998,1938.788,0.002,0.0008
20.03.2020 08:32:58.894 GMT-0500,1942.153,1938.7870000000003,0.002,0.002
20.03.2020 08:32:59.217 GMT-0500,1942.152,1938.7870000000003,0.0008,0.002
20.03.2020 08:32:59.318 GMT-0500,1941.4720000000002,1938.788,0.002,0.002
20.03.2020 08:32:59.685 GMT-0500,1941.4620000000002,1938.7870000000003,0.0008,0.002
20.03.2020 08:33:00.367 GMT-0500,1941.4620000000002,1938.7870000000003,0.0008,0.002
20.03.2020 08:33:00.923 GMT-0500,1941.4620000000002,1939.048,0.002,0.002
20.03.2020 08:33:00.973 GMT-0500,1940.773,1939.048,0.002,0.0008
20.03.2020 08:33:01.261 GMT-0500,1940.3729999999998,1939.048,0.0008,0.0008
20.03.2020 08:33:01.911 GMT-0500,1940.3729999999998,1937.997,0.002,0.002
20.03.2020 08:33:01.962 GMT-0500,1939.213,1937.997,0.002,0.002
20.03.2020 08:33:02.080 GMT-0500,1941.6129999999998,1937.997,0.002,0.002
20.03.2020 08:33:02.664 GMT-0500,1939.993,1937.997,0.002,0.002
20.03.2020 08:33:04.633 GMT-0500,1938.8220000000001,1937.6470000000002,0.0008,0.002
20.03.2020 08:33:04.683 GMT-0500,1938.902,1937.598,0.002,0.002
20.03.2020 08:33:04.734 GMT-0500,1938.903,1937.608,0.002,0.0008
20.03.2020 08:33:04.850 GMT-0500,1938.903,1935.8470000000002,0.002,0.002
20.03.2020 08:33:04.901 GMT-0500,1938.693,1935.8470000000002,0.002,0.002
20.03.2020 08:33:05.176 GMT-0500,1938.693,1935.8470000000002,0.002,0.002
20.03.2020 08:33:07.394 GMT-0500,1938.673,1937.217,0.0008,0.002
20.03.2020 08:33:07.497 GMT-0500,1939.652,1938.668,0.002,0.002
20.03.2020 08:33:07.548 GMT-0500,1941.6129999999998,1938.668,0.002,0.0008
20.03.2020 08:33:08.108 GMT-0500,1941.6129999999998,1938.668,0.002,0.0008
20.03.2020 08:33:08.240 GMT-0500,1939.5529999999999,1937.717,0.0008,0.002
20.03.2020 08:33:08.290 GMT-0500,1939.652,1937.717,0.0008,0.002
20.03.2020 08:33:09.067 GMT-0500,1941.6129999999998,1937.717,0.002,0.002
20.03.2020 08:33:09.282 GMT-0500,1941.612,1937.717,0.0008,0.002
20.03.2020 08:33:10.108 GMT-0500,1941.6129999999998,1937.727,0.002,0.0008
20.03.2020 08:33:11.343 GMT-0500,1939.2520000000002,1938.67,0.0008,0.0008
20.03.2020 08:33:11.394 GMT-0500,1940.003,1938.7970000000003,0.002,0.002
20.03.2020 08:33:11.547 GMT-0500,1940.003,1936.638,0.002,0.002
20.03.2020 08:33:11.597 GMT-0500,1939.9820000000002,1938.338,0.002,0.002
20.03.2020 08:33:11.914 GMT-0500,1939.9820000000002,1938.338,0.002,0.002
20.03.2020 08:33:12.954 GMT-0500,1940.003,1938.348,0.002,0.0008
20.03.2020 08:33:13.806 GMT-0500,1940.003,1938.348,0.002,0.0008
20.03.2020 08:33:14.486 GMT-0500,1939.993,1938.348,0.002,0.0008
20.03.2020 08:33:14.951 GMT-0500,1940.003,1936.507,0.002,0.002
20.03.2020 08:33:15.470 GMT-0500,1940.003,1936.507,0.002,0.002
20.03.2020 08:33:15.520 GMT-0500,1940.443,1936.507,0.002,0.002
20.03.2020 08:33:15.621 GMT-0500,1941.612,1939.408,0.002,0.002
20.03.2020 08:33:15.786 GMT-0500,1941.612,1939.9470000000001,0.002,0.0008
20.03.2020 08:33:15.836 GMT-0500,1940.993,1939.6170000000002,0.002,0.002
20.03.2020 08:33:16.214 GMT-0500,1941.2120000000002,1939.408,0.002,0.002
20.03.2020 08:33:16.497 GMT-0500,1940.9920000000002,1939.247,0.0008,0.0008
20.03.2020 08:33:16.547 GMT-0500,1940.7920000000001,1939.4070000000002,0.0008,0.002
20.03.2020 08:33:17.124 GMT-0500,1940.993,1939.408,0.002,0.0008
20.03.2020 08:33:17.768 GMT-0500,1940.993,1939.408,0.002,0.002
20.03.2020 08:33:18.616 GMT-0500,1939.9920000000002,1936.497,0.0008,0.002
20.03.2020 08:33:18.808 GMT-0500,1939.993,1936.497,0.002,0.002
20.03.2020 08:33:18.966 GMT-0500,1939.993,1936.538,0.002,0.0008
20.03.2020 08:33:19.090 GMT-0500,1939.8729999999998,1936.658,0.002,0.0008
20.03.2020 08:33:19.191 GMT-0500,1939.8729999999998,1938.4379999999999,0.002,0.0008
20.03.2020 08:33:19.672 GMT-0500,1939.872,1936.658,0.002,0.002
20.03.2020 08:33:20.821 GMT-0500,1939.872,1936.497,0.0008,0.002
20.03.2020 08:33:20.934 GMT-0500,1938.393,1934.997,0.002,0.002
20.03.2020 08:33:21.444 GMT-0500,1939.7320000000002,1937.227,0.0008,0.002
20.03.2020 08:33:22.746 GMT-0500,1939.8029999999999,1937.227,0.002,0.0008
20.03.2020 08:33:23.400 GMT-0500,1939.8020000000001,1937.967,0.0008,0.0008
20.03.2020 08:33:23.623 GMT-0500,1939.8020000000001,1938.398,0.002,0.002
20.03.2020 08:33:23.940 GMT-0500,1939.993,1938.3970000000002,0.002,0.002
20.03.2020 08:33:24.343 GMT-0500,1939.993,1937.977,0.002,0.002
20.03.2020 08:33:24.554 GMT-0500,1939.9920000000002,1938.288,0.002,0.002
20.03.2020 08:33:24.605 GMT-0500,1939.9920000000002,1937.9779999999998,0.002,0.002
20.03.2020 08:33:25.236 GMT-0500,1939.9420000000002,1938.0079999999998,0.002,0.002
20.03.2020 08:33:25.729 GMT-0500,1939.653,1938.0079999999998,0.0008,0.002
20.03.2020 08:33:26.265 GMT-0500,1938.2520000000002,1934.9979999999998,0.002,0.002
20.03.2020 08:33:26.610 GMT-0500,1938.2520000000002,1934.997,0.002,0.002
20.03.2020 08:33:26.711 GMT-0500,1937.5529999999999,1935.1470000000002,0.002,0.002
20.03.2020 08:33:26.848 GMT-0500,1937.513,1935.1470000000002,0.0008,0.002
20.03.2020 08:33:27.405 GMT-0500,1937.668,1935.578,0.0008,0.0008
20.03.2020 08:33:30.479 GMT-0500,1937.213,1935.2479999999998,0.002,0.0008
20.03.2020 08:33:36.319 GMT-0500,1937.213,1935.247,0.002,0.002
20.03.2020 08:33:39.248 GMT-0500,1937.643,1936.018,0.002,0.0008
20.03.2020 08:33:40.114 GMT-0500,1937.7720000000002,1936.017,0.0008,0.002
20.03.2020 08:33:40.847 GMT-0500,1937.7720000000002,1936.018,0.002,0.002
20.03.2020 08:33:40.897 GMT-0500,1937.7720000000002,1936.018,0.002,0.002
20.03.2020 08:33:41.411 GMT-0500,1938.013,1936.018,0.002,0.0008
20.03.2020 08:33:42.901 GMT-0500,1938.013,1934.9979999999998,0.002,0.002
20.03.2020 08:33:42.951 GMT-0500,1938.0120000000002,1937.007,0.0008,0.002
20.03.2020 08:33:43.475 GMT-0500,1938.013,1934.997,0.002,0.002
20.03.2020 08:33:43.525 GMT-0500,1938.0120000000002,1937.007,0.0008,0.002
20.03.2020 08:33:45.240 GMT-0500,1940.0020000000002,1937.368,0.002,0.002
20.03.2020 08:33:45.290 GMT-0500,1938.933,1937.3670000000002,0.002,0.002
20.03.2020 08:33:46.204 GMT-0500,1940.003,1937.3670000000002,0.002,0.002
20.03.2020 08:33:46.371 GMT-0500,1938.9920000000002,1937.3670000000002,0.0008,0.002
20.03.2020 08:33:47.698 GMT-0500,1940.0020000000002,1937.3670000000002,0.002,0.0008
20.03.2020 08:33:47.799 GMT-0500,1938.993,1934.9979999999998,0.002,0.0008
20.03.2020 08:33:48.407 GMT-0500,1940.0020000000002,1937.378,0.002,0.002
20.03.2020 08:33:48.687 GMT-0500,1940.003,1937.378,0.002,0.002
20.03.2020 08:33:49.244 GMT-0500,1939.9420000000002,1938.1979999999999,0.0008,0.002
20.03.2020 08:33:49.869 GMT-0500,1939.943,1938.9470000000001,0.0008,0.0008
20.03.2020 08:33:49.919 GMT-0500,1939.943,1938.3770000000002,0.002,0.002
20.03.2020 08:33:50.796 GMT-0500,1940.003,1938.378,0.002,0.0008
20.03.2020 08:33:50.886 GMT-0500,1939.9420000000002,1938.378,0.0008,0.002
20.03.2020 08:33:52.248 GMT-0500,1940.0020000000002,1938.3770000000002,0.0008,0.002
20.03.2020 08:33:52.864 GMT-0500,1941.652,1938.3770000000002,0.002,0.002
20.03.2020 08:33:53.258 GMT-0500,1941.652,1939.328,0.002,0.0008
20.03.2020 08:33:53.308 GMT-0500,1942.0020000000002,1939.7579999999998,0.002,0.002
20.03.2020 08:33:53.503 GMT-0500,1942.0020000000002,1939.7579999999998,0.002,0.002
20.03.2020 08:33:54.138 GMT-0500,1942.003,1940.007,0.002,0.002
20.03.2020 08:33:54.493 GMT-0500,1942.0020000000002,1940.5079999999998,0.002,0.0008
20.03.2020 08:33:54.967 GMT-0500,1941.3329999999999,1940.007,0.002,0.002
20.03.2020 08:33:55.017 GMT-0500,1941.652,1940.0079999999998,0.002,0.002
20.03.2020 08:33:55.398 GMT-0500,1942.003,1940.0079999999998,0.002,0.0008
20.03.2020 08:33:56.175 GMT-0500,1941.663,1940.0079999999998,0.002,0.0008
20.03.2020 08:33:56.557 GMT-0500,1941.663,1940.007,0.002,0.002
20.03.2020 08:33:56.921 GMT-0500,1940.3529999999998,1940.007,0.0008,0.0008
20.03.2020 08:33:56.971 GMT-0500,1940.3529999999998,1939.0079999999998,0.002,0.0008
20.03.2020 08:33:59.252 GMT-0500,1939.3220000000001,1935.378,0.002,0.002
20.03.2020 08:33:59.436 GMT-0500,1939.3220000000001,1937.9479999999999,0.002,0.0008
20.03.2020 08:33:59.537 GMT-0500,1939.3229999999999,1937.9470000000001,0.002,0.002
20.03.2020 08:33:59.682 GMT-0500,1941.423,1938.3170000000002,0.002,0.002
20.03.2020 08:33:59.733 GMT-0500,1939.5220000000002,1937.9979999999998,0.002,0.002
20.03.2020 08:34:00.164 GMT-0500,1941.4220000000003,1937.997,0.0008,0.002
20.03.2020 08:34:00.449 GMT-0500,1941.4220000000003,1937.9979999999998,0.002,0.002
20.03.2020 08:34:01.246 GMT-0500,1939.4220000000003,1937.997,0.0008,0.002
20.03.2020 08:34:01.351 GMT-0500,1939.4220000000003,1938.098,0.002,0.002
20.03.2020 08:34:01.513 GMT-0500,1938.872,1938.098,0.0008,0.002
20.03.2020 08:34:01.614 GMT-0500,1939.4220000000003,1937.9270000000001,0.0008,0.002
20.03.2020 08:34:01.938 GMT-0500,1939.3229999999999,1935.3770000000002,0.002,0.002
20.03.2020 08:34:02.057 GMT-0500,1939.3220000000001,1937.388,0.002,0.0008
20.03.2020 08:34:02.264 GMT-0500,1939.3220000000001,1937.3870000000002,0.002,0.002
20.03.2020 08:34:02.365 GMT-0500,1939.132,1937.3870000000002,0.0008,0.002
20.03.2020 08:34:03.213 GMT-0500,1939.132,1936.4070000000002,0.002,0.002
20.03.2020 08:34:03.263 GMT-0500,1938.9320000000002,1936.4070000000002,0.0008,0.002
20.03.2020 08:34:03.486 GMT-0500,1938.7320000000002,1936.408,0.002,0.002
20.03.2020 08:34:03.606 GMT-0500,1938.7320000000002,1936.4070000000002,0.002,0.002
20.03.2020 08:34:03.707 GMT-0500,1938.533,1936.418,0.002,0.0008
20.03.2020 08:34:03.994 GMT-0500,1938.533,1936.4070000000002,0.002,0.002
20.03.2020 08:34:04.044 GMT-0500,1938.5320000000002,1936.4070000000002,0.0008,0.002
20.03.2020 08:34:04.235 GMT-0500,1938.5320000000002,1936.4070000000002,0.0008,0.0008
20.03.2020 08:34:04.335 GMT-0500,1937.3329999999999,1936.267,0.002,0.002
20.03.2020 08:34:04.451 GMT-0500,1937.3329999999999,1935.3770000000002,0.002,0.002
20.03.2020 08:34:04.501 GMT-0500,1936.8329999999999,1935.707,0.002,0.002
20.03.2020 08:34:04.719 GMT-0500,1936.8329999999999,1935.3770000000002,0.002,0.002
20.03.2020 08:34:04.820 GMT-0500,1936.112,1935.3770000000002,0.0008,0.002
20.03.2020 08:34:04.889 GMT-0500,1936.1129999999998,1934.9979999999998,0.002,0.0008
20.03.2020 08:34:05.173 GMT-0500,1936.112,1934.9979999999998,0.002,0.002
20.03.2020 08:34:05.435 GMT-0500,1936.1129999999998,1934.997,0.002,0.002
20.03.2020 08:34:05.620 GMT-0500,1936.1129999999998,1935.0470000000003,0.002,0.0008
20.03.2020 08:34:05.761 GMT-0500,1936.112,1935.048,0.0008,0.002
20.03.2020 08:34:05.811 GMT-0500,1936.2020000000002,1935.0470000000003,0.0008,0.002
20.03.2020 08:34:05.862 GMT-0500,1936.2020000000002,1934.9979999999998,0.002,0.002
20.03.2020 08:34:05.912 GMT-0500,1936.1129999999998,1935.0470000000003,0.002,0.002
20.03.2020 08:34:06.099 GMT-0500,1936.0120000000002,1935.0470000000003,0.0008,0.002
20.03.2020 08:34:06.149 GMT-0500,1936.013,1934.997,0.002,0.002
20.03.2020 08:34:06.203 GMT-0500,1935.7020000000002,1934.9979999999998,0.002,0.002
20.03.2020 08:34:06.253 GMT-0500,1936.013,1934.108,0.002,0.0008
20.03.2020 08:34:06.325 GMT-0500,1936.013,1934.1070000000002,0.002,0.002
20.03.2020 08:34:06.375 GMT-0500,1935.2320000000002,1933.878,0.002,0.002
20.03.2020 08:34:06.426 GMT-0500,1935.233,1933.848,0.002,0.0008
20.03.2020 08:34:06.658 GMT-0500,1935.233,1934.007,0.002,0.0008
20.03.2020 08:34:07.193 GMT-0500,1935.233,1933.8970000000002,0.002,0.002
20.03.2020 08:34:07.626 GMT-0500,1935.233,1934.707,0.0008,0.0008
20.03.2020 08:34:07.676 GMT-0500,1935.913,1934.018,0.002,0.0008
20.03.2020 08:34:07.820 GMT-0500,1935.913,1934.018,0.002,0.0008
20.03.2020 08:34:08.871 GMT-0500,1935.903,1933.778,0.002,0.0008
20.03.2020 08:34:08.922 GMT-0500,1935.902,1933.527,0.0008,0.002
20.03.2020 08:34:09.108 GMT-0500,1936.203,1933.527,0.002,0.002
20.03.2020 08:34:10.102 GMT-0500,1936.973,1935.608,0.002,0.0008
20.03.2020 08:34:10.373 GMT-0500,1936.9120000000003,1935.608,0.0008,0.002
20.03.2020 08:34:10.474 GMT-0500,1936.913,1935.017,0.002,0.002
20.03.2020 08:34:10.682 GMT-0500,1936.913,1933.528,0.002,0.002
20.03.2020 08:34:10.732 GMT-0500,1935.4920000000002,1934.038,0.002,0.002
20.03.2020 08:34:10.783 GMT-0500,1936.943,1934.038,0.002,0.0008
20.03.2020 08:34:10.913 GMT-0500,1934.9920000000002,1933.918,0.002,0.002
20.03.2020 08:34:11.052 GMT-0500,1936.943,1934.048,0.002,0.0008
20.03.2020 08:34:11.340 GMT-0500,1936.943,1934.517,0.002,0.0008
20.03.2020 08:34:11.390 GMT-0500,1936.582,1934.0570000000002,0.0008,0.002
20.03.2020 08:34:11.440 GMT-0500,1936.213,1934.0470000000003,0.002,0.002
20.03.2020 08:34:11.550 GMT-0500,1936.2120000000002,1933.858,0.002,0.002
20.03.2020 08:34:11.600 GMT-0500,1936.2120000000002,1934.028,0.002,0.002
20.03.2020 08:34:11.792 GMT-0500,1936.2120000000002,1934.048,0.002,0.0008
20.03.2020 08:34:12.977 GMT-0500,1936.2120000000002,1934.078,0.002,0.002
20.03.2020 08:34:13.130 GMT-0500,1936.2120000000002,1934.0970000000002,0.0008,0.0008
20.03.2020 08:34:13.708 GMT-0500,1936.2120000000002,1934.078,0.002,0.002
20.03.2020 08:34:13.759 GMT-0500,1936.183,1934.078,0.002,0.0008
20.03.2020 08:34:14.878 GMT-0500,1936.143,1934.078,0.0008,0.0008
20.03.2020 08:34:15.387 GMT-0500,1936.132,1934.078,0.0008,0.002
20.03.2020 08:34:15.437 GMT-0500,1936.173,1934.0770000000002,0.002,0.002
20.03.2020 08:34:15.488 GMT-0500,1936.163,1935.007,0.002,0.002
20.03.2020 08:34:15.961 GMT-0500,1936.153,1935.007,0.0008,0.0008
20.03.2020 08:34:16.011 GMT-0500,1936.153,1934.0770000000002,0.002,0.002
20.03.2020 08:34:16.062 GMT-0500,1936.153,1935.017,0.002,0.002
20.03.2020 08:34:16.510 GMT-0500,1936.153,1934.078,0.002,0.0008
20.03.2020 08:34:16.780 GMT-0500,1936.153,1935.0079999999998,0.002,0.0008
20.03.2020 08:34:18.167 GMT-0500,1936.153,1934.078,0.002,0.002
20.03.2020 08:34:18.564 GMT-0500,1935.2620000000002,1935.155,0.0008,0.0008
20.03.2020 08:34:18.615 GMT-0500,1936.0520000000001,1934.0770000000002,0.0008,0.002
20.03.2020 08:34:18.665 GMT-0500,1936.0520000000001,1934.528,0.002,0.002
20.03.2020 08:34:19.074 GMT-0500,1936.0520000000001,1934.538,0.002,0.002
20.03.2020 08:34:19.124 GMT-0500,1936.1129999999998,1934.5970000000002,0.002,0.002
20.03.2020 08:34:19.444 GMT-0500,1936.9420000000002,1934.828,0.002,0.002
20.03.2020 08:34:19.612 GMT-0500,1936.2020000000002,1934.828,0.0008,0.002
20.03.2020 08:34:19.980 GMT-0500,1936.1129999999998,1934.8270000000002,0.0008,0.002
20.03.2020 08:34:20.536 GMT-0500,1936.9420000000002,1935.5370000000003,0.0008,0.002
20.03.2020 08:34:20.705 GMT-0500,1936.9420000000002,1935.8670000000002,0.0008,0.0008
20.03.2020 08:34:22.050 GMT-0500,1937.163,1936.608,0.0008,0.0008
20.03.2020 08:34:22.101 GMT-0500,1937.9920000000002,1936.618,0.002,0.002
20.03.2020 08:34:22.699 GMT-0500,1937.9920000000002,1936.6170000000002,0.002,0.002
20.03.2020 08:34:22.800 GMT-0500,1937.8120000000001,1936.6170000000002,0.0008,0.002
20.03.2020 08:34:23.120 GMT-0500,1939.3629999999998,1936.6170000000002,0.002,0.002
20.03.2020 08:34:23.171 GMT-0500,1938.023,1936.6170000000002,0.002,0.002
20.03.2020 08:34:23.344 GMT-0500,1937.9920000000002,1936.6170000000002,0.0008,0.002
20.03.2020 08:34:24.498 GMT-0500,1937.142,1933.527,0.0008,0.002
20.03.2020 08:34:24.548 GMT-0500,1937.7420000000002,1935.527,0.0008,0.002
20.03.2020 08:34:25.352 GMT-0500,1936.783,1935.527,0.0008,0.002
20.03.2020 08:34:25.402 GMT-0500,1937.642,1935.527,0.0008,0.002
20.03.2020 08:34:26.213 GMT-0500,1937.8220000000001,1935.028,0.002,0.002
20.03.2020 08:34:27.210 GMT-0500,1938.9120000000003,1937.4279999999999,0.002,0.002
20.03.2020 08:34:27.428 GMT-0500,1938.913,1937.4270000000001,0.002,0.002
20.03.2020 08:34:28.596 GMT-0500,1939.6129999999998,1937.128,0.002,0.0008
20.03.2020 08:34:28.696 GMT-0500,1942.003,1939.007,0.002,0.002
20.03.2020 08:34:28.797 GMT-0500,1942.0020000000002,1939.0079999999998,0.002,0.002
20.03.2020 08:34:29.274 GMT-0500,1939.9920000000002,1939.0079999999998,0.0008,0.0008
20.03.2020 08:34:29.325 GMT-0500,1939.9920000000002,1938.017,0.0008,0.002
20.03.2020 08:34:29.964 GMT-0500,1941.0720000000001,1938.017,0.0008,0.002
20.03.2020 08:34:30.067 GMT-0500,1941.453,1939.0079999999998,0.002,0.0008
20.03.2020 08:34:30.231 GMT-0500,1941.3529999999998,1939.007,0.002,0.002
20.03.2020 08:34:30.331 GMT-0500,1939.9920000000002,1938.018,0.002,0.002
20.03.2020 08:34:30.853 GMT-0500,1939.1129999999998,1938.017,0.002,0.002
20.03.2020 08:34:30.903 GMT-0500,1938.9920000000002,1937.268,0.002,0.002
20.03.2020 08:34:31.374 GMT-0500,1938.2520000000002,1937.268,0.0008,0.002
20.03.2020 08:34:31.425 GMT-0500,1939.5629999999999,1937.267,0.002,0.002
20.03.2020 08:34:31.720 GMT-0500,1939.5620000000001,1936.858,0.002,0.002
20.03.2020 08:34:32.197 GMT-0500,1939.5629999999999,1936.8570000000002,0.002,0.0008
20.03.2020 08:34:33.764 GMT-0500,1939.8729999999998,1938.0079999999998,0.002,0.0008
20.03.2020 08:34:34.151 GMT-0500,1939.8729999999998,1938.568,0.002,0.0008
20.03.2020 08:34:34.711 GMT-0500,1939.8729999999998,1939.1570000000002,0.002,0.0008
20.03.2020 08:34:34.761 GMT-0500,1941.433,1940.007,0.002,0.002
20.03.2020 08:34:34.862 GMT-0500,1942.0020000000002,1940.0079999999998,0.002,0.002
20.03.2020 08:34:35.083 GMT-0500,1940.862,1940.0079999999998,0.0008,0.002
20.03.2020 08:34:35.536 GMT-0500,1940.862,1940.4270000000001,0.0008,0.0008
20.03.2020 08:34:35.586 GMT-0500,1942.0020000000002,1940.4379999999999,0.002,0.002
20.03.2020 08:34:35.637 GMT-0500,1941.443,1940.5570000000002,0.002,0.002
20.03.2020 08:34:35.687 GMT-0500,1941.4420000000002,1940.007,0.0008,0.002
20.03.2020 08:34:35.955 GMT-0500,1941.433,1940.007,0.0008,0.002
20.03.2020 08:34:36.345 GMT-0500,1941.433,1940.0079999999998,0.002,0.0008
20.03.2020 08:34:37.132 GMT-0500,1941.423,1940.0079999999998,0.002,0.0008
20.03.2020 08:34:37.675 GMT-0500,1941.423,1940.028,0.002,0.0008
20.03.2020 08:34:37.776 GMT-0500,1942.0020000000002,1940.4470000000001,0.0008,0.002
20.03.2020 08:34:39.108 GMT-0500,1942.0020000000002,1940.4470000000001,0.002,0.002
20.03.2020 08:34:39.263 GMT-0500,1941.872,1940.4579999999999,0.0008,0.0008
20.03.2020 08:34:39.313 GMT-0500,1942.0020000000002,1940.558,0.002,0.002
20.03.2020 08:34:39.566 GMT-0500,1941.7220000000002,1940.558,0.0008,0.0008
20.03.2020 08:34:39.616 GMT-0500,1942.003,1940.408,0.002,0.0008
20.03.2020 08:34:40.114 GMT-0500,1942.003,1940.408,0.002,0.0008
20.03.2020 08:34:40.933 GMT-0500,1940.933,1939.1870000000001,0.002,0.002
20.03.2020 08:34:41.886 GMT-0500,1940.923,1939.768,0.002,0.0008
20.03.2020 08:34:42.324 GMT-0500,1942.003,1938.5079999999998,0.002,0.0008
20.03.2020 08:34:42.431 GMT-0500,1939.5929999999998,1938.5079999999998,0.0008,0.002
20.03.2020 08:34:42.481 GMT-0500,1942.003,1938.5079999999998,0.002,0.0008
20.03.2020 08:34:42.625 GMT-0500,1942.003,1938.5079999999998,0.002,0.0008
20.03.2020 08:34:42.933 GMT-0500,1942.0020000000002,1938.0079999999998,0.002,0.002
20.03.2020 08:34:43.229 GMT-0500,1939.483,1938.007,0.002,0.002
20.03.2020 08:34:43.501 GMT-0500,1940.5620000000001,1938.007,0.0008,0.002
20.03.2020 08:34:43.652 GMT-0500,1940.5629999999999,1938.8070000000002,0.002,0.0008
20.03.2020 08:34:44.258 GMT-0500,1939.9920000000002,1938.7450000000001,0.002,0.0008
20.03.2020 08:34:44.308 GMT-0500,1939.993,1935.997,0.002,0.002
20.03.2020 08:34:44.956 GMT-0500,1939.9920000000002,1935.997,0.0008,0.002
20.03.2020 08:34:45.753 GMT-0500,1939.993,1935.997,0.002,0.002
20.03.2020 08:34:46.314 GMT-0500,1939.9920000000002,1935.9979999999998,0.002,0.002
20.03.2020 08:34:47.206 GMT-0500,1939.9720000000002,1935.9979999999998,0.0008,0.002
20.03.2020 08:34:47.829 GMT-0500,1939.9520000000002,1935.9979999999998,0.0008,0.002
20.03.2020 08:34:48.399 GMT-0500,1939.9520000000002,1938.642,0.0008,0.0008
20.03.2020 08:34:48.450 GMT-0500,1939.933,1935.9979999999998,0.002,0.0008
20.03.2020 08:34:48.800 GMT-0500,1939.933,1938.635,0.002,0.0008
20.03.2020 08:34:49.128 GMT-0500,1942.003,1939.6670000000001,0.002,0.002
20.03.2020 08:34:49.185 GMT-0500,1940.733,1938.6670000000001,0.002,0.002
20.03.2020 08:34:49.428 GMT-0500,1940.683,1938.668,0.002,0.0008
20.03.2020 08:34:49.729 GMT-0500,1940.733,1938.668,0.002,0.002
20.03.2020 08:34:49.779 GMT-0500,1940.733,1938.7579999999998,0.002,0.0008
20.03.2020 08:34:51.544 GMT-0500,1940.733,1938.757,0.002,0.002
20.03.2020 08:34:51.697 GMT-0500,1940.3629999999998,1938.757,0.0008,0.002
20.03.2020 08:34:51.893 GMT-0500,1940.3629999999998,1938.6670000000001,0.002,0.002
20.03.2020 08:34:51.943 GMT-0500,1940.362,1938.6779999999999,0.002,0.002
20.03.2020 08:34:52.428 GMT-0500,1942.003,1939.6970000000001,0.002,0.002
20.03.2020 08:34:53.073 GMT-0500,1942.0020000000002,1940.038,0.002,0.0008
20.03.2020 08:34:53.292 GMT-0500,1942.0020000000002,1940.507,0.002,0.0008
20.03.2020 08:34:53.457 GMT-0500,1941.8729999999998,1939.267,0.002,0.002
20.03.2020 08:34:53.734 GMT-0500,1941.872,1940.507,0.0008,0.002
20.03.2020 08:34:54.147 GMT-0500,1942.0020000000002,1940.5079999999998,0.002,0.002
20.03.2020 08:34:54.444 GMT-0500,1941.8729999999998,1940.507,0.002,0.002
20.03.2020 08:34:54.567 GMT-0500,1941.8529999999998,1940.5079999999998,0.002,0.0008
20.03.2020 08:34:54.904 GMT-0500,1941.8529999999998,1939.658,0.002,0.002
20.03.2020 08:34:54.955 GMT-0500,1941.7620000000002,1939.6570000000002,0.0008,0.002
20.03.2020 08:34:55.478 GMT-0500,1942.003,1939.1170000000002,0.002,0.002
20.03.2020 08:34:57.349 GMT-0500,1941.753,1940.4479999999999,0.0008,0.0008
20.03.2020 08:34:57.400 GMT-0500,1942.003,1940.4479999999999,0.002,0.0008
20.03.2020 08:34:57.900 GMT-0500,1942.003,1940.4470000000001,0.002,0.002
20.03.2020 08:34:58.076 GMT-0500,1942.003,1940.4470000000001,0.002,0.002
20.03.2020 08:34:58.127 GMT-0500,1942.013,1940.4070000000002,0.002,0.002
20.03.2020 08:34:58.177 GMT-0500,1941.993,1940.408,0.002,0.0008
20.03.2020 08:34:58.305 GMT-0500,1942.013,1940.408,0.002,0.002
20.03.2020 08:34:58.480 GMT-0500,1941.993,1940.648,0.0008,0.0008
20.03.2020 08:34:58.846 GMT-0500,1941.993,1940.4070000000002,0.002,0.002
20.03.2020 08:34:58.896 GMT-0500,1941.993,1939.1170000000002,0.002,0.002
20.03.2020 08:34:59.035 GMT-0500,1941.993,1940.6979999999999,0.002,0.0008
20.03.2020 08:34:59.282 GMT-0500,1942.013,1940.6979999999999,0.002,0.0008
20.03.2020 08:34:59.374 GMT-0500,1942.013,1941.257,0.002,0.002
20.03.2020 08:34:59.544 GMT-0500,1943.013,1941.257,0.002,0.002
20.03.2020 08:34:59.594 GMT-0500,1943.0120000000002,1941.2579999999998,0.002,0.002
20.03.2020 08:35:00.301 GMT-0500,1943.0120000000002,1941.4979999999998,0.002,0.0008
20.03.2020 08:35:00.462 GMT-0500,1943.013,1940.6979999999999,0.002,0.002
20.03.2020 08:35:00.513 GMT-0500,1942.253,1940.6979999999999,0.002,0.0008
20.03.2020 08:35:00.824 GMT-0500,1942.253,1940.6970000000001,0.002,0.002
20.03.2020 08:35:01.078 GMT-0500,1942.143,1940.6970000000001,0.002,0.002
20.03.2020 08:35:01.223 GMT-0500,1942.0120000000002,1940.6970000000001,0.002,0.002
20.03.2020 08:35:01.274 GMT-0500,1941.122,1939.4370000000001,0.0008,0.002
20.03.2020 08:35:01.324 GMT-0500,1941.0629999999999,1939.4279999999999,0.002,0.0008
20.03.2020 08:35:01.482 GMT-0500,1941.0629999999999,1939.1170000000002,0.002,0.002
20.03.2020 08:35:01.643 GMT-0500,1941.0620000000001,1939.6270000000002,0.0008,0.002
20.03.2020 08:35:01.694 GMT-0500,1941.753,1939.1170000000002,0.002,0.002
20.03.2020 08:35:01.751 GMT-0500,1941.753,1939.6070000000002,0.002,0.0008
20.03.2020 08:35:01.852 GMT-0500,1941.7520000000002,1939.1170000000002,0.0008,0.002
20.03.2020 08:35:02.603 GMT-0500,1941.7520000000002,1939.747,0.0008,0.0008
20.03.2020 08:35:02.721 GMT-0500,1941.753,1939.747,0.002,0.002
20.03.2020 08:35:02.834 GMT-0500,1941.753,1939.7479999999998,0.002,0.002
20.03.2020 08:35:02.885 GMT-0500,1941.7520000000002,1939.7479999999998,0.002,0.002
20.03.2020 08:35:03.045 GMT-0500,1941.7520000000002,1940.0079999999998,0.002,0.0008
20.03.2020 08:35:03.145 GMT-0500,1941.753,1939.5470000000003,0.002,0.002
20.03.2020 08:35:03.282 GMT-0500,1941.753,1939.5870000000002,0.002,0.0008
20.03.2020 08:35:03.332 GMT-0500,1941.753,1939.548,0.002,0.0008
20.03.2020 08:35:03.950 GMT-0500,1941.973,1939.548,0.002,0.0008
20.03.2020 08:35:04.000 GMT-0500,1941.9320000000002,1939.5470000000003,0.0008,0.002
20.03.2020 08:35:04.484 GMT-0500,1941.9320000000002,1940.078,0.002,0.002
20.03.2020 08:35:06.754 GMT-0500,1943.013,1940.0970000000002,0.002,0.002
20.03.2020 08:35:06.917 GMT-0500,1943.013,1940.487,0.002,0.0008
20.03.2020 08:35:07.018 GMT-0500,1943.013,1941.328,0.002,0.0008
20.03.2020 08:35:07.210 GMT-0500,1943.013,1942.017,0.002,0.0008
20.03.2020 08:35:07.371 GMT-0500,1943.0120000000002,1941.0370000000003,0.0008,0.002
20.03.2020 08:35:07.684 GMT-0500,1943.0120000000002,1941.038,0.002,0.002
20.03.2020 08:35:08.078 GMT-0500,1943.013,1939.548,0.002,0.0008
20.03.2020 08:35:08.128 GMT-0500,1943.0120000000002,1942.007,0.0008,0.002
20.03.2020 08:35:08.246 GMT-0500,1943.0120000000002,1941.7870000000003,0.0008,0.0008
20.03.2020 08:35:08.297 GMT-0500,1943.0120000000002,1939.1170000000002,0.0008,0.002
20.03.2020 08:35:08.358 GMT-0500,1943.013,1939.1170000000002,0.002,0.002
20.03.2020 08:35:08.408 GMT-0500,1943.013,1939.118,0.002,0.0008
20.03.2020 08:35:08.578 GMT-0500,1943.943,1942.4879999999998,0.002,0.0008
20.03.2020 08:35:08.834 GMT-0500,1943.943,1942.497,0.002,0.0008
20.03.2020 08:35:08.934 GMT-0500,1943.9420000000002,1942.007,0.0008,0.002
20.03.2020 08:35:10.018 GMT-0500,1943.9420000000002,1942.028,0.002,0.0008
20.03.2020 08:35:10.924 GMT-0500,1944.7720000000002,1942.027,0.0008,0.002
20.03.2020 08:35:10.975 GMT-0500,1943.112,1939.118,0.002,0.002
20.03.2020 08:35:11.384 GMT-0500,1945.003,1942.007,0.002,0.002
20.03.2020 08:35:11.435 GMT-0500,1943.1029999999998,1939.1170000000002,0.002,0.002
20.03.2020 08:35:11.615 GMT-0500,1944.463,1942.3170000000002,0.002,0.002
20.03.2020 08:35:11.753 GMT-0500,1943.9920000000002,1942.3170000000002,0.0008,0.002
20.03.2020 08:35:12.190 GMT-0500,1944.6029999999998,1942.3170000000002,0.002,0.002
20.03.2020 08:35:12.240 GMT-0500,1943.9920000000002,1942.328,0.002,0.002
20.03.2020 08:35:12.967 GMT-0500,1943.9920000000002,1942.328,0.002,0.002
20.03.2020 08:35:13.017 GMT-0500,1945.003,1942.6870000000001,0.002,0.002
20.03.2020 08:35:13.471 GMT-0500,1945.003,1942.6870000000001,0.002,0.002
20.03.2020 08:35:13.906 GMT-0500,1945.003,1943.1370000000002,0.002,0.0008
20.03.2020 08:35:14.056 GMT-0500,1945.0020000000002,1943.868,0.002,0.002
20.03.2020 08:35:14.211 GMT-0500,1944.503,1943.868,0.0008,0.0008
20.03.2020 08:35:14.318 GMT-0500,1946.142,1944.418,0.002,0.002
20.03.2020 08:35:14.419 GMT-0500,1946.142,1944.118,0.002,0.002
20.03.2020 08:35:14.469 GMT-0500,1947.003,1944.408,0.002,0.0008
20.03.2020 08:35:14.519 GMT-0500,1947.003,1944.9070000000002,0.002,0.002
20.03.2020 08:35:14.629 GMT-0500,1947.0020000000002,1945.247,0.0008,0.0008
20.03.2020 08:35:14.680 GMT-0500,1947.0020000000002,1944.4170000000001,0.0008,0.002
20.03.2020 08:35:15.113 GMT-0500,1947.0020000000002,1945.138,0.002,0.002
20.03.2020 08:35:15.235 GMT-0500,1947.0020000000002,1945.618,0.002,0.0008
20.03.2020 08:35:15.287 GMT-0500,1947.003,1945.227,0.002,0.002
20.03.2020 08:35:15.659 GMT-0500,1947.0020000000002,1945.227,0.0008,0.002
20.03.2020 08:35:15.775 GMT-0500,1946.5929999999998,1945.227,0.002,0.002
20.03.2020 08:35:16.106 GMT-0500,1946.5929999999998,1945.2279999999998,0.002,0.0008
20.03.2020 08:35:16.628 GMT-0500,1946.5720000000001,1945.358,0.002,0.002
20.03.2020 08:35:16.773 GMT-0500,1947.0020000000002,1945.358,0.002,0.002
20.03.2020 08:35:16.824 GMT-0500,1946.6229999999998,1945.3570000000002,0.002,0.002
20.03.2020 08:35:16.874 GMT-0500,1947.0020000000002,1945.0079999999998,0.002,0.002
20.03.2020 08:35:17.146 GMT-0500,1946.6329999999998,1945.3870000000002,0.002,0.002
20.03.2020 08:35:17.197 GMT-0500,1946.7620000000002,1945.388,0.002,0.002
20.03.2020 08:35:18.365 GMT-0500,1946.622,1945.388,0.0008,0.002
20.03.2020 08:35:18.926 GMT-0500,1946.763,1945.3870000000002,0.002,0.002
20.03.2020 08:35:19.252 GMT-0500,1946.632,1945.3870000000002,0.0008,0.002
20.03.2020 08:35:19.415 GMT-0500,1946.7620000000002,1945.3870000000002,0.0008,0.002
20.03.2020 08:35:19.543 GMT-0500,1946.7620000000002,1945.9479999999999,0.002,0.002
20.03.2020 08:35:19.659 GMT-0500,1946.7620000000002,1945.9479999999999,0.002,0.002
20.03.2020 08:35:19.760 GMT-0500,1946.9220000000003,1944.1770000000001,0.0008,0.002
20.03.2020 08:35:19.811 GMT-0500,1947.003,1946.648,0.002,0.0008
20.03.2020 08:35:19.977 GMT-0500,1946.8329999999999,1944.1779999999999,0.002,0.0008
20.03.2020 08:35:20.027 GMT-0500,1947.0020000000002,1945.227,0.0008,0.002
20.03.2020 08:35:20.408 GMT-0500,1947.003,1946.007,0.002,0.002
20.03.2020 08:35:20.641 GMT-0500,1947.003,1946.467,0.002,0.0008
20.03.2020 08:35:20.691 GMT-0500,1947.003,1946.007,0.002,0.002
20.03.2020 08:35:20.742 GMT-0500,1948.003,1946.4979999999998,0.002,0.0008
20.03.2020 08:35:20.989 GMT-0500,1948.003,1946.0079999999998,0.002,0.0008
20.03.2020 08:35:21.206 GMT-0500,1948.0020000000002,1945.237,0.002,0.0008
20.03.2020 08:35:21.380 GMT-0500,1946.8020000000001,1944.1779999999999,0.002,0.002
20.03.2020 08:35:21.430 GMT-0500,1948.0020000000002,1945.9579999999999,0.002,0.002
20.03.2020 08:35:21.805 GMT-0500,1946.9920000000002,1945.9579999999999,0.0008,0.0008
20.03.2020 08:35:21.856 GMT-0500,1946.9920000000002,1945.1979999999999,0.002,0.002
20.03.2020 08:35:21.933 GMT-0500,1946.9920000000002,1945.1979999999999,0.002,0.002
20.03.2020 08:35:21.984 GMT-0500,1946.993,1945.1970000000001,0.002,0.002
20.03.2020 08:35:22.971 GMT-0500,1948.0020000000002,1945.1970000000001,0.002,0.002
20.03.2020 08:35:23.022 GMT-0500,1948.0020000000002,1946.0970000000002,0.0008,0.002
20.03.2020 08:35:23.207 GMT-0500,1946.9220000000003,1945.1970000000001,0.0008,0.002
20.03.2020 08:35:23.276 GMT-0500,1948.003,1946.0670000000002,0.002,0.002
20.03.2020 08:35:23.326 GMT-0500,1947.433,1946.548,0.002,0.0008
20.03.2020 08:35:23.376 GMT-0500,1948.003,1946.9579999999999,0.002,0.0008
20.03.2020 08:35:23.509 GMT-0500,1948.003,1946.0079999999998,0.002,0.0008
20.03.2020 08:35:24.382 GMT-0500,1948.003,1946.768,0.002,0.0008
20.03.2020 08:35:25.405 GMT-0500,1948.003,1946.768,0.002,0.002
20.03.2020 08:35:25.546 GMT-0500,1948.283,1946.788,0.002,0.002
20.03.2020 08:35:25.596 GMT-0500,1948.2720000000002,1947.388,0.002,0.002
20.03.2020 08:35:25.764 GMT-0500,1949.3429999999998,1947.388,0.002,0.002
20.03.2020 08:35:25.815 GMT-0500,1949.332,1947.477,0.0008,0.002
20.03.2020 08:35:26.137 GMT-0500,1949.3229999999999,1947.477,0.0008,0.002
20.03.2020 08:35:26.302 GMT-0500,1948.453,1947.4779999999998,0.0008,0.0008
20.03.2020 08:35:26.353 GMT-0500,1949.3220000000001,1947.967,0.0008,0.002
20.03.2020 08:35:27.556 GMT-0500,1948.5829999999999,1947.2279999999998,0.002,0.0008
20.03.2020 08:35:27.763 GMT-0500,1947.46,1947.2279999999998,0.0008,0.0008
20.03.2020 08:35:27.814 GMT-0500,1947.0120000000002,1945.1970000000001,0.0008,0.002
20.03.2020 08:35:28.026 GMT-0500,1946.8120000000001,1945.1970000000001,0.0008,0.002
20.03.2020 08:35:28.076 GMT-0500,1947.6029999999998,1946.0079999999998,0.002,0.0008
20.03.2020 08:35:28.127 GMT-0500,1947.183,1946.0079999999998,0.002,0.0008
20.03.2020 08:35:28.286 GMT-0500,1947.5520000000001,1946.007,0.0008,0.002
20.03.2020 08:35:28.769 GMT-0500,1947.5520000000001,1945.1970000000001,0.0008,0.002
20.03.2020 08:35:28.837 GMT-0500,1947.5529999999999,1945.1970000000001,0.002,0.002
20.03.2020 08:35:29.565 GMT-0500,1947.5529999999999,1946.0079999999998,0.002,0.0008
20.03.2020 08:35:29.615 GMT-0500,1947.5520000000001,1946.0079999999998,0.002,0.002
20.03.2020 08:35:29.914 GMT-0500,1947.5529999999999,1946.007,0.002,0.002
20.03.2020 08:35:31.052 GMT-0500,1947.5529999999999,1946.7870000000003,0.0008,0.0008
20.03.2020 08:35:31.102 GMT-0500,1947.6620000000003,1946.358,0.002,0.002
20.03.2020 08:35:31.203 GMT-0500,1948.023,1946.358,0.002,0.0008
20.03.2020 08:35:31.464 GMT-0500,1950.0020000000002,1946.358,0.002,0.002
20.03.2020 08:35:31.514 GMT-0500,1948.5929999999998,1946.598,0.002,0.0008
20.03.2020 08:35:31.641 GMT-0500,1948.5729999999999,1945.1970000000001,0.002,0.002
20.03.2020 08:35:31.692 GMT-0500,1948.5929999999998,1947.568,0.002,0.0008
20.03.2020 08:35:31.824 GMT-0500,1950.0020000000002,1947.648,0.002,0.002
20.03.2020 08:35:32.110 GMT-0500,1950.0020000000002,1948.298,0.002,0.0008
20.03.2020 08:35:32.284 GMT-0500,1950.0020000000002,1947.4470000000001,0.0008,0.002
20.03.2020 08:35:32.478 GMT-0500,1950.0020000000002,1948.1070000000002,0.002,0.0008
20.03.2020 08:35:32.528 GMT-0500,1948.882,1947.4479999999999,0.002,0.002
20.03.2020 08:35:32.633 GMT-0500,1950.0020000000002,1948.9779999999998,0.002,0.002
20.03.2020 08:35:32.683 GMT-0500,1950.003,1948.6570000000002,0.002,0.002
20.03.2020 08:35:32.734 GMT-0500,1949.4420000000002,1948.6570000000002,0.0008,0.002
20.03.2020 08:35:33.103 GMT-0500,1950.003,1948.6570000000002,0.002,0.0008
20.03.2020 08:35:33.153 GMT-0500,1950.003,1948.4470000000001,0.002,0.002
20.03.2020 08:35:33.972 GMT-0500,1950.003,1948.4470000000001,0.002,0.002
20.03.2020 08:35:34.073 GMT-0500,1948.9320000000002,1947.967,0.0008,0.002
20.03.2020 08:35:34.123 GMT-0500,1949.443,1947.967,0.002,0.002
20.03.2020 08:35:34.271 GMT-0500,1948.392,1947.0079999999998,0.002,0.002
20.03.2020 08:35:34.321 GMT-0500,1948.973,1947.007,0.002,0.002
20.03.2020 08:35:36.496 GMT-0500,1948.973,1946.848,0.002,0.002
20.03.2020 08:35:36.596 GMT-0500,1948.983,1946.8470000000002,0.002,0.002
20.03.2020 08:35:37.233 GMT-0500,1948.983,1947.568,0.002,0.0008
20.03.2020 08:35:37.283 GMT-0500,1948.9720000000002,1946.8470000000002,0.0008,0.002
20.03.2020 08:35:37.405 GMT-0500,1948.382,1946.8470000000002,0.0008,0.002
20.03.2020 08:35:38.276 GMT-0500,1950.003,1946.848,0.002,0.002
20.03.2020 08:35:38.327 GMT-0500,1950.003,1947.5670000000002,0.002,0.002
20.03.2020 08:35:38.379 GMT-0500,1948.953,1947.5670000000002,0.002,0.002
20.03.2020 08:35:38.738 GMT-0500,1948.933,1947.6879999999999,0.002,0.0008
20.03.2020 08:35:38.788 GMT-0500,1948.933,1946.848,0.002,0.0008
20.03.2020 08:35:39.461 GMT-0500,1948.913,1946.848,0.0008,0.0008
20.03.2020 08:35:40.302 GMT-0500,1948.893,1946.8470000000002,0.002,0.002
20.03.2020 08:35:40.659 GMT-0500,1948.5620000000001,1946.8470000000002,0.0008,0.002
20.03.2020 08:35:41.161 GMT-0500,1948.233,1947.0770000000002,0.002,0.0008
20.03.2020 08:35:41.308 GMT-0500,1948.2320000000002,1946.8470000000002,0.0008,0.002
20.03.2020 08:35:41.359 GMT-0500,1948.2320000000002,1946.8470000000002,0.0008,0.002
20.03.2020 08:35:41.442 GMT-0500,1948.652,1946.8470000000002,0.002,0.002
20.03.2020 08:35:41.493 GMT-0500,1948.652,1947.078,0.002,0.002
20.03.2020 08:35:41.857 GMT-0500,1948.5729999999999,1947.078,0.0008,0.0008
20.03.2020 08:35:41.958 GMT-0500,1948.6620000000003,1947.098,0.002,0.002
20.03.2020 08:35:42.027 GMT-0500,1948.5729999999999,1947.1170000000002,0.002,0.002
20.03.2020 08:35:42.256 GMT-0500,1948.5729999999999,1947.118,0.002,0.0008
20.03.2020 08:35:42.463 GMT-0500,1948.5720000000001,1947.1170000000002,0.002,0.002
20.03.2020 08:35:42.628 GMT-0500,1948.5520000000001,1946.8470000000002,0.002,0.002
20.03.2020 08:35:42.678 GMT-0500,1947.993,1946.8470000000002,0.002,0.002
20.03.2020 08:35:43.802 GMT-0500,1948.0020000000002,1946.8470000000002,0.002,0.002
20.03.2020 08:35:43.853 GMT-0500,1948.003,1947.0870000000002,0.002,0.002
20.03.2020 08:35:43.903 GMT-0500,1948.9420000000002,1947.1170000000002,0.0008,0.002
20.03.2020 08:35:44.042 GMT-0500,1948.0020000000002,1947.1170000000002,0.0008,0.002
20.03.2020 08:35:44.242 GMT-0500,1948.003,1947.1170000000002,0.002,0.002
20.03.2020 08:35:44.293 GMT-0500,1948.0020000000002,1947.0770000000002,0.0008,0.002
20.03.2020 08:35:44.439 GMT-0500,1948.9420000000002,1947.0770000000002,0.002,0.002
20.03.2020 08:35:44.489 GMT-0500,1948.9420000000002,1947.0870000000002,0.0008,0.002
20.03.2020 08:35:44.539 GMT-0500,1948.003,1947.0870000000002,0.002,0.002
20.03.2020 08:35:44.710 GMT-0500,1948.5720000000001,1947.757,0.0008,0.002
20.03.2020 08:35:44.760 GMT-0500,1948.5729999999999,1947.2179999999998,0.002,0.0008
20.03.2020 08:35:44.895 GMT-0500,1948.5729999999999,1947.217,0.002,0.002
20.03.2020 08:35:45.614 GMT-0500,1948.5720000000001,1946.8470000000002,0.0008,0.002
20.03.2020 08:35:46.005 GMT-0500,1948.9620000000002,1946.8470000000002,0.0008,0.002
20.03.2020 08:35:46.269 GMT-0500,1948.9620000000002,1947.538,0.002,0.0008
20.03.2020 08:35:46.734 GMT-0500,1948.9620000000002,1947.9479999999999,0.002,0.002
20.03.2020 08:35:46.784 GMT-0500,1949.293,1947.957,0.002,0.002
20.03.2020 08:35:46.835 GMT-0500,1949.2920000000001,1948.007,0.0008,0.002
20.03.2020 08:35:47.898 GMT-0500,1949.2920000000001,1947.957,0.0008,0.002
20.03.2020 08:35:48.158 GMT-0500,1949.2920000000001,1947.9579999999999,0.002,0.002
20.03.2020 08:35:48.902 GMT-0500,1949.2520000000002,1947.9579999999999,0.0008,0.002
20.03.2020 08:35:49.329 GMT-0500,1949.2520000000002,1948.007,0.0008,0.0008
20.03.2020 08:35:49.444 GMT-0500,1949.2520000000002,1947.957,0.0008,0.002
20.03.2020 08:35:49.612 GMT-0500,1948.4520000000002,1947.957,0.0008,0.002
20.03.2020 08:35:49.664 GMT-0500,1950.003,1947.648,0.002,0.0008
20.03.2020 08:35:49.892 GMT-0500,1949.293,1947.648,0.0008,0.002
20.03.2020 08:35:50.396 GMT-0500,1949.293,1948.068,0.002,0.002
20.03.2020 08:35:50.448 GMT-0500,1949.2920000000001,1948.068,0.002,0.002
20.03.2020 08:35:50.548 GMT-0500,1950.003,1948.068,0.002,0.0008
20.03.2020 08:35:50.747 GMT-0500,1949.2920000000001,1948.0770000000002,0.0008,0.002
20.03.2020 08:35:51.017 GMT-0500,1950.003,1948.078,0.002,0.0008
20.03.2020 08:35:51.339 GMT-0500,1950.003,1948.558,0.002,0.0008
20.03.2020 08:35:51.390 GMT-0500,1950.0020000000002,1948.0870000000002,0.0008,0.002
20.03.2020 08:35:51.669 GMT-0500,1950.0020000000002,1948.6070000000002,0.0008,0.0008
20.03.2020 08:35:53.944 GMT-0500,1950.003,1948.6070000000002,0.002,0.002
20.03.2020 08:35:54.449 GMT-0500,1949.8629999999998,1948.737,0.0008,0.002
20.03.2020 08:35:54.655 GMT-0500,1950.0020000000002,1949.3470000000002,0.0008,0.002
20.03.2020 08:35:54.824 GMT-0500,1950.0020000000002,1949.348,0.002,0.002
20.03.2020 08:35:54.875 GMT-0500,1950.0020000000002,1949.3470000000002,0.0008,0.002
20.03.2020 08:35:55.878 GMT-0500,1950.088,1949.997,0.0008,0.0008
20.03.2020 08:35:55.929 GMT-0500,1951.003,1949.997,0.002,0.002
20.03.2020 08:35:55.979 GMT-0500,1951.0020000000002,1950.1670000000001,0.0008,0.002
20.03.2020 08:35:56.029 GMT-0500,1951.6329999999998,1951.007,0.002,0.002
20.03.2020 08:35:56.178 GMT-0500,1951.632,1950.5670000000002,0.0008,0.0008
20.03.2020 08:35:56.228 GMT-0500,1951.632,1947.997,0.0008,0.002
20.03.2020 08:35:56.278 GMT-0500,1951.393,1949.9470000000001,0.002,0.002
20.03.2020 08:35:56.480 GMT-0500,1951.6329999999998,1950.4370000000001,0.002,0.002
20.03.2020 08:35:56.602 GMT-0500,1951.6329999999998,1950.548,0.002,0.0008
20.03.2020 08:35:56.652 GMT-0500,1955.003,1951.6170000000002,0.002,0.002
20.03.2020 08:35:56.703 GMT-0500,1955.003,1951.1370000000002,0.002,0.002
20.03.2020 08:35:57.442 GMT-0500,1955.003,1951.727,0.002,0.0008
20.03.2020 08:35:57.646 GMT-0500,1952.933,1950.757,0.002,0.002
20.03.2020 08:35:59.800 GMT-0500,1952.913,1950.757,0.0008,0.002
20.03.2020 08:36:00.202 GMT-0500,1952.913,1950.7579999999998,0.002,0.0008
20.03.2020 08:36:00.739 GMT-0500,1952.892,1950.5870000000002,0.002,0.002
20.03.2020 08:36:00.789 GMT-0500,1952.872,1950.5870000000002,0.0008,0.002
20.03.2020 08:36:00.891 GMT-0500,1952.392,1950.5870000000002,0.0008,0.002
20.03.2020 08:36:01.047 GMT-0500,1952.392,1950.5970000000002,0.0008,0.0008
20.03.2020 08:36:01.431 GMT-0500,1952.352,1950.5970000000002,0.0008,0.002
20.03.2020 08:36:01.861 GMT-0500,1952.033,1950.598,0.0008,0.0008
20.03.2020 08:36:01.911 GMT-0500,1952.033,1950.588,0.002,0.0008
20.03.2020 08:36:02.424 GMT-0500,1951.5829999999999,1947.997,0.002,0.002
20.03.2020 08:36:02.524 GMT-0500,1952.9220000000003,1949.017,0.0008,0.002
20.03.2020 08:36:02.707 GMT-0500,1950.8629999999998,1947.9979999999998,0.002,0.0008
20.03.2020 08:36:02.767 GMT-0500,1949.9920000000002,1947.9979999999998,0.0008,0.002
20.03.2020 08:36:02.934 GMT-0500,1949.993,1947.997,0.002,0.002
20.03.2020 08:36:03.110 GMT-0500,1949.5020000000002,1947.997,0.0008,0.002
20.03.2020 08:36:03.324 GMT-0500,1949.783,1948.2579999999998,0.002,0.0008
20.03.2020 08:36:03.683 GMT-0500,1949.783,1947.9979999999998,0.002,0.002
20.03.2020 08:36:03.734 GMT-0500,1949.8529999999998,1947.9979999999998,0.002,0.0008
20.03.2020 08:36:03.973 GMT-0500,1949.852,1948.0079999999998,0.002,0.002
20.03.2020 08:36:04.214 GMT-0500,1949.8220000000001,1948.0079999999998,0.0008,0.0008
20.03.2020 08:36:04.265 GMT-0500,1949.8220000000001,1947.9979999999998,0.002,0.002
20.03.2020 08:36:05.136 GMT-0500,1949.8220000000001,1948.007,0.0008,0.0008
20.03.2020 08:36:05.357 GMT-0500,1949.2020000000002,1947.997,0.0008,0.002
20.03.2020 08:36:05.408 GMT-0500,1949.852,1948.1970000000001,0.0008,0.002
20.03.2020 08:36:05.464 GMT-0500,1949.852,1949.017,0.0008,0.0008
20.03.2020 08:36:05.514 GMT-0500,1950.5929999999998,1949.118,0.002,0.0008
20.03.2020 08:36:06.139 GMT-0500,1950.5929999999998,1948.828,0.002,0.0008
20.03.2020 08:36:06.429 GMT-0500,1950.5929999999998,1948.4379999999999,0.002,0.002
20.03.2020 08:36:06.539 GMT-0500,1950.592,1948.1470000000002,0.0008,0.002
20.03.2020 08:36:07.082 GMT-0500,1950.592,1948.4270000000001,0.0008,0.0008
20.03.2020 08:36:07.133 GMT-0500,1950.5929999999998,1948.1470000000002,0.002,0.002
20.03.2020 08:36:07.644 GMT-0500,1950.5929999999998,1948.1470000000002,0.002,0.002
20.03.2020 08:36:08.199 GMT-0500,1949.503,1948.1570000000002,0.002,0.002
20.03.2020 08:36:08.249 GMT-0500,1949.9920000000002,1948.158,0.002,0.002
20.03.2020 08:36:09.132 GMT-0500,1949.993,1948.1470000000002,0.002,0.002
20.03.2020 08:36:10.506 GMT-0500,1949.9920000000002,1948.1470000000002,0.0008,0.002
20.03.2020 08:36:10.928 GMT-0500,1949.142,1948.1470000000002,0.0008,0.002
20.03.2020 08:36:10.979 GMT-0500,1949.993,1948.1570000000002,0.002,0.002
20.03.2020 08:36:11.133 GMT-0500,1949.9920000000002,1948.1570000000002,0.0008,0.0008
20.03.2020 08:36:11.233 GMT-0500,1950.4620000000002,1948.5079999999998,0.002,0.002
20.03.2020 08:36:11.513 GMT-0500,1950.4620000000002,1948.507,0.002,0.002
20.03.2020 08:36:11.614 GMT-0500,1949.993,1948.5079999999998,0.002,0.0008
20.03.2020 08:36:11.664 GMT-0500,1949.9920000000002,1948.148,0.002,0.002
20.03.2020 08:36:12.309 GMT-0500,1949.9920000000002,1948.507,0.0008,0.0008
20.03.2020 08:36:13.183 GMT-0500,1950.003,1948.507,0.002,0.002
20.03.2020 08:36:13.283 GMT-0500,1952.5020000000002,1951.217,0.0008,0.002
20.03.2020 08:36:13.333 GMT-0500,1952.503,1950.007,0.002,0.002
20.03.2020 08:36:14.261 GMT-0500,1953.4620000000002,1951.578,0.002,0.002
20.03.2020 08:36:14.763 GMT-0500,1953.9220000000003,1952.027,0.0008,0.002
20.03.2020 08:36:15.173 GMT-0500,1955.0020000000002,1952.027,0.0008,0.002
20.03.2020 08:36:16.361 GMT-0500,1955.0020000000002,1952.028,0.002,0.002
20.03.2020 08:36:16.739 GMT-0500,1954.0629999999999,1952.028,0.002,0.0008
20.03.2020 08:36:16.790 GMT-0500,1954.0320000000002,1952.028,0.002,0.002
20.03.2020 08:36:17.152 GMT-0500,1953.923,1952.028,0.002,0.0008
20.03.2020 08:36:17.253 GMT-0500,1955.0020000000002,1952.8670000000002,0.0008,0.002
20.03.2020 08:36:17.402 GMT-0500,1955.003,1952.8670000000002,0.002,0.0008
20.03.2020 08:36:17.726 GMT-0500,1955.003,1953.068,0.002,0.0008
20.03.2020 08:36:17.826 GMT-0500,1955.003,1951.517,0.002,0.002
20.03.2020 08:36:18.050 GMT-0500,1955.0020000000002,1951.517,0.0008,0.002
20.03.2020 08:36:18.100 GMT-0500,1955.003,1951.517,0.002,0.002
20.03.2020 08:36:18.235 GMT-0500,1955.0020000000002,1951.517,0.0008,0.002
20.03.2020 08:36:18.285 GMT-0500,1955.0020000000002,1951.517,0.0008,0.002
20.03.2020 08:36:18.369 GMT-0500,1955.0020000000002,1951.517,0.0008,0.002
20.03.2020 08:36:18.866 GMT-0500,1955.003,1952.237,0.002,0.0008
20.03.2020 08:36:19.004 GMT-0500,1955.372,1954.778,0.0008,0.0008
20.03.2020 08:36:19.105 GMT-0500,1958.622,1954.9379999999999,0.002,0.002
20.03.2020 08:36:19.789 GMT-0500,1958.793,1955.007,0.002,0.002
20.03.2020 08:36:19.856 GMT-0500,1958.793,1955.007,0.002,0.002
20.03.2020 08:36:20.228 GMT-0500,1958.7720000000002,1955.8670000000002,0.0008,0.0008
20.03.2020 08:36:21.260 GMT-0500,1956.6329999999998,1955.007,0.002,0.002
20.03.2020 08:36:22.107 GMT-0500,1956.392,1955.028,0.002,0.002
20.03.2020 08:36:22.481 GMT-0500,1956.372,1955.028,0.0008,0.0008
20.03.2020 08:36:22.531 GMT-0500,1956.372,1954.957,0.0008,0.002
20.03.2020 08:36:22.651 GMT-0500,1956.3729999999998,1954.997,0.002,0.002
20.03.2020 08:36:22.882 GMT-0500,1956.3729999999998,1955.007,0.002,0.0008
20.03.2020 08:36:24.326 GMT-0500,1954.842,1951.517,0.0008,0.002
20.03.2020 08:36:24.496 GMT-0500,1955.503,1951.517,0.002,0.002
20.03.2020 08:36:24.546 GMT-0500,1955.503,1953.618,0.002,0.0008
20.03.2020 08:36:24.756 GMT-0500,1955.5020000000002,1951.517,0.0008,0.002
20.03.2020 08:36:25.358 GMT-0500,1955.503,1951.517,0.002,0.002
20.03.2020 08:36:25.508 GMT-0500,1955.4520000000002,1953.618,0.0008,0.002
20.03.2020 08:36:25.902 GMT-0500,1955.4520000000002,1953.618,0.002,0.002
20.03.2020 08:36:26.189 GMT-0500,1955.223,1953.618,0.002,0.0008
20.03.2020 08:36:26.561 GMT-0500,1954.933,1953.6170000000002,0.002,0.002
20.03.2020 08:36:26.785 GMT-0500,1954.9320000000002,1951.517,0.0008,0.002
20.03.2020 08:36:26.937 GMT-0500,1954.9320000000002,1951.518,0.002,0.002
20.03.2020 08:36:27.165 GMT-0500,1954.663,1951.518,0.0008,0.002
20.03.2020 08:36:27.446 GMT-0500,1954.5220000000002,1952.9070000000002,0.0008,0.0008
20.03.2020 08:36:28.564 GMT-0500,1954.703,1953.017,0.002,0.002
20.03.2020 08:36:29.978 GMT-0500,1954.7020000000002,1953.0370000000003,0.0008,0.002
20.03.2020 08:36:31.992 GMT-0500,1957.3829999999998,1954.007,0.002,0.002
20.03.2020 08:36:32.209 GMT-0500,1957.3829999999998,1954.007,0.002,0.002
20.03.2020 08:36:32.310 GMT-0500,1955.973,1954.3570000000002,0.002,0.002
20.03.2020 08:36:32.626 GMT-0500,1955.973,1954.358,0.002,0.0008
20.03.2020 08:36:32.988 GMT-0500,1955.953,1953.007,0.002,0.002
20.03.2020 08:36:33.098 GMT-0500,1955.953,1953.0079999999998,0.002,0.0008
20.03.2020 08:36:33.242 GMT-0500,1955.9320000000002,1953.0079999999998,0.002,0.002
20.03.2020 08:36:33.851 GMT-0500,1955.9320000000002,1954.027,0.0008,0.0008
20.03.2020 08:36:33.952 GMT-0500,1955.933,1954.0470000000003,0.002,0.002
20.03.2020 08:36:34.145 GMT-0500,1957.382,1954.0470000000003,0.002,0.002
20.03.2020 08:36:34.196 GMT-0500,1957.382,1954.048,0.002,0.002
20.03.2020 08:36:34.617 GMT-0500,1957.3829999999998,1954.1879999999999,0.002,0.0008
20.03.2020 08:36:34.906 GMT-0500,1954.5529999999999,1953.2279999999998,0.002,0.0008
20.03.2020 08:36:34.957 GMT-0500,1954.842,1953.227,0.0008,0.002
20.03.2020 08:36:35.556 GMT-0500,1955.852,1953.7179999999998,0.002,0.002
20.03.2020 08:36:35.926 GMT-0500,1955.543,1953.7179999999998,0.002,0.0008
20.03.2020 08:36:36.448 GMT-0500,1955.3220000000001,1951.518,0.002,0.002
20.03.2020 08:36:37.227 GMT-0500,1955.9920000000002,1954.058,0.002,0.002
20.03.2020 08:36:37.656 GMT-0500,1957.3829999999998,1954.058,0.002,0.0008
20.03.2020 08:36:37.945 GMT-0500,1957.382,1954.038,0.002,0.002
20.03.2020 08:36:38.021 GMT-0500,1957.382,1954.038,0.002,0.002
20.03.2020 08:36:38.316 GMT-0500,1955.3229999999999,1954.058,0.0008,0.0008
20.03.2020 08:36:38.367 GMT-0500,1955.3229999999999,1954.0370000000003,0.002,0.002
20.03.2020 08:36:38.417 GMT-0500,1955.3229999999999,1954.058,0.002,0.0008
20.03.2020 08:36:38.467 GMT-0500,1957.382,1954.0570000000002,0.0008,0.002
20.03.2020 08:36:38.583 GMT-0500,1957.3829999999998,1954.0570000000002,0.002,0.0008
20.03.2020 08:36:38.634 GMT-0500,1957.3829999999998,1954.038,0.002,0.0008
20.03.2020 08:36:38.939 GMT-0500,1957.3829999999998,1954.3570000000002,0.002,0.0008
20.03.2020 08:36:39.367 GMT-0500,1956.2120000000002,1954.8770000000002,0.0008,0.002
20.03.2020 08:36:39.417 GMT-0500,1957.382,1954.878,0.002,0.002
20.03.2020 08:36:40.439 GMT-0500,1955.3229999999999,1954.0370000000003,0.002,0.002
20.03.2020 08:36:40.489 GMT-0500,1957.3829999999998,1954.6879999999999,0.002,0.0008
20.03.2020 08:36:40.723 GMT-0500,1956.003,1954.6870000000001,0.002,0.002
20.03.2020 08:36:41.942 GMT-0500,1956.003,1955.1270000000002,0.002,0.0008
20.03.2020 08:36:41.993 GMT-0500,1957.3829999999998,1955.5670000000002,0.002,0.002
20.03.2020 08:36:42.601 GMT-0500,1956.5829999999999,1955.5670000000002,0.0008,0.002
20.03.2020 08:36:43.067 GMT-0500,1956.582,1955.568,0.002,0.0008
20.03.2020 08:36:43.117 GMT-0500,1956.582,1955.1879999999999,0.002,0.002
20.03.2020 08:36:43.167 GMT-0500,1956.582,1955.3070000000002,0.0008,0.002
20.03.2020 08:36:43.270 GMT-0500,1956.582,1955.378,0.002,0.002
20.03.2020 08:36:43.321 GMT-0500,1956.5829999999999,1955.358,0.002,0.0008
20.03.2020 08:36:43.413 GMT-0500,1957.382,1955.9679999999998,0.002,0.002
20.03.2020 08:36:43.464 GMT-0500,1956.582,1955.3570000000002,0.0008,0.002
20.03.2020 08:36:44.004 GMT-0500,1956.582,1955.318,0.002,0.002
20.03.2020 08:36:44.402 GMT-0500,1956.582,1954.038,0.002,0.002
20.03.2020 08:36:44.917 GMT-0500,1956.433,1954.038,0.0008,0.0008
20.03.2020 08:36:45.545 GMT-0500,1956.433,1954.038,0.002,0.0008
20.03.2020 08:36:45.646 GMT-0500,1955.7620000000002,1954.0370000000003,0.0008,0.002
20.03.2020 08:36:46.266 GMT-0500,1956.433,1954.0370000000003,0.002,0.002
20.03.2020 08:36:46.316 GMT-0500,1956.433,1954.0370000000003,0.002,0.002
20.03.2020 08:36:46.755 GMT-0500,1956.433,1954.0370000000003,0.002,0.002
20.03.2020 08:36:46.806 GMT-0500,1957.382,1954.038,0.002,0.002
20.03.2020 08:36:46.856 GMT-0500,1956.433,1954.0370000000003,0.002,0.002
20.03.2020 08:36:47.499 GMT-0500,1956.433,1954.0370000000003,0.002,0.002
20.03.2020 08:36:47.549 GMT-0500,1956.003,1954.038,0.002,0.0008
20.03.2020 08:36:47.600 GMT-0500,1956.993,1954.0370000000003,0.002,0.002
20.03.2020 08:36:48.164 GMT-0500,1956.9920000000002,1953.138,0.002,0.002
20.03.2020 08:36:48.277 GMT-0500,1956.9920000000002,1953.5770000000002,0.002,0.0008
20.03.2020 08:36:48.328 GMT-0500,1954.9920000000002,1951.9979999999998,0.002,0.002
20.03.2020 08:36:48.814 GMT-0500,1954.4420000000002,1952.4370000000001,0.0008,0.002
20.03.2020 08:36:49.143 GMT-0500,1954.9920000000002,1953.7379999999998,0.002,0.002
20.03.2020 08:36:49.479 GMT-0500,1954.9920000000002,1951.9979999999998,0.002,0.002
20.03.2020 08:36:49.878 GMT-0500,1954.973,1951.997,0.002,0.002
20.03.2020 08:36:50.156 GMT-0500,1953.2720000000002,1951.997,0.0008,0.002
20.03.2020 08:36:50.207 GMT-0500,1953.5120000000002,1951.997,0.0008,0.002
20.03.2020 08:36:50.483 GMT-0500,1953.5120000000002,1951.997,0.0008,0.002
20.03.2020 08:36:50.703 GMT-0500,1953.5120000000002,1952.3570000000002,0.0008,0.002
20.03.2020 08:36:50.818 GMT-0500,1953.513,1952.3570000000002,0.002,0.0008
20.03.2020 08:36:51.000 GMT-0500,1953.513,1951.9979999999998,0.002,0.002
20.03.2020 08:36:51.167 GMT-0500,1953.5120000000002,1952.4370000000001,0.0008,0.002
20.03.2020 08:36:51.269 GMT-0500,1953.513,1951.997,0.002,0.002
20.03.2020 08:36:51.470 GMT-0500,1953.513,1952.4679999999998,0.002,0.0008
20.03.2020 08:36:51.571 GMT-0500,1952.5829999999999,1951.518,0.002,0.0008
20.03.2020 08:36:51.743 GMT-0500,1953.652,1949.7579999999998,0.002,0.002
20.03.2020 08:36:52.871 GMT-0500,1951.9920000000002,1949.7579999999998,0.002,0.002
20.03.2020 08:36:53.676 GMT-0500,1951.9920000000002,1950.5970000000002,0.0008,0.0008
20.03.2020 08:36:54.261 GMT-0500,1951.9920000000002,1949.757,0.0008,0.002
20.03.2020 08:36:54.425 GMT-0500,1951.973,1949.7579999999998,0.002,0.0008
20.03.2020 08:36:54.547 GMT-0500,1951.963,1950.4379999999999,0.002,0.0008
20.03.2020 08:36:54.597 GMT-0500,1951.9620000000002,1950.0470000000003,0.0008,0.002
20.03.2020 08:36:55.397 GMT-0500,1951.963,1950.0470000000003,0.002,0.002
20.03.2020 08:36:55.889 GMT-0500,1951.963,1950.048,0.002,0.002
20.03.2020 08:36:55.990 GMT-0500,1951.6129999999998,1948.8370000000002,0.002,0.002
20.03.2020 08:36:56.040 GMT-0500,1951.6129999999998,1948.888,0.002,0.0008
20.03.2020 08:36:56.110 GMT-0500,1951.612,1948.838,0.002,0.002
20.03.2020 08:36:56.160 GMT-0500,1951.612,1948.858,0.002,0.002
20.03.2020 08:36:56.708 GMT-0500,1951.612,1948.858,0.002,0.002
20.03.2020 08:36:57.344 GMT-0500,1953.352,1950.027,0.002,0.002
20.03.2020 08:36:57.394 GMT-0500,1953.352,1950.028,0.002,0.002
20.03.2020 08:36:58.223 GMT-0500,1953.352,1950.028,0.002,0.002
20.03.2020 08:36:58.324 GMT-0500,1950.393,1948.8370000000002,0.002,0.002
20.03.2020 08:36:58.602 GMT-0500,1950.3329999999999,1948.8370000000002,0.0008,0.002
20.03.2020 08:36:58.706 GMT-0500,1949.9820000000002,1948.838,0.002,0.002
20.03.2020 08:36:58.984 GMT-0500,1949.9820000000002,1947.997,0.002,0.002
20.03.2020 08:36:59.034 GMT-0500,1948.842,1947.997,0.0008,0.002
20.03.2020 08:36:59.461 GMT-0500,1949.963,1948.4370000000001,0.002,0.002
20.03.2020 08:36:59.579 GMT-0500,1949.9620000000002,1948.328,0.002,0.002
20.03.2020 08:36:59.630 GMT-0500,1949.9420000000002,1948.328,0.002,0.002
20.03.2020 08:36:59.968 GMT-0500,1949.9420000000002,1948.318,0.002,0.002
20.03.2020 08:37:00.019 GMT-0500,1949.9420000000002,1948.3170000000002,0.0008,0.002
20.03.2020 08:37:00.512 GMT-0500,1949.943,1948.3170000000002,0.002,0.0008
20.03.2020 08:37:00.563 GMT-0500,1949.943,1947.9979999999998,0.002,0.0008
20.03.2020 08:37:01.567 GMT-0500,1949.923,1947.9979999999998,0.0008,0.0008
20.03.2020 08:37:01.851 GMT-0500,1949.923,1947.027,0.0008,0.002
20.03.2020 08:37:04.595 GMT-0500,1945.3529999999998,1941.487,0.0008,0.002
20.03.2020 08:37:04.696 GMT-0500,1945.1820000000002,1941.598,0.002,0.002
20.03.2020 08:37:04.847 GMT-0500,1945.183,1941.4879999999998,0.002,0.0008
20.03.2020 08:37:04.976 GMT-0500,1945.183,1943.7870000000003,0.002,0.0008
20.03.2020 08:37:05.077 GMT-0500,1945.8329999999999,1943.7870000000003,0.002,0.002
20.03.2020 08:37:05.575 GMT-0500,1944.8029999999999,1941.4879999999998,0.0008,0.002
20.03.2020 08:37:05.687 GMT-0500,1945.733,1943.2379999999998,0.002,0.0008
20.03.2020 08:37:05.836 GMT-0500,1945.733,1943.237,0.0008,0.002
20.03.2020 08:37:05.886 GMT-0500,1945.832,1943.237,0.0008,0.002
20.03.2020 08:37:06.732 GMT-0500,1945.832,1941.997,0.002,0.002
20.03.2020 08:37:06.783 GMT-0500,1944.533,1941.997,0.002,0.002
20.03.2020 08:37:06.980 GMT-0500,1944.5320000000002,1941.997,0.0008,0.002
20.03.2020 08:37:07.171 GMT-0500,1944.533,1941.9979999999998,0.002,0.0008
20.03.2020 08:37:07.613 GMT-0500,1944.533,1943.017,0.002,0.0008
20.03.2020 08:37:08.176 GMT-0500,1944.533,1941.9979999999998,0.002,0.002
20.03.2020 08:37:08.227 GMT-0500,1944.5320000000002,1941.9979999999998,0.002,0.002
20.03.2020 08:37:08.545 GMT-0500,1944.5320000000002,1941.9979999999998,0.002,0.002
20.03.2020 08:37:08.756 GMT-0500,1942.8829999999998,1941.997,0.002,0.002
20.03.2020 08:37:09.171 GMT-0500,1942.892,1941.487,0.0008,0.002
20.03.2020 08:37:09.616 GMT-0500,1942.882,1941.487,0.0008,0.002
20.03.2020 08:37:10.004 GMT-0500,1942.1720000000003,1941.487,0.0008,0.0008
20.03.2020 08:37:10.054 GMT-0500,1942.143,1939.9979999999998,0.002,0.0008
20.03.2020 08:37:10.127 GMT-0500,1942.143,1941.0079999999998,0.0008,0.0008
20.03.2020 08:37:10.177 GMT-0500,1942.8529999999998,1941.0079999999998,0.002,0.0008
20.03.2020 08:37:10.605 GMT-0500,1942.8329999999999,1941.0079999999998,0.0008,0.0008
20.03.2020 08:37:10.804 GMT-0500,1942.8329999999999,1939.9979999999998,0.002,0.002
20.03.2020 08:37:10.854 GMT-0500,1942.8329999999999,1939.9979999999998,0.002,0.0008
20.03.2020 08:37:10.958 GMT-0500,1942.8329999999999,1939.9979999999998,0.002,0.0008
20.03.2020 08:37:11.632 GMT-0500,1940.8329999999999,1939.9979999999998,0.0008,0.0008
20.03.2020 08:37:11.683 GMT-0500,1940.8329999999999,1937.497,0.002,0.002
20.03.2020 08:37:12.784 GMT-0500,1941.3220000000001,1937.497,0.002,0.002
20.03.2020 08:37:12.835 GMT-0500,1941.3220000000001,1937.4979999999998,0.002,0.002
20.03.2020 08:37:12.975 GMT-0500,1941.3220000000001,1940.0620000000001,0.0008,0.0008
20.03.2020 08:37:13.025 GMT-0500,1941.332,1940.098,0.002,0.002
20.03.2020 08:37:13.076 GMT-0500,1940.713,1939.217,0.002,0.002
20.03.2020 08:37:13.475 GMT-0500,1940.713,1939.1979999999999,0.002,0.0008
20.03.2020 08:37:13.554 GMT-0500,1941.0720000000001,1939.1970000000001,0.0008,0.002
20.03.2020 08:37:13.604 GMT-0500,1940.9920000000002,1939.1970000000001,0.0008,0.002
20.03.2020 08:37:13.802 GMT-0500,1941.0729999999999,1939.1970000000001,0.002,0.002
20.03.2020 08:37:13.853 GMT-0500,1941.0729999999999,1939.1979999999999,0.002,0.0008
20.03.2020 08:37:13.998 GMT-0500,1941.0720000000001,1939.1979999999999,0.002,0.002
20.03.2020 08:37:14.633 GMT-0500,1941.0729999999999,1937.4979999999998,0.002,0.0008
20.03.2020 08:37:15.316 GMT-0500,1941.0729999999999,1937.4979999999998,0.002,0.0008
20.03.2020 08:37:15.516 GMT-0500,1941.0620000000001,1939.1979999999999,0.002,0.002
20.03.2020 08:37:16.138 GMT-0500,1941.0720000000001,1939.1970000000001,0.0008,0.002
20.03.2020 08:37:16.260 GMT-0500,1941.0729999999999,1940.007,0.002,0.002
20.03.2020 08:37:16.473 GMT-0500,1941.0729999999999,1940.0970000000002,0.0008,0.0008
20.03.2020 08:37:16.523 GMT-0500,1941.6820000000002,1940.0970000000002,0.0008,0.002
20.03.2020 08:37:16.662 GMT-0500,1942.3029999999999,1940.098,0.002,0.0008
20.03.2020 08:37:17.451 GMT-0500,1942.3029999999999,1939.6970000000001,0.002,0.002
20.03.2020 08:37:17.894 GMT-0500,1942.2820000000002,1939.6970000000001,0.0008,0.002
20.03.2020 08:37:18.780 GMT-0500,1942.2820000000002,1939.6979999999999,0.002,0.002
20.03.2020 08:37:19.113 GMT-0500,1942.2620000000002,1939.997,0.0008,0.002
20.03.2020 08:37:19.786 GMT-0500,1941.6620000000003,1939.997,0.0008,0.002
20.03.2020 08:37:19.891 GMT-0500,1941.6620000000003,1940.028,0.002,0.0008
20.03.2020 08:37:21.192 GMT-0500,1941.663,1940.027,0.0008,0.002
20.03.2020 08:37:21.242 GMT-0500,1942.003,1940.027,0.002,0.002
20.03.2020 08:37:22.723 GMT-0500,1942.003,1940.028,0.002,0.0008
20.03.2020 08:37:22.774 GMT-0500,1942.3120000000001,1941.6470000000002,0.0008,0.002
20.03.2020 08:37:22.824 GMT-0500,1942.3129999999999,1939.997,0.002,0.002
20.03.2020 08:37:23.230 GMT-0500,1943.0020000000002,1939.997,0.002,0.002
20.03.2020 08:37:23.280 GMT-0500,1943.0020000000002,1940.777,0.0008,0.002
20.03.2020 08:37:23.565 GMT-0500,1943.0020000000002,1940.3770000000002,0.0008,0.0008
20.03.2020 08:37:23.616 GMT-0500,1942.983,1940.378,0.002,0.0008
20.03.2020 08:37:23.894 GMT-0500,1942.983,1939.9979999999998,0.002,0.0008
20.03.2020 08:37:24.651 GMT-0500,1942.983,1941.007,0.002,0.0008
20.03.2020 08:37:25.044 GMT-0500,1942.983,1939.9979999999998,0.002,0.002
20.03.2020 08:37:25.094 GMT-0500,1942.9820000000002,1939.9979999999998,0.002,0.002
20.03.2020 08:37:25.426 GMT-0500,1942.973,1939.9979999999998,0.002,0.0008
20.03.2020 08:37:25.743 GMT-0500,1942.5220000000002,1939.997,0.0008,0.002
20.03.2020 08:37:26.032 GMT-0500,1942.963,1939.997,0.002,0.002
20.03.2020 08:37:26.082 GMT-0500,1942.963,1939.997,0.002,0.002
20.03.2020 08:37:26.277 GMT-0500,1942.533,1939.997,0.002,0.002
20.03.2020 08:37:26.976 GMT-0500,1942.533,1939.9979999999998,0.002,0.0008
20.03.2020 08:37:27.784 GMT-0500,1942.3529999999998,1939.997,0.002,0.002
20.03.2020 08:37:28.197 GMT-0500,1942.3329999999999,1939.9979999999998,0.002,0.0008
20.03.2020 08:37:28.539 GMT-0500,1941.882,1939.6970000000001,0.002,0.002
20.03.2020 08:37:28.590 GMT-0500,1940.5120000000002,1939.6970000000001,0.0008,0.002
20.03.2020 08:37:28.954 GMT-0500,1941.183,1939.6979999999999,0.002,0.0008
20.03.2020 08:37:30.152 GMT-0500,1940.592,1939.6979999999999,0.0008,0.002
20.03.2020 08:37:30.274 GMT-0500,1940.592,1937.497,0.002,0.002
20.03.2020 08:37:30.325 GMT-0500,1940.0420000000001,1937.497,0.0008,0.002
20.03.2020 08:37:30.408 GMT-0500,1940.0420000000001,1937.9979999999998,0.002,0.0008
20.03.2020 08:37:31.466 GMT-0500,1940.0520000000001,1937.997,0.0008,0.002
20.03.2020 08:37:31.517 GMT-0500,1940.0529999999999,1939.018,0.002,0.0008
20.03.2020 08:37:31.985 GMT-0500,1940.043,1939.018,0.0008,0.0008
20.03.2020 08:37:32.036 GMT-0500,1940.043,1937.9979999999998,0.002,0.0008
20.03.2020 08:37:32.406 GMT-0500,1939.5220000000002,1937.9979999999998,0.002,0.002
20.03.2020 08:37:32.507 GMT-0500,1940.0529999999999,1937.997,0.002,0.002
20.03.2020 08:37:32.583 GMT-0500,1938.9920000000002,1937.997,0.0008,0.002
20.03.2020 08:37:32.634 GMT-0500,1940.023,1937.997,0.002,0.002
20.03.2020 08:37:32.684 GMT-0500,1939.523,1937.997,0.002,0.002
20.03.2020 08:37:33.151 GMT-0500,1939.9779999999998,1937.9979999999998,0.0008,0.0008
20.03.2020 08:37:33.202 GMT-0500,1941.0420000000001,1938.777,0.0008,0.002
20.03.2020 08:37:33.277 GMT-0500,1940.923,1938.777,0.0008,0.002
20.03.2020 08:37:34.063 GMT-0500,1940.9220000000003,1938.777,0.0008,0.002
20.03.2020 08:37:34.353 GMT-0500,1940.9220000000003,1937.9979999999998,0.002,0.002
20.03.2020 08:37:35.309 GMT-0500,1940.9220000000003,1937.9979999999998,0.002,0.002
20.03.2020 08:37:35.609 GMT-0500,1940.6620000000003,1938.007,0.002,0.002
20.03.2020 08:37:35.802 GMT-0500,1940.173,1938.5079999999998,0.0008,0.0008
20.03.2020 08:37:35.852 GMT-0500,1940.753,1938.5079999999998,0.002,0.0008
20.03.2020 08:37:36.402 GMT-0500,1941.1129999999998,1938.5079999999998,0.002,0.0008
20.03.2020 08:37:36.696 GMT-0500,1940.963,1938.5079999999998,0.0008,0.0008
20.03.2020 08:37:37.481 GMT-0500,1940.673,1938.507,0.002,0.002
20.03.2020 08:37:38.118 GMT-0500,1940.673,1938.108,0.002,0.002
20.03.2020 08:37:38.168 GMT-0500,1939.003,1937.517,0.002,0.002
20.03.2020 08:37:38.219 GMT-0500,1939.003,1937.497,0.002,0.002
20.03.2020 08:37:38.338 GMT-0500,1938.592,1934.9979999999998,0.002,0.002
20.03.2020 08:37:40.503 GMT-0500,1939.5020000000002,1938.018,0.002,0.002
20.03.2020 08:37:40.666 GMT-0500,1938.3829999999998,1934.997,0.002,0.002
20.03.2020 08:37:40.963 GMT-0500,1937.1229999999998,1934.997,0.0008,0.002
20.03.2020 08:37:41.585 GMT-0500,1938.223,1934.9979999999998,0.0008,0.0008
20.03.2020 08:37:42.369 GMT-0500,1938.7520000000002,1936.0570000000002,0.0008,0.0008
20.03.2020 08:37:43.274 GMT-0500,1938.7520000000002,1936.1970000000001,0.0008,0.0008
20.03.2020 08:37:44.323 GMT-0500,1938.753,1936.1970000000001,0.002,0.0008
20.03.2020 08:37:44.373 GMT-0500,1938.753,1934.9979999999998,0.002,0.0008
20.03.2020 08:37:44.986 GMT-0500,1939.3129999999999,1936.028,0.002,0.0008
20.03.2020 08:37:46.574 GMT-0500,1939.3129999999999,1936.027,0.002,0.002
20.03.2020 08:37:46.754 GMT-0500,1939.112,1936.288,0.002,0.0008
20.03.2020 08:37:48.139 GMT-0500,1938.2820000000002,1936.288,0.002,0.002
20.03.2020 08:37:48.945 GMT-0500,1938.635,1936.298,0.0008,0.0008
20.03.2020 08:37:49.046 GMT-0500,1939.293,1936.298,0.002,0.0008
20.03.2020 08:37:49.662 GMT-0500,1939.2920000000001,1936.298,0.002,0.002
20.03.2020 08:37:50.124 GMT-0500,1939.2920000000001,1936.318,0.002,0.002
20.03.2020 08:37:50.682 GMT-0500,1938.5720000000001,1936.288,0.002,0.002
20.03.2020 08:37:50.758 GMT-0500,1938.5720000000001,1936.2970000000003,0.0008,0.0008
20.03.2020 08:37:51.052 GMT-0500,1938.5720000000001,1936.298,0.002,0.002
20.03.2020 08:37:51.441 GMT-0500,1938.0729999999999,1936.2970000000003,0.002,0.002
20.03.2020 08:37:51.559 GMT-0500,1938.0729999999999,1936.3070000000002,0.002,0.0008
20.03.2020 08:37:51.659 GMT-0500,1939.0420000000001,1936.3070000000002,0.0008,0.002
20.03.2020 08:37:53.450 GMT-0500,1939.0420000000001,1936.9370000000001,0.002,0.0008
20.03.2020 08:37:53.500 GMT-0500,1939.0520000000001,1936.298,0.002,0.002
