Local time,Ask,Bid,AskVolume,BidVolume
23.03.2020 08:30:04.510 GMT-0500,1827.332,1825.017,0.0008,0.002
23.03.2020 08:30:04.884 GMT-0500,1829.392,1825.6870000000001,0.0008,0.002
23.03.2020 08:30:05.444 GMT-0500,1825.402,1821.9879999999998,0.002,0.002
23.03.2020 08:30:05.545 GMT-0500,1826.7420000000002,1825.018,0.002,0.002
23.03.2020 08:30:05.595 GMT-0500,1825.152,1821.9879999999998,0.002,0.002
23.03.2020 08:30:05.645 GMT-0500,1824.9120000000003,1821.987,0.0008,0.002
23.03.2020 08:30:06.274 GMT-0500,1824.9120000000003,1823.598,0.0008,0.0008
23.03.2020 08:30:06.325 GMT-0500,1825.8229999999999,1823.598,0.002,0.0008
23.03.2020 08:30:06.441 GMT-0500,1825.8329999999999,1823.598,0.002,0.0008
23.03.2020 08:30:06.492 GMT-0500,1825.8229999999999,1823.5970000000002,0.002,0.002
23.03.2020 08:30:06.666 GMT-0500,1825.8220000000001,1821.987,0.0008,0.002
23.03.2020 08:30:06.716 GMT-0500,1826.753,1824.767,0.002,0.002
23.03.2020 08:30:06.867 GMT-0500,1825.872,1821.987,0.002,0.002
23.03.2020 08:30:07.153 GMT-0500,1825.1620000000003,1821.9879999999998,0.002,0.002
23.03.2020 08:30:07.254 GMT-0500,1824.5629999999999,1822.4979999999998,0.002,0.0008
23.03.2020 08:30:09.434 GMT-0500,1824.9920000000002,1821.9879999999998,0.002,0.002
23.03.2020 08:30:10.010 GMT-0500,1824.9920000000002,1821.9879999999998,0.002,0.002
23.03.2020 08:30:10.061 GMT-0500,1824.9920000000002,1822.6070000000002,0.0008,0.002
23.03.2020 08:30:10.162 GMT-0500,1824.9920000000002,1822.707,0.0008,0.0008
23.03.2020 08:30:10.312 GMT-0500,1824.993,1823.0079999999998,0.002,0.0008
23.03.2020 08:30:10.431 GMT-0500,1824.043,1821.9879999999998,0.002,0.0008
23.03.2020 08:30:10.654 GMT-0500,1824.043,1821.9879999999998,0.002,0.0008
23.03.2020 08:30:10.755 GMT-0500,1823.7420000000002,1821.997,0.0008,0.002
23.03.2020 08:30:10.895 GMT-0500,1823.493,1821.997,0.0008,0.002
23.03.2020 08:30:10.946 GMT-0500,1823.493,1821.987,0.002,0.002
23.03.2020 08:30:11.097 GMT-0500,1823.493,1821.987,0.002,0.002
23.03.2020 08:30:11.469 GMT-0500,1823.4920000000002,1821.9979999999998,0.002,0.0008
23.03.2020 08:30:11.569 GMT-0500,1824.4520000000002,1821.4370000000001,0.0008,0.002
23.03.2020 08:30:11.620 GMT-0500,1824.4520000000002,1820.727,0.0008,0.002
23.03.2020 08:30:12.757 GMT-0500,1824.4520000000002,1822.0079999999998,0.002,0.0008
23.03.2020 08:30:12.949 GMT-0500,1824.4320000000002,1820.727,0.0008,0.002
23.03.2020 08:30:13.119 GMT-0500,1824.4320000000002,1820.7279999999998,0.002,0.002
23.03.2020 08:30:15.783 GMT-0500,1821.013,1819.9979999999998,0.002,0.0008
23.03.2020 08:30:17.539 GMT-0500,1821.793,1819.9979999999998,0.002,0.0008
23.03.2020 08:30:17.658 GMT-0500,1821.793,1820.0079999999998,0.002,0.0008
23.03.2020 08:30:18.593 GMT-0500,1821.8029999999999,1820.0079999999998,0.002,0.002
23.03.2020 08:30:18.643 GMT-0500,1822.4320000000002,1821.358,0.002,0.002
23.03.2020 08:30:18.727 GMT-0500,1822.2420000000002,1821.358,0.0008,0.0008
23.03.2020 08:30:18.778 GMT-0500,1822.4320000000002,1821.0079999999998,0.002,0.002
23.03.2020 08:30:19.115 GMT-0500,1822.2420000000002,1821.0079999999998,0.0008,0.002
23.03.2020 08:30:19.166 GMT-0500,1821.6229999999998,1820.007,0.002,0.002
23.03.2020 08:30:20.498 GMT-0500,1821.6229999999998,1819.9979999999998,0.002,0.002
23.03.2020 08:30:20.549 GMT-0500,1821.622,1819.9979999999998,0.002,0.002
23.03.2020 08:30:20.599 GMT-0500,1821.6229999999998,1820.0079999999998,0.002,0.0008
23.03.2020 08:30:20.741 GMT-0500,1821.6229999999998,1820.007,0.0008,0.002
23.03.2020 08:30:20.792 GMT-0500,1822.243,1820.007,0.002,0.002
23.03.2020 08:30:24.102 GMT-0500,1822.433,1820.0079999999998,0.002,0.0008
23.03.2020 08:30:24.193 GMT-0500,1821.673,1820.0079999999998,0.0008,0.0008
23.03.2020 08:30:25.089 GMT-0500,1821.673,1820.007,0.002,0.0008
23.03.2020 08:30:25.140 GMT-0500,1821.673,1819.9979999999998,0.002,0.0008
23.03.2020 08:30:25.349 GMT-0500,1820.2720000000002,1819.007,0.0008,0.002
23.03.2020 08:30:26.266 GMT-0500,1818.5929999999998,1817.038,0.002,0.0008
23.03.2020 08:30:26.402 GMT-0500,1817.8229999999999,1816.362,0.0008,0.0008
23.03.2020 08:30:27.212 GMT-0500,1818.743,1816.3970000000002,0.002,0.0008
23.03.2020 08:30:28.925 GMT-0500,1818.7420000000002,1816.007,0.0008,0.002
23.03.2020 08:30:30.001 GMT-0500,1817.1229999999998,1815.1070000000002,0.002,0.002
23.03.2020 08:30:30.051 GMT-0500,1817.693,1816.1070000000002,0.002,0.002
23.03.2020 08:30:30.101 GMT-0500,1818.7520000000002,1816.1170000000002,0.0008,0.002
23.03.2020 08:30:30.588 GMT-0500,1817.0729999999999,1816.1170000000002,0.0008,0.0008
23.03.2020 08:30:30.639 GMT-0500,1818.753,1815.4579999999999,0.002,0.0008
23.03.2020 08:30:33.293 GMT-0500,1818.193,1815.4579999999999,0.0008,0.002
23.03.2020 08:30:34.106 GMT-0500,1818.193,1816.0079999999998,0.002,0.0008
23.03.2020 08:30:34.612 GMT-0500,1818.193,1816.0079999999998,0.0008,0.0008
23.03.2020 08:30:34.662 GMT-0500,1818.592,1816.007,0.0008,0.002
23.03.2020 08:30:34.712 GMT-0500,1818.1920000000002,1816.007,0.0008,0.002
23.03.2020 08:30:35.653 GMT-0500,1818.592,1816.007,0.0008,0.002
23.03.2020 08:30:37.045 GMT-0500,1818.592,1816.007,0.002,0.002
23.03.2020 08:30:37.329 GMT-0500,1821.1229999999998,1818.598,0.002,0.0008
23.03.2020 08:30:37.572 GMT-0500,1821.1229999999998,1818.598,0.002,0.002
23.03.2020 08:30:37.679 GMT-0500,1821.1129999999998,1819.3070000000002,0.002,0.002
23.03.2020 08:30:38.145 GMT-0500,1821.1029999999998,1819.308,0.002,0.0008
23.03.2020 08:30:38.254 GMT-0500,1821.1229999999998,1819.308,0.002,0.0008
23.03.2020 08:30:38.304 GMT-0500,1821.112,1819.3070000000002,0.0008,0.002
23.03.2020 08:30:38.576 GMT-0500,1821.1129999999998,1819.3070000000002,0.002,0.002
23.03.2020 08:30:38.781 GMT-0500,1821.0929999999998,1819.3070000000002,0.0008,0.002
23.03.2020 08:30:39.022 GMT-0500,1824.4520000000002,1821.6670000000001,0.0008,0.002
23.03.2020 08:30:39.505 GMT-0500,1823.142,1820.3270000000002,0.0008,0.002
23.03.2020 08:30:40.419 GMT-0500,1824.453,1821.0470000000003,0.002,0.002
23.03.2020 08:30:40.643 GMT-0500,1824.4520000000002,1821.0470000000003,0.0008,0.002
23.03.2020 08:30:41.166 GMT-0500,1824.4520000000002,1821.0670000000002,0.0008,0.002
23.03.2020 08:30:41.471 GMT-0500,1824.4520000000002,1821.1070000000002,0.0008,0.002
23.03.2020 08:30:41.672 GMT-0500,1823.143,1821.108,0.002,0.0008
23.03.2020 08:30:42.974 GMT-0500,1824.4520000000002,1822.1070000000002,0.0008,0.002
23.03.2020 08:30:43.207 GMT-0500,1824.453,1822.1070000000002,0.002,0.002
23.03.2020 08:30:43.439 GMT-0500,1824.4420000000002,1822.6270000000002,0.0008,0.002
23.03.2020 08:30:43.641 GMT-0500,1824.453,1821.88,0.002,0.0008
23.03.2020 08:30:43.932 GMT-0500,1826.743,1823.527,0.002,0.002
23.03.2020 08:30:43.983 GMT-0500,1826.743,1824.267,0.002,0.002
23.03.2020 08:30:44.610 GMT-0500,1826.743,1824.268,0.002,0.0008
23.03.2020 08:30:45.168 GMT-0500,1828.543,1825.618,0.002,0.0008
23.03.2020 08:30:45.218 GMT-0500,1827.9920000000002,1825.6170000000002,0.0008,0.002
23.03.2020 08:30:45.455 GMT-0500,1828.543,1825.6170000000002,0.002,0.002
23.03.2020 08:30:45.506 GMT-0500,1828.543,1825.618,0.002,0.0008
23.03.2020 08:30:45.578 GMT-0500,1827.993,1825.618,0.0008,0.0008
23.03.2020 08:30:47.006 GMT-0500,1827.993,1825.9779999999998,0.002,0.0008
23.03.2020 08:30:47.429 GMT-0500,1828.183,1825.9779999999998,0.002,0.0008
23.03.2020 08:30:47.741 GMT-0500,1828.183,1825.9779999999998,0.002,0.0008
23.03.2020 08:30:48.479 GMT-0500,1829.723,1827.3070000000002,0.002,0.002
23.03.2020 08:30:48.529 GMT-0500,1829.7220000000002,1828.517,0.0008,0.002
23.03.2020 08:30:48.580 GMT-0500,1833.003,1829.128,0.002,0.0008
23.03.2020 08:30:48.668 GMT-0500,1833.0020000000002,1829.128,0.002,0.002
23.03.2020 08:30:50.705 GMT-0500,1833.003,1829.858,0.002,0.0008
23.03.2020 08:30:50.755 GMT-0500,1833.003,1829.858,0.002,0.0008
23.03.2020 08:30:50.819 GMT-0500,1833.0020000000002,1830.497,0.0008,0.002
23.03.2020 08:30:50.945 GMT-0500,1835.0020000000002,1834.038,0.002,0.002
23.03.2020 08:30:50.996 GMT-0500,1834.9920000000002,1832.217,0.0008,0.002
23.03.2020 08:30:51.290 GMT-0500,1834.993,1832.217,0.002,0.002
23.03.2020 08:30:51.357 GMT-0500,1834.9920000000002,1832.308,0.002,0.002
23.03.2020 08:30:51.470 GMT-0500,1834.9920000000002,1832.308,0.002,0.002
23.03.2020 08:30:51.928 GMT-0500,1834.9920000000002,1832.7079999999999,0.002,0.0008
23.03.2020 08:30:52.730 GMT-0500,1834.993,1832.7079999999999,0.0008,0.0008
23.03.2020 08:30:52.780 GMT-0500,1835.003,1832.7079999999999,0.002,0.0008
23.03.2020 08:30:53.342 GMT-0500,1836.7520000000002,1835.2079999999999,0.002,0.002
23.03.2020 08:30:54.889 GMT-0500,1836.7520000000002,1835.2079999999999,0.002,0.002
23.03.2020 08:30:54.940 GMT-0500,1836.7520000000002,1835.2179999999998,0.002,0.002
23.03.2020 08:30:55.286 GMT-0500,1837.493,1835.848,0.002,0.0008
23.03.2020 08:30:55.649 GMT-0500,1837.4920000000002,1835.838,0.002,0.002
23.03.2020 08:30:56.245 GMT-0500,1837.842,1835.8370000000002,0.0008,0.002
23.03.2020 08:30:56.350 GMT-0500,1837.842,1835.8470000000002,0.0008,0.0008
23.03.2020 08:30:57.247 GMT-0500,1837.842,1835.838,0.002,0.002
23.03.2020 08:30:58.982 GMT-0500,1835.7420000000002,1833.6670000000001,0.0008,0.002
23.03.2020 08:30:59.056 GMT-0500,1835.7420000000002,1833.518,0.002,0.002
23.03.2020 08:30:59.737 GMT-0500,1833.642,1831.4170000000001,0.0008,0.002
23.03.2020 08:31:00.232 GMT-0500,1833.643,1831.4170000000001,0.002,0.0008
23.03.2020 08:31:00.283 GMT-0500,1833.643,1831.408,0.002,0.0008
23.03.2020 08:31:04.544 GMT-0500,1827.642,1825.7079999999999,0.002,0.002
23.03.2020 08:31:05.917 GMT-0500,1825.193,1822.4370000000001,0.002,0.002
23.03.2020 08:31:07.847 GMT-0500,1825.1820000000002,1822.4379999999999,0.0008,0.002
23.03.2020 08:31:07.898 GMT-0500,1825.1920000000002,1822.4379999999999,0.002,0.002
23.03.2020 08:31:08.793 GMT-0500,1825.1820000000002,1823.078,0.002,0.002
23.03.2020 08:31:08.843 GMT-0500,1825.183,1822.7579999999998,0.002,0.0008
23.03.2020 08:31:10.529 GMT-0500,1825.183,1822.618,0.002,0.0008
23.03.2020 08:31:10.580 GMT-0500,1827.872,1825.3270000000002,0.0008,0.002
23.03.2020 08:31:11.072 GMT-0500,1827.8729999999998,1825.267,0.002,0.0008
23.03.2020 08:31:31.042 GMT-0500,1826.963,1825.6720000000003,0.0008,0.0008
23.03.2020 08:31:31.093 GMT-0500,1829.673,1825.997,0.002,0.002
23.03.2020 08:31:31.958 GMT-0500,1829.6620000000003,1825.9979999999998,0.0008,0.002
23.03.2020 08:31:32.353 GMT-0500,1829.723,1825.9979999999998,0.002,0.0008
23.03.2020 08:31:32.860 GMT-0500,1829.6620000000003,1825.9979999999998,0.0008,0.002
23.03.2020 08:31:33.017 GMT-0500,1829.6620000000003,1825.9979999999998,0.002,0.002
23.03.2020 08:31:33.228 GMT-0500,1829.673,1825.9979999999998,0.002,0.0008
23.03.2020 08:31:34.067 GMT-0500,1829.6720000000003,1825.997,0.0008,0.002
23.03.2020 08:31:35.342 GMT-0500,1829.673,1825.997,0.002,0.0008
23.03.2020 08:31:37.311 GMT-0500,1827.4920000000002,1823.878,0.0008,0.002
23.03.2020 08:31:46.618 GMT-0500,1829.993,1827.4379999999999,0.002,0.0008
23.03.2020 08:31:55.570 GMT-0500,1830.003,1826.0470000000003,0.002,0.002
23.03.2020 08:31:55.821 GMT-0500,1828.033,1824.997,0.002,0.002
23.03.2020 08:31:59.136 GMT-0500,1828.0020000000002,1824.9979999999998,0.002,0.002
23.03.2020 08:32:00.826 GMT-0500,1828.0020000000002,1824.997,0.002,0.002
23.03.2020 08:32:01.270 GMT-0500,1828.003,1824.9979999999998,0.002,0.0008
23.03.2020 08:32:21.042 GMT-0500,1835.003,1832.257,0.002,0.002
23.03.2020 08:32:21.521 GMT-0500,1835.0020000000002,1832.267,0.0008,0.002
23.03.2020 08:32:21.989 GMT-0500,1835.0020000000002,1833.0370000000003,0.0008,0.0008
23.03.2020 08:32:35.093 GMT-0500,1843.0020000000002,1839.1979999999999,0.002,0.002
23.03.2020 08:32:36.184 GMT-0500,1843.0020000000002,1839.467,0.0008,0.002
23.03.2020 08:32:36.285 GMT-0500,1843.0020000000002,1841.237,0.0008,0.002
23.03.2020 08:32:36.441 GMT-0500,1845.003,1841.237,0.002,0.002
23.03.2020 08:32:36.491 GMT-0500,1845.0020000000002,1842.558,0.002,0.002
23.03.2020 08:32:36.542 GMT-0500,1845.0020000000002,1842.1270000000002,0.0008,0.002
23.03.2020 08:32:36.667 GMT-0500,1845.0020000000002,1842.1270000000002,0.0008,0.0008
23.03.2020 08:32:36.767 GMT-0500,1845.003,1841.2579999999998,0.002,0.0008
23.03.2020 08:32:37.121 GMT-0500,1845.003,1841.1879999999999,0.002,0.0008
23.03.2020 08:32:37.172 GMT-0500,1845.0020000000002,1842.2479999999998,0.002,0.002
23.03.2020 08:32:37.222 GMT-0500,1845.003,1841.1870000000001,0.002,0.002
23.03.2020 08:32:39.042 GMT-0500,1845.003,1841.8970000000002,0.002,0.002
23.03.2020 08:32:39.970 GMT-0500,1845.003,1843.0079999999998,0.002,0.0008
23.03.2020 08:32:40.437 GMT-0500,1845.003,1844.6070000000002,0.0008,0.0008
23.03.2020 08:32:40.488 GMT-0500,1846.003,1844.398,0.002,0.0008
23.03.2020 08:32:41.319 GMT-0500,1846.003,1842.9979999999998,0.002,0.002
23.03.2020 08:32:41.976 GMT-0500,1846.0020000000002,1842.9979999999998,0.002,0.002
23.03.2020 08:32:42.078 GMT-0500,1846.0929999999998,1844.997,0.002,0.002
23.03.2020 08:32:42.129 GMT-0500,1847.263,1845.828,0.002,0.0008
23.03.2020 08:32:42.247 GMT-0500,1846.753,1845.0079999999998,0.002,0.0008
23.03.2020 08:32:42.767 GMT-0500,1847.003,1845.007,0.002,0.002
23.03.2020 08:32:43.138 GMT-0500,1847.003,1845.237,0.002,0.0008
23.03.2020 08:32:45.233 GMT-0500,1850.602,1847.0670000000002,0.0008,0.002
23.03.2020 08:32:46.130 GMT-0500,1848.9920000000002,1847.0670000000002,0.0008,0.0008
23.03.2020 08:32:46.180 GMT-0500,1848.9920000000002,1846.0770000000002,0.0008,0.002
23.03.2020 08:32:46.381 GMT-0500,1848.2820000000002,1846.0770000000002,0.0008,0.002
23.03.2020 08:32:46.431 GMT-0500,1848.993,1846.0770000000002,0.002,0.002
23.03.2020 08:32:46.482 GMT-0500,1850.6029999999998,1848.257,0.002,0.002
23.03.2020 08:32:47.658 GMT-0500,1850.4520000000002,1849.6570000000002,0.0008,0.002
23.03.2020 08:32:47.708 GMT-0500,1850.872,1849.4979999999998,0.002,0.002
23.03.2020 08:32:47.759 GMT-0500,1852.362,1849.007,0.0008,0.002
23.03.2020 08:32:47.842 GMT-0500,1852.3629999999998,1849.007,0.002,0.002
23.03.2020 08:32:54.767 GMT-0500,1852.7520000000002,1850.017,0.0008,0.002
23.03.2020 08:32:57.806 GMT-0500,1852.5520000000001,1850.9479999999999,0.002,0.002
23.03.2020 08:32:59.069 GMT-0500,1853.993,1849.997,0.002,0.002
23.03.2020 08:32:59.184 GMT-0500,1853.993,1849.997,0.002,0.002
23.03.2020 08:32:59.422 GMT-0500,1853.993,1849.997,0.002,0.002
23.03.2020 08:32:59.472 GMT-0500,1853.9920000000002,1850.747,0.0008,0.002
23.03.2020 08:32:59.675 GMT-0500,1853.993,1849.997,0.002,0.002
23.03.2020 08:33:00.315 GMT-0500,1853.993,1850.7970000000003,0.002,0.0008
23.03.2020 08:33:00.574 GMT-0500,1853.9920000000002,1850.7970000000003,0.0008,0.002
23.03.2020 08:33:00.675 GMT-0500,1853.9920000000002,1849.997,0.0008,0.002
23.03.2020 08:33:01.084 GMT-0500,1853.993,1849.997,0.002,0.002
23.03.2020 08:33:01.287 GMT-0500,1853.9920000000002,1849.997,0.0008,0.002
23.03.2020 08:33:01.894 GMT-0500,1855.003,1851.558,0.002,0.0008
23.03.2020 08:33:01.946 GMT-0500,1855.003,1852.548,0.002,0.0008
23.03.2020 08:33:03.413 GMT-0500,1855.0020000000002,1851.6470000000002,0.002,0.0008
23.03.2020 08:33:03.464 GMT-0500,1855.0020000000002,1851.6470000000002,0.0008,0.002
23.03.2020 08:33:05.421 GMT-0500,1855.0020000000002,1851.6470000000002,0.0008,0.0008
23.03.2020 08:33:07.600 GMT-0500,1856.013,1854.628,0.002,0.0008
23.03.2020 08:33:07.651 GMT-0500,1856.013,1854.6370000000002,0.002,0.002
23.03.2020 08:33:08.020 GMT-0500,1856.013,1854.638,0.002,0.0008
23.03.2020 08:33:08.308 GMT-0500,1858.5420000000001,1854.638,0.0008,0.002
23.03.2020 08:33:08.445 GMT-0500,1855.8229999999999,1854.638,0.0008,0.0008
23.03.2020 08:33:11.047 GMT-0500,1854.993,1851.9479999999999,0.0008,0.0008
23.03.2020 08:33:11.215 GMT-0500,1853.9920000000002,1851.9470000000001,0.0008,0.002
23.03.2020 08:33:11.863 GMT-0500,1852.9720000000002,1849.997,0.0008,0.002
23.03.2020 08:33:16.714 GMT-0500,1853.0529999999999,1849.997,0.002,0.002
23.03.2020 08:33:18.463 GMT-0500,1852.493,1849.997,0.002,0.002
23.03.2020 08:33:18.776 GMT-0500,1852.753,1850.017,0.0008,0.0008
23.03.2020 08:33:19.071 GMT-0500,1852.483,1849.9979999999998,0.002,0.0008
23.03.2020 08:33:21.053 GMT-0500,1852.483,1849.9979999999998,0.002,0.0008
23.03.2020 08:33:32.324 GMT-0500,1850.2420000000002,1847.1170000000002,0.0008,0.002
23.03.2020 08:33:32.425 GMT-0500,1850.2420000000002,1847.1270000000002,0.0008,0.002
23.03.2020 08:33:32.700 GMT-0500,1850.0020000000002,1847.2079999999999,0.002,0.002
23.03.2020 08:33:32.973 GMT-0500,1848.602,1847.2079999999999,0.002,0.002
23.03.2020 08:33:33.023 GMT-0500,1849.993,1847.288,0.002,0.0008
23.03.2020 08:33:33.186 GMT-0500,1850.2420000000002,1847.288,0.002,0.002
23.03.2020 08:33:33.254 GMT-0500,1850.0020000000002,1847.288,0.0008,0.002
23.03.2020 08:33:34.067 GMT-0500,1850.003,1847.288,0.002,0.002
23.03.2020 08:33:34.203 GMT-0500,1850.003,1847.9270000000001,0.0008,0.002
23.03.2020 08:33:34.253 GMT-0500,1853.003,1850.007,0.002,0.002
23.03.2020 08:33:34.773 GMT-0500,1853.003,1850.9379999999999,0.002,0.0008
23.03.2020 08:33:35.083 GMT-0500,1851.713,1850.145,0.0008,0.0008
23.03.2020 08:33:36.486 GMT-0500,1852.4820000000002,1850.017,0.0008,0.002
23.03.2020 08:33:37.290 GMT-0500,1852.763,1850.017,0.002,0.0008
23.03.2020 08:33:37.341 GMT-0500,1852.7620000000002,1850.027,0.0008,0.002
23.03.2020 08:33:37.886 GMT-0500,1852.7620000000002,1850.027,0.0008,0.002
23.03.2020 08:33:38.317 GMT-0500,1855.003,1852.0370000000003,0.002,0.002
23.03.2020 08:33:38.569 GMT-0500,1855.0020000000002,1851.4979999999998,0.002,0.0008
23.03.2020 08:33:39.070 GMT-0500,1855.003,1852.7579999999998,0.002,0.0008
23.03.2020 08:33:40.525 GMT-0500,1855.0020000000002,1852.4979999999998,0.002,0.002
23.03.2020 08:33:40.786 GMT-0500,1854.993,1852.4979999999998,0.002,0.0008
23.03.2020 08:33:41.918 GMT-0500,1856.7920000000001,1853.878,0.002,0.002
23.03.2020 08:33:42.037 GMT-0500,1856.283,1854.4370000000001,0.0008,0.002
23.03.2020 08:33:43.724 GMT-0500,1855.9920000000002,1852.4879999999998,0.002,0.002
23.03.2020 08:33:44.494 GMT-0500,1855.9920000000002,1853.737,0.0008,0.0008
23.03.2020 08:33:44.544 GMT-0500,1855.9920000000002,1852.487,0.0008,0.002
23.03.2020 08:33:44.595 GMT-0500,1855.993,1852.757,0.002,0.002
23.03.2020 08:33:44.901 GMT-0500,1856.622,1852.757,0.002,0.002
23.03.2020 08:33:44.951 GMT-0500,1856.622,1852.757,0.0008,0.002
23.03.2020 08:33:45.091 GMT-0500,1856.622,1855.2279999999998,0.002,0.002
23.03.2020 08:33:48.046 GMT-0500,1856.9920000000002,1854.4379999999999,0.002,0.002
23.03.2020 08:33:48.183 GMT-0500,1856.9820000000002,1854.4370000000001,0.0008,0.002
23.03.2020 08:33:48.349 GMT-0500,1856.993,1854.4370000000001,0.002,0.002
23.03.2020 08:33:48.400 GMT-0500,1856.9920000000002,1854.4370000000001,0.0008,0.002
23.03.2020 08:33:50.230 GMT-0500,1860.003,1856.3670000000002,0.002,0.002
23.03.2020 08:33:54.560 GMT-0500,1858.2120000000002,1855.7179999999998,0.002,0.002
23.03.2020 08:33:56.399 GMT-0500,1858.8729999999998,1855.717,0.002,0.002
23.03.2020 08:33:56.500 GMT-0500,1860.003,1857.007,0.002,0.002
23.03.2020 08:33:56.882 GMT-0500,1860.0020000000002,1857.007,0.0008,0.002
23.03.2020 08:33:56.983 GMT-0500,1860.003,1857.007,0.002,0.002
23.03.2020 08:33:57.066 GMT-0500,1858.9920000000002,1857.007,0.0008,0.002
23.03.2020 08:33:57.635 GMT-0500,1855.882,1853.0079999999998,0.002,0.002
23.03.2020 08:33:58.138 GMT-0500,1855.882,1853.0079999999998,0.002,0.002
23.03.2020 08:33:58.668 GMT-0500,1855.8829999999998,1853.017,0.002,0.002
23.03.2020 08:33:59.931 GMT-0500,1855.8829999999998,1853.028,0.002,0.0008
23.03.2020 08:34:00.805 GMT-0500,1855.8029999999999,1853.028,0.0008,0.002
23.03.2020 08:34:02.504 GMT-0500,1855.8029999999999,1853.0470000000003,0.002,0.0008
23.03.2020 08:34:03.366 GMT-0500,1855.443,1853.0370000000003,0.002,0.002
23.03.2020 08:34:04.071 GMT-0500,1855.443,1853.0370000000003,0.002,0.002
23.03.2020 08:34:07.001 GMT-0500,1856.0529999999999,1853.058,0.002,0.002
23.03.2020 08:34:07.103 GMT-0500,1856.953,1854.868,0.002,0.0008
23.03.2020 08:34:07.212 GMT-0500,1856.9620000000002,1854.8670000000002,0.0008,0.002
23.03.2020 08:34:07.323 GMT-0500,1857.273,1854.8670000000002,0.002,0.002
23.03.2020 08:34:07.374 GMT-0500,1857.273,1854.868,0.002,0.0008
23.03.2020 08:34:07.482 GMT-0500,1857.902,1854.8670000000002,0.0008,0.002
23.03.2020 08:34:07.583 GMT-0500,1857.2920000000001,1854.8670000000002,0.0008,0.002
23.03.2020 08:34:07.697 GMT-0500,1856.6029999999998,1854.8670000000002,0.0008,0.002
23.03.2020 08:34:08.074 GMT-0500,1856.6029999999998,1854.8670000000002,0.002,0.002
23.03.2020 08:34:08.175 GMT-0500,1857.1820000000002,1855.658,0.002,0.002
23.03.2020 08:34:08.225 GMT-0500,1857.7320000000002,1856.128,0.002,0.002
23.03.2020 08:34:08.373 GMT-0500,1860.003,1856.128,0.002,0.002
23.03.2020 08:34:08.424 GMT-0500,1858.213,1856.138,0.002,0.0008
23.03.2020 08:34:08.600 GMT-0500,1858.642,1856.1370000000002,0.0008,0.002
23.03.2020 08:34:09.451 GMT-0500,1860.003,1856.138,0.002,0.0008
23.03.2020 08:34:09.560 GMT-0500,1858.5120000000002,1856.138,0.0008,0.002
23.03.2020 08:34:09.713 GMT-0500,1858.9920000000002,1856.3970000000002,0.002,0.002
23.03.2020 08:34:09.763 GMT-0500,1858.9920000000002,1856.3970000000002,0.0008,0.002
23.03.2020 08:34:09.900 GMT-0500,1860.0020000000002,1856.398,0.002,0.002
23.03.2020 08:34:09.987 GMT-0500,1858.983,1856.398,0.0008,0.0008
23.03.2020 08:34:10.600 GMT-0500,1859.8529999999998,1856.398,0.002,0.0008
23.03.2020 08:34:10.650 GMT-0500,1859.8529999999998,1856.398,0.002,0.0008
23.03.2020 08:34:10.702 GMT-0500,1859.8529999999998,1858.518,0.002,0.0008
23.03.2020 08:34:10.752 GMT-0500,1860.0020000000002,1858.517,0.0008,0.002
23.03.2020 08:34:10.893 GMT-0500,1859.8729999999998,1858.517,0.0008,0.002
23.03.2020 08:34:11.070 GMT-0500,1860.003,1858.518,0.002,0.0008
23.03.2020 08:34:11.120 GMT-0500,1859.872,1858.518,0.002,0.002
23.03.2020 08:34:11.292 GMT-0500,1859.1920000000002,1857.2579999999998,0.002,0.002
23.03.2020 08:34:12.242 GMT-0500,1859.872,1857.2579999999998,0.002,0.002
23.03.2020 08:34:12.293 GMT-0500,1859.872,1857.277,0.0008,0.002
23.03.2020 08:34:12.466 GMT-0500,1859.872,1857.298,0.002,0.002
23.03.2020 08:34:12.686 GMT-0500,1859.8729999999998,1857.3170000000002,0.002,0.002
23.03.2020 08:34:13.646 GMT-0500,1859.4920000000002,1857.3170000000002,0.0008,0.0008
23.03.2020 08:34:14.653 GMT-0500,1859.503,1857.8070000000002,0.002,0.002
23.03.2020 08:34:14.703 GMT-0500,1859.973,1857.8070000000002,0.002,0.002
23.03.2020 08:34:15.356 GMT-0500,1859.9720000000002,1857.6270000000002,0.0008,0.0008
23.03.2020 08:34:15.777 GMT-0500,1859.973,1857.828,0.002,0.0008
23.03.2020 08:34:18.087 GMT-0500,1859.9720000000002,1857.7870000000003,0.0008,0.002
23.03.2020 08:34:18.849 GMT-0500,1859.973,1857.7870000000003,0.002,0.002
23.03.2020 08:34:20.231 GMT-0500,1860.0020000000002,1857.828,0.002,0.002
23.03.2020 08:34:20.281 GMT-0500,1860.9720000000002,1859.4270000000001,0.0008,0.002
23.03.2020 08:34:20.757 GMT-0500,1860.9720000000002,1857.788,0.002,0.002
23.03.2020 08:34:21.789 GMT-0500,1860.9720000000002,1857.7870000000003,0.002,0.002
23.03.2020 08:34:22.059 GMT-0500,1857.9520000000002,1856.0079999999998,0.002,0.0008
23.03.2020 08:34:22.184 GMT-0500,1857.953,1856.0079999999998,0.0008,0.0008
23.03.2020 08:34:23.684 GMT-0500,1859.2320000000002,1855.997,0.0008,0.002
23.03.2020 08:34:23.870 GMT-0500,1859.993,1855.9979999999998,0.0008,0.0008
23.03.2020 08:34:24.141 GMT-0500,1858.4920000000002,1855.9979999999998,0.0008,0.002
23.03.2020 08:34:24.547 GMT-0500,1858.4920000000002,1856.0079999999998,0.002,0.002
23.03.2020 08:34:25.476 GMT-0500,1858.642,1855.997,0.0008,0.002
23.03.2020 08:34:25.980 GMT-0500,1858.643,1855.997,0.002,0.002
23.03.2020 08:34:26.421 GMT-0500,1859.9920000000002,1856.007,0.002,0.002
23.03.2020 08:34:26.471 GMT-0500,1859.993,1855.9979999999998,0.002,0.0008
23.03.2020 08:34:27.786 GMT-0500,1856.3129999999999,1855.997,0.0008,0.0008
23.03.2020 08:34:27.836 GMT-0500,1856.3129999999999,1853.997,0.002,0.002
23.03.2020 08:34:27.961 GMT-0500,1856.3129999999999,1853.997,0.002,0.002
23.03.2020 08:34:28.266 GMT-0500,1856.3129999999999,1854.558,0.002,0.0008
23.03.2020 08:34:28.666 GMT-0500,1856.3129999999999,1853.997,0.002,0.002
23.03.2020 08:34:28.717 GMT-0500,1856.3129999999999,1853.997,0.002,0.002
23.03.2020 08:34:28.982 GMT-0500,1856.3120000000001,1853.997,0.0008,0.002
23.03.2020 08:34:29.163 GMT-0500,1856.3120000000001,1853.997,0.002,0.002
23.03.2020 08:34:29.682 GMT-0500,1856.3129999999999,1854.007,0.002,0.002
23.03.2020 08:34:29.994 GMT-0500,1855.7920000000001,1854.007,0.0008,0.0008
23.03.2020 08:34:30.044 GMT-0500,1855.7920000000001,1853.997,0.0008,0.002
23.03.2020 08:34:31.322 GMT-0500,1855.7920000000001,1853.997,0.002,0.002
23.03.2020 08:34:31.564 GMT-0500,1855.142,1854.0079999999998,0.002,0.0008
23.03.2020 08:34:31.880 GMT-0500,1855.142,1854.007,0.002,0.002
23.03.2020 08:34:32.090 GMT-0500,1855.132,1853.0370000000003,0.0008,0.002
23.03.2020 08:34:33.175 GMT-0500,1855.1329999999998,1853.0370000000003,0.002,0.0008
23.03.2020 08:34:33.724 GMT-0500,1855.1329999999998,1853.0079999999998,0.002,0.0008
23.03.2020 08:34:34.122 GMT-0500,1853.47,1853.0079999999998,0.0008,0.0008
23.03.2020 08:34:34.358 GMT-0500,1855.143,1852.477,0.002,0.002
23.03.2020 08:34:47.578 GMT-0500,1850.0020000000002,1846.9479999999999,0.002,0.0008
23.03.2020 08:34:48.301 GMT-0500,1850.003,1846.9479999999999,0.002,0.002
23.03.2020 08:34:49.128 GMT-0500,1849.983,1847.368,0.002,0.0008
23.03.2020 08:34:49.257 GMT-0500,1849.9420000000002,1847.3870000000002,0.0008,0.0008
23.03.2020 08:34:50.140 GMT-0500,1849.9420000000002,1847.4270000000001,0.0008,0.002
23.03.2020 08:34:53.145 GMT-0500,1848.413,1845.4470000000001,0.0008,0.002
23.03.2020 08:34:53.580 GMT-0500,1846.763,1843.9170000000001,0.002,0.0008
23.03.2020 08:34:53.723 GMT-0500,1846.7620000000002,1843.9170000000001,0.0008,0.0008
23.03.2020 08:34:53.773 GMT-0500,1846.7620000000002,1843.707,0.0008,0.002
23.03.2020 08:35:01.174 GMT-0500,1841.2420000000002,1839.9979999999998,0.002,0.002
23.03.2020 08:35:09.498 GMT-0500,1846.2120000000002,1843.538,0.002,0.002
23.03.2020 08:35:23.315 GMT-0500,1845.523,1844.9850000000001,0.0008,0.0008
23.03.2020 08:35:26.066 GMT-0500,1845.193,1843.007,0.002,0.002
23.03.2020 08:35:28.596 GMT-0500,1845.693,1843.0370000000003,0.002,0.002
23.03.2020 08:35:28.731 GMT-0500,1845.693,1843.027,0.002,0.002
23.03.2020 08:35:28.991 GMT-0500,1845.693,1843.028,0.002,0.0008
23.03.2020 08:35:29.270 GMT-0500,1845.6920000000002,1843.027,0.002,0.002
23.03.2020 08:35:32.091 GMT-0500,1845.632,1842.527,0.0008,0.002
23.03.2020 08:35:36.884 GMT-0500,1844.2420000000002,1842.518,0.002,0.002
23.03.2020 08:35:36.984 GMT-0500,1844.253,1842.028,0.002,0.0008
23.03.2020 08:35:39.081 GMT-0500,1844.253,1842.038,0.002,0.0008
23.03.2020 08:35:39.623 GMT-0500,1844.253,1842.028,0.002,0.0008
23.03.2020 08:35:43.523 GMT-0500,1842.7120000000002,1842.028,0.0008,0.0008
23.03.2020 08:35:44.549 GMT-0500,1842.693,1840.507,0.0008,0.002
23.03.2020 08:35:44.600 GMT-0500,1844.332,1840.517,0.0008,0.002
23.03.2020 08:35:45.690 GMT-0500,1844.332,1840.527,0.0008,0.0008
23.03.2020 08:35:45.925 GMT-0500,1844.3329999999999,1840.527,0.002,0.002
23.03.2020 08:35:47.227 GMT-0500,1846.2620000000002,1843.378,0.002,0.002
23.03.2020 08:35:47.678 GMT-0500,1846.263,1844.1879999999999,0.002,0.0008
23.03.2020 08:35:47.728 GMT-0500,1846.263,1843.3770000000002,0.002,0.002
23.03.2020 08:35:49.074 GMT-0500,1846.2620000000002,1843.388,0.002,0.002
23.03.2020 08:35:49.491 GMT-0500,1846.263,1843.388,0.002,0.002
23.03.2020 08:35:49.915 GMT-0500,1846.263,1844.138,0.0008,0.0008
23.03.2020 08:35:49.966 GMT-0500,1847.433,1844.138,0.002,0.0008
23.03.2020 08:35:50.535 GMT-0500,1847.4320000000002,1844.138,0.002,0.002
23.03.2020 08:35:50.870 GMT-0500,1847.4320000000002,1845.908,0.002,0.0008
23.03.2020 08:35:50.920 GMT-0500,1847.433,1845.0870000000002,0.002,0.002
23.03.2020 08:35:52.099 GMT-0500,1847.4320000000002,1845.0870000000002,0.0008,0.002
23.03.2020 08:35:53.124 GMT-0500,1846.5620000000001,1843.378,0.002,0.002
23.03.2020 08:35:53.278 GMT-0500,1846.5629999999999,1843.3970000000002,0.002,0.002
23.03.2020 08:35:55.658 GMT-0500,1845.9520000000002,1843.3770000000002,0.0008,0.002
23.03.2020 08:35:56.007 GMT-0500,1845.953,1843.3770000000002,0.002,0.002
23.03.2020 08:35:56.174 GMT-0500,1845.9520000000002,1844.1570000000002,0.0008,0.002
23.03.2020 08:35:56.345 GMT-0500,1845.953,1845.1270000000002,0.0008,0.0008
23.03.2020 08:35:56.396 GMT-0500,1847.433,1845.5370000000003,0.002,0.002
23.03.2020 08:35:56.624 GMT-0500,1848.003,1846.838,0.002,0.0008
23.03.2020 08:35:56.675 GMT-0500,1849.0020000000002,1845.6779999999999,0.002,0.002
23.03.2020 08:35:59.865 GMT-0500,1848.9920000000002,1846.278,0.002,0.002
23.03.2020 08:36:00.013 GMT-0500,1848.993,1846.278,0.002,0.002
23.03.2020 08:36:00.750 GMT-0500,1848.993,1846.2970000000003,0.002,0.002
23.03.2020 08:36:01.159 GMT-0500,1848.993,1846.318,0.0008,0.0008
23.03.2020 08:36:01.209 GMT-0500,1850.0020000000002,1846.318,0.002,0.002
23.03.2020 08:36:01.703 GMT-0500,1850.0020000000002,1846.338,0.002,0.0008
23.03.2020 08:36:01.871 GMT-0500,1850.003,1846.358,0.002,0.0008
23.03.2020 08:36:02.175 GMT-0500,1850.003,1847.668,0.002,0.0008
23.03.2020 08:36:02.681 GMT-0500,1850.0020000000002,1849.608,0.0008,0.0008
23.03.2020 08:36:03.759 GMT-0500,1851.993,1849.6970000000001,0.002,0.002
23.03.2020 08:36:03.809 GMT-0500,1851.9920000000002,1848.487,0.0008,0.002
23.03.2020 08:36:05.761 GMT-0500,1851.993,1848.487,0.002,0.002
23.03.2020 08:36:05.861 GMT-0500,1851.293,1848.4879999999998,0.002,0.0008
23.03.2020 08:36:05.912 GMT-0500,1851.8020000000001,1848.4879999999998,0.002,0.002
23.03.2020 08:36:07.091 GMT-0500,1853.493,1850.017,0.002,0.002
23.03.2020 08:36:07.472 GMT-0500,1851.9420000000002,1848.1879999999999,0.002,0.002
23.03.2020 08:36:07.522 GMT-0500,1853.4920000000002,1850.018,0.002,0.002
23.03.2020 08:36:08.397 GMT-0500,1853.4920000000002,1851.497,0.0008,0.0008
23.03.2020 08:36:08.447 GMT-0500,1853.493,1850.3770000000002,0.002,0.002
23.03.2020 08:36:09.260 GMT-0500,1853.493,1851.4470000000001,0.002,0.0008
23.03.2020 08:36:10.484 GMT-0500,1853.4920000000002,1852.2179999999998,0.002,0.002
23.03.2020 08:36:10.535 GMT-0500,1853.4920000000002,1851.4579999999999,0.002,0.002
23.03.2020 08:36:10.736 GMT-0500,1853.483,1851.4579999999999,0.0008,0.0008
23.03.2020 08:36:12.640 GMT-0500,1853.392,1851.4579999999999,0.002,0.0008
23.03.2020 08:36:13.073 GMT-0500,1853.493,1851.457,0.002,0.002
23.03.2020 08:36:14.585 GMT-0500,1854.652,1851.457,0.002,0.002
23.03.2020 08:36:14.635 GMT-0500,1857.592,1854.298,0.002,0.002
23.03.2020 08:36:14.929 GMT-0500,1854.993,1852.8470000000002,0.002,0.002
23.03.2020 08:36:16.015 GMT-0500,1857.592,1853.9270000000001,0.0008,0.0008
23.03.2020 08:36:16.067 GMT-0500,1856.0020000000002,1854.0079999999998,0.002,0.002
23.03.2020 08:36:16.118 GMT-0500,1856.003,1852.858,0.002,0.0008
23.03.2020 08:36:17.126 GMT-0500,1857.5929999999998,1855.0770000000002,0.002,0.002
23.03.2020 08:36:17.180 GMT-0500,1857.5929999999998,1855.088,0.002,0.0008
23.03.2020 08:36:18.133 GMT-0500,1856.3329999999999,1853.957,0.002,0.002
23.03.2020 08:36:18.210 GMT-0500,1857.5929999999998,1853.9579999999999,0.002,0.0008
23.03.2020 08:36:18.284 GMT-0500,1857.5929999999998,1854.0079999999998,0.002,0.0008
23.03.2020 08:36:18.701 GMT-0500,1857.592,1853.9979999999998,0.002,0.002
23.03.2020 08:36:18.751 GMT-0500,1856.0520000000001,1854.0079999999998,0.002,0.002
23.03.2020 08:36:18.946 GMT-0500,1856.8029999999999,1854.0079999999998,0.002,0.002
23.03.2020 08:36:18.996 GMT-0500,1856.8029999999999,1854.997,0.002,0.002
23.03.2020 08:36:19.664 GMT-0500,1857.5929999999998,1854.9979999999998,0.002,0.0008
23.03.2020 08:36:19.715 GMT-0500,1856.993,1854.997,0.002,0.002
23.03.2020 08:36:20.541 GMT-0500,1856.9920000000002,1854.997,0.0008,0.002
23.03.2020 08:36:20.779 GMT-0500,1856.9920000000002,1855.018,0.002,0.002
23.03.2020 08:36:20.829 GMT-0500,1856.9920000000002,1855.018,0.002,0.002
23.03.2020 08:36:20.931 GMT-0500,1856.9920000000002,1855.018,0.002,0.002
23.03.2020 08:36:21.031 GMT-0500,1856.993,1855.017,0.002,0.002
23.03.2020 08:36:21.173 GMT-0500,1856.9920000000002,1855.028,0.002,0.002
23.03.2020 08:36:21.224 GMT-0500,1856.9920000000002,1855.018,0.002,0.002
23.03.2020 08:36:21.335 GMT-0500,1856.9920000000002,1855.028,0.002,0.0008
23.03.2020 08:36:21.385 GMT-0500,1856.993,1855.017,0.002,0.002
23.03.2020 08:36:21.922 GMT-0500,1854.7820000000002,1852.838,0.002,0.002
23.03.2020 08:36:22.504 GMT-0500,1854.7820000000002,1852.838,0.002,0.002
23.03.2020 08:36:23.034 GMT-0500,1855.443,1852.8470000000002,0.002,0.002
23.03.2020 08:36:24.254 GMT-0500,1855.4420000000002,1852.838,0.002,0.002
23.03.2020 08:36:25.194 GMT-0500,1854.993,1852.838,0.0008,0.0008
23.03.2020 08:36:26.984 GMT-0500,1854.003,1852.838,0.002,0.0008
23.03.2020 08:36:27.261 GMT-0500,1853.7320000000002,1851.6779999999999,0.002,0.002
23.03.2020 08:36:27.958 GMT-0500,1853.733,1851.6970000000001,0.002,0.002
23.03.2020 08:36:28.225 GMT-0500,1853.733,1851.6770000000001,0.002,0.002
23.03.2020 08:36:28.520 GMT-0500,1853.7320000000002,1851.6970000000001,0.0008,0.002
23.03.2020 08:36:28.653 GMT-0500,1853.733,1851.6770000000001,0.002,0.002
23.03.2020 08:36:30.542 GMT-0500,1855.4220000000003,1851.6970000000001,0.0008,0.002
23.03.2020 08:36:32.046 GMT-0500,1855.423,1851.6970000000001,0.002,0.002
23.03.2020 08:36:33.357 GMT-0500,1855.4220000000003,1851.717,0.0008,0.0008
23.03.2020 08:36:33.407 GMT-0500,1855.4220000000003,1851.6779999999999,0.002,0.002
23.03.2020 08:36:33.458 GMT-0500,1855.4220000000003,1852.808,0.002,0.002
23.03.2020 08:36:33.742 GMT-0500,1855.423,1852.8270000000002,0.002,0.002
23.03.2020 08:36:33.959 GMT-0500,1853.4620000000002,1851.457,0.0008,0.002
23.03.2020 08:36:34.361 GMT-0500,1852.913,1851.457,0.002,0.002
23.03.2020 08:36:35.375 GMT-0500,1852.9120000000003,1850.842,0.0008,0.0008
23.03.2020 08:36:35.568 GMT-0500,1852.9120000000003,1851.467,0.0008,0.002
23.03.2020 08:36:35.816 GMT-0500,1852.913,1851.4579999999999,0.002,0.0008
23.03.2020 08:36:36.076 GMT-0500,1852.913,1851.457,0.002,0.002
23.03.2020 08:36:36.562 GMT-0500,1852.193,1851.457,0.0008,0.002
23.03.2020 08:36:36.713 GMT-0500,1851.4520000000002,1849.997,0.0008,0.002
23.03.2020 08:36:39.933 GMT-0500,1851.393,1849.9979999999998,0.002,0.0008
23.03.2020 08:36:41.772 GMT-0500,1850.5520000000001,1848.0079999999998,0.002,0.002
23.03.2020 08:36:44.659 GMT-0500,1850.7020000000002,1848.0079999999998,0.0008,0.002
23.03.2020 08:36:48.058 GMT-0500,1849.8429999999998,1848.0079999999998,0.002,0.0008
23.03.2020 08:36:49.424 GMT-0500,1849.842,1846.308,0.002,0.002
23.03.2020 08:36:49.476 GMT-0500,1848.483,1846.308,0.002,0.0008
23.03.2020 08:36:49.526 GMT-0500,1847.2520000000002,1846.308,0.002,0.002
23.03.2020 08:36:49.960 GMT-0500,1848.6329999999998,1846.308,0.002,0.0008
23.03.2020 08:36:50.228 GMT-0500,1848.6329999999998,1846.6370000000002,0.002,0.0008
23.03.2020 08:36:51.202 GMT-0500,1847.643,1846.04,0.0008,0.0008
23.03.2020 08:36:53.774 GMT-0500,1846.0420000000001,1844.0079999999998,0.002,0.002
23.03.2020 08:36:56.280 GMT-0500,1843.622,1839.997,0.0008,0.002
23.03.2020 08:36:57.382 GMT-0500,1843.9920000000002,1841.838,0.002,0.002
23.03.2020 08:36:58.052 GMT-0500,1843.9920000000002,1841.2379999999998,0.002,0.0008
23.03.2020 08:36:58.102 GMT-0500,1843.703,1839.997,0.002,0.002
23.03.2020 08:36:59.442 GMT-0500,1843.2720000000002,1840.888,0.002,0.002
23.03.2020 08:37:00.289 GMT-0500,1843.2720000000002,1840.168,0.002,0.002
23.03.2020 08:37:02.830 GMT-0500,1843.2720000000002,1840.2970000000003,0.0008,0.0008
23.03.2020 08:37:06.846 GMT-0500,1843.273,1840.2970000000003,0.002,0.002
23.03.2020 08:37:07.142 GMT-0500,1843.783,1841.0079999999998,0.002,0.0008
23.03.2020 08:37:07.194 GMT-0500,1843.783,1841.007,0.002,0.002
23.03.2020 08:37:07.329 GMT-0500,1843.783,1841.0079999999998,0.0008,0.0008
23.03.2020 08:37:12.685 GMT-0500,1847.5320000000002,1844.558,0.002,0.002
23.03.2020 08:37:12.822 GMT-0500,1846.8220000000001,1845.007,0.0008,0.002
23.03.2020 08:37:12.873 GMT-0500,1847.142,1845.007,0.0008,0.002
23.03.2020 08:37:13.407 GMT-0500,1847.142,1844.558,0.002,0.002
23.03.2020 08:37:13.879 GMT-0500,1847.142,1845.007,0.0008,0.002
23.03.2020 08:37:14.071 GMT-0500,1847.143,1844.558,0.002,0.0008
23.03.2020 08:37:14.409 GMT-0500,1847.142,1844.558,0.002,0.002
23.03.2020 08:37:15.079 GMT-0500,1847.152,1845.007,0.0008,0.002
23.03.2020 08:37:15.824 GMT-0500,1847.143,1845.007,0.0008,0.002
23.03.2020 08:37:16.791 GMT-0500,1847.142,1845.0079999999998,0.002,0.0008
23.03.2020 08:37:16.842 GMT-0500,1847.142,1844.5570000000002,0.0008,0.002
23.03.2020 08:37:17.150 GMT-0500,1847.142,1844.5670000000002,0.0008,0.0008
23.03.2020 08:37:17.251 GMT-0500,1847.142,1844.5570000000002,0.0008,0.002
23.03.2020 08:37:17.478 GMT-0500,1847.142,1844.5570000000002,0.0008,0.002
23.03.2020 08:37:17.529 GMT-0500,1847.142,1844.5570000000002,0.0008,0.002
23.03.2020 08:37:17.961 GMT-0500,1847.142,1844.5570000000002,0.0008,0.002
23.03.2020 08:37:18.011 GMT-0500,1847.142,1844.5570000000002,0.0008,0.002
23.03.2020 08:37:18.110 GMT-0500,1847.143,1844.5670000000002,0.002,0.002
23.03.2020 08:37:18.161 GMT-0500,1847.143,1844.5570000000002,0.002,0.002
23.03.2020 08:37:18.486 GMT-0500,1847.143,1844.5570000000002,0.002,0.002
23.03.2020 08:37:24.341 GMT-0500,1843.882,1840.2970000000003,0.0008,0.002
23.03.2020 08:37:25.217 GMT-0500,1843.862,1840.298,0.002,0.002
23.03.2020 08:37:26.944 GMT-0500,1843.592,1840.997,0.0008,0.002
23.03.2020 08:37:27.061 GMT-0500,1843.592,1840.997,0.002,0.002
23.03.2020 08:37:27.161 GMT-0500,1841.003,1837.997,0.002,0.002
23.03.2020 08:37:27.754 GMT-0500,1839.9920000000002,1837.997,0.0008,0.002
23.03.2020 08:37:28.429 GMT-0500,1839.993,1837.997,0.002,0.002
23.03.2020 08:37:28.638 GMT-0500,1839.993,1838.0079999999998,0.002,0.0008
23.03.2020 08:37:29.030 GMT-0500,1839.0020000000002,1837.9979999999998,0.002,0.002
23.03.2020 08:37:29.311 GMT-0500,1837.993,1834.997,0.002,0.002
23.03.2020 08:37:31.130 GMT-0500,1836.132,1834.997,0.0008,0.002
23.03.2020 08:37:34.513 GMT-0500,1832.993,1829.997,0.002,0.002
23.03.2020 08:37:35.663 GMT-0500,1832.993,1829.997,0.002,0.002
23.03.2020 08:37:35.892 GMT-0500,1832.993,1831.0079999999998,0.002,0.0008
23.03.2020 08:37:35.995 GMT-0500,1832.993,1829.9979999999998,0.002,0.0008
23.03.2020 08:37:36.219 GMT-0500,1833.9779999999998,1831.007,0.0008,0.0008
23.03.2020 08:37:37.590 GMT-0500,1832.3220000000001,1829.9979999999998,0.002,0.002
23.03.2020 08:37:38.464 GMT-0500,1832.3229999999999,1829.9979999999998,0.002,0.002
23.03.2020 08:37:38.953 GMT-0500,1832.3220000000001,1830.207,0.0008,0.002
23.03.2020 08:37:40.121 GMT-0500,1829.0829999999999,1826.6270000000002,0.002,0.002
23.03.2020 08:37:40.954 GMT-0500,1828.372,1824.9979999999998,0.002,0.002
23.03.2020 08:38:00.114 GMT-0500,1823.5520000000001,1819.9979999999998,0.002,0.002
23.03.2020 08:38:04.957 GMT-0500,1820.7420000000002,1817.997,0.0008,0.002
23.03.2020 08:38:13.014 GMT-0500,1822.403,1819.148,0.0008,0.0008
23.03.2020 08:38:13.596 GMT-0500,1822.403,1819.1470000000002,0.002,0.002
23.03.2020 08:38:14.133 GMT-0500,1822.393,1819.148,0.002,0.0008
23.03.2020 08:38:14.340 GMT-0500,1822.382,1819.148,0.002,0.002
23.03.2020 08:38:14.459 GMT-0500,1822.3829999999998,1819.457,0.002,0.002
23.03.2020 08:38:15.599 GMT-0500,1821.293,1819.457,0.002,0.002
23.03.2020 08:38:15.713 GMT-0500,1822.298,1819.4579999999999,0.0008,0.0008
23.03.2020 08:38:15.813 GMT-0500,1822.9720000000002,1819.457,0.0008,0.002
23.03.2020 08:38:15.959 GMT-0500,1822.963,1819.457,0.002,0.002
23.03.2020 08:38:16.320 GMT-0500,1822.203,1819.457,0.0008,0.002
23.03.2020 08:38:16.421 GMT-0500,1822.193,1819.4579999999999,0.002,0.0008
23.03.2020 08:38:16.569 GMT-0500,1822.193,1819.457,0.002,0.002
23.03.2020 08:38:16.619 GMT-0500,1821.763,1819.4579999999999,0.002,0.0008
23.03.2020 08:38:17.981 GMT-0500,1821.2220000000002,1817.997,0.0008,0.0008
23.03.2020 08:38:18.191 GMT-0500,1820.0929999999998,1817.9979999999998,0.002,0.0008
23.03.2020 08:38:18.757 GMT-0500,1820.0020000000002,1817.9979999999998,0.0008,0.002
23.03.2020 08:38:19.103 GMT-0500,1819.503,1817.9979999999998,0.0008,0.0008
23.03.2020 08:38:19.153 GMT-0500,1820.0020000000002,1817.9979999999998,0.002,0.002
23.03.2020 08:38:20.618 GMT-0500,1818.892,1814.997,0.0008,0.002
23.03.2020 08:38:20.668 GMT-0500,1817.9520000000002,1814.9979999999998,0.002,0.002
23.03.2020 08:38:24.816 GMT-0500,1816.683,1814.997,0.002,0.002
23.03.2020 08:38:27.713 GMT-0500,1816.5120000000002,1814.9979999999998,0.002,0.002
23.03.2020 08:38:27.764 GMT-0500,1815.763,1812.967,0.002,0.002
23.03.2020 08:38:29.670 GMT-0500,1820.003,1816.6170000000002,0.002,0.0008
23.03.2020 08:38:32.574 GMT-0500,1819.9920000000002,1816.6170000000002,0.0008,0.002
23.03.2020 08:38:32.744 GMT-0500,1819.9820000000002,1816.618,0.0008,0.002
23.03.2020 08:38:33.474 GMT-0500,1819.9820000000002,1816.6170000000002,0.002,0.002
23.03.2020 08:38:33.593 GMT-0500,1818.6820000000002,1815.078,0.002,0.002
23.03.2020 08:38:33.643 GMT-0500,1818.683,1815.078,0.002,0.0008
23.03.2020 08:38:33.980 GMT-0500,1818.683,1815.0770000000002,0.0008,0.002
23.03.2020 08:38:34.031 GMT-0500,1818.9820000000002,1815.0770000000002,0.0008,0.002
23.03.2020 08:38:35.913 GMT-0500,1819.993,1816.997,0.002,0.002
23.03.2020 08:38:36.041 GMT-0500,1819.993,1816.997,0.002,0.002
23.03.2020 08:38:36.092 GMT-0500,1819.9920000000002,1816.9979999999998,0.002,0.002
23.03.2020 08:38:36.388 GMT-0500,1819.983,1816.9979999999998,0.0008,0.0008
23.03.2020 08:38:36.488 GMT-0500,1820.003,1816.9979999999998,0.002,0.0008
23.03.2020 08:38:37.817 GMT-0500,1819.993,1816.9979999999998,0.002,0.0008
23.03.2020 08:38:37.867 GMT-0500,1820.0020000000002,1816.997,0.0008,0.002
23.03.2020 08:38:38.072 GMT-0500,1820.0020000000002,1816.997,0.002,0.002
23.03.2020 08:38:38.123 GMT-0500,1820.003,1816.997,0.002,0.002
23.03.2020 08:38:38.490 GMT-0500,1820.003,1816.9979999999998,0.002,0.0008
23.03.2020 08:38:38.656 GMT-0500,1819.993,1817.9679999999998,0.002,0.0008
23.03.2020 08:38:38.757 GMT-0500,1819.9820000000002,1817.9679999999998,0.002,0.002
23.03.2020 08:38:38.808 GMT-0500,1819.9920000000002,1817.9679999999998,0.002,0.002
23.03.2020 08:38:39.042 GMT-0500,1819.993,1817.967,0.002,0.002
23.03.2020 08:38:39.296 GMT-0500,1819.993,1816.9979999999998,0.002,0.002
23.03.2020 08:38:39.347 GMT-0500,1819.993,1816.9979999999998,0.002,0.0008
23.03.2020 08:38:39.500 GMT-0500,1819.9920000000002,1816.9979999999998,0.002,0.002
23.03.2020 08:38:39.622 GMT-0500,1819.9920000000002,1816.9979999999998,0.002,0.002
23.03.2020 08:38:39.673 GMT-0500,1819.9920000000002,1816.9979999999998,0.002,0.002
23.03.2020 08:38:42.648 GMT-0500,1819.9920000000002,1818.4879999999998,0.002,0.0008
23.03.2020 08:38:57.648 GMT-0500,1823.043,1819.148,0.002,0.0008
23.03.2020 08:39:12.819 GMT-0500,1822.023,1820.4520000000002,0.0008,0.0008
23.03.2020 08:39:13.357 GMT-0500,1824.0020000000002,1820.997,0.0008,0.002
23.03.2020 08:39:19.703 GMT-0500,1818.033,1814.997,0.002,0.002
23.03.2020 08:39:22.443 GMT-0500,1818.443,1814.997,0.002,0.002
23.03.2020 08:39:22.543 GMT-0500,1814.3129999999999,1811.997,0.002,0.002
23.03.2020 08:39:34.130 GMT-0500,1821.3729999999998,1818.1779999999999,0.002,0.0008
23.03.2020 08:39:34.790 GMT-0500,1821.3629999999998,1818.1779999999999,0.002,0.002
23.03.2020 08:39:34.840 GMT-0500,1821.362,1818.1770000000001,0.0008,0.002
23.03.2020 08:39:35.301 GMT-0500,1821.372,1818.1770000000001,0.002,0.002
23.03.2020 08:39:35.352 GMT-0500,1821.372,1818.1779999999999,0.002,0.002
23.03.2020 08:39:35.931 GMT-0500,1821.372,1818.1779999999999,0.002,0.002
23.03.2020 08:39:41.197 GMT-0500,1821.3629999999998,1818.1470000000002,0.002,0.002
23.03.2020 08:39:41.485 GMT-0500,1822.003,1818.1470000000002,0.002,0.002
23.03.2020 08:39:41.585 GMT-0500,1824.003,1820.9070000000002,0.002,0.002
23.03.2020 08:39:41.689 GMT-0500,1824.003,1820.358,0.002,0.002
23.03.2020 08:39:41.740 GMT-0500,1824.0020000000002,1820.358,0.002,0.002
23.03.2020 08:39:42.450 GMT-0500,1824.0020000000002,1820.838,0.002,0.0008
23.03.2020 08:39:43.013 GMT-0500,1824.003,1820.3170000000002,0.002,0.0008
23.03.2020 08:39:43.405 GMT-0500,1824.0020000000002,1820.3170000000002,0.0008,0.0008
23.03.2020 08:39:43.934 GMT-0500,1824.0020000000002,1820.348,0.002,0.0008
23.03.2020 08:39:44.717 GMT-0500,1824.003,1820.378,0.002,0.0008
23.03.2020 08:39:45.400 GMT-0500,1824.003,1820.398,0.002,0.0008
23.03.2020 08:39:45.500 GMT-0500,1826.0620000000001,1822.168,0.002,0.002
23.03.2020 08:39:45.598 GMT-0500,1825.0020000000002,1822.168,0.0008,0.002
23.03.2020 08:39:46.500 GMT-0500,1825.0020000000002,1822.1670000000001,0.0008,0.002
23.03.2020 08:39:49.140 GMT-0500,1827.993,1825.2970000000003,0.002,0.002
23.03.2020 08:39:49.440 GMT-0500,1827.9920000000002,1825.2970000000003,0.0008,0.002
23.03.2020 08:39:50.107 GMT-0500,1827.993,1825.308,0.002,0.002
23.03.2020 08:39:50.498 GMT-0500,1828.003,1825.328,0.002,0.0008
23.03.2020 08:39:50.753 GMT-0500,1828.003,1825.3270000000002,0.002,0.002
23.03.2020 08:39:50.803 GMT-0500,1828.003,1825.3270000000002,0.002,0.002
23.03.2020 08:39:51.154 GMT-0500,1828.0020000000002,1825.3270000000002,0.0008,0.002
23.03.2020 08:39:51.361 GMT-0500,1828.003,1825.3370000000002,0.002,0.002
23.03.2020 08:39:51.935 GMT-0500,1828.0020000000002,1825.3570000000002,0.0008,0.002
23.03.2020 08:39:52.174 GMT-0500,1828.003,1825.4070000000002,0.002,0.002
23.03.2020 08:39:52.419 GMT-0500,1828.0020000000002,1825.3870000000002,0.0008,0.002
23.03.2020 08:39:53.320 GMT-0500,1828.0020000000002,1825.398,0.002,0.0008
23.03.2020 08:39:55.423 GMT-0500,1828.0020000000002,1825.4070000000002,0.002,0.0008
23.03.2020 08:39:55.613 GMT-0500,1828.0020000000002,1825.4070000000002,0.002,0.002
23.03.2020 08:39:55.663 GMT-0500,1828.0020000000002,1825.4070000000002,0.0008,0.002
23.03.2020 08:40:12.276 GMT-0500,1826.743,1824.3170000000002,0.002,0.002
23.03.2020 08:40:15.300 GMT-0500,1832.4220000000003,1828.818,0.002,0.002
23.03.2020 08:40:15.759 GMT-0500,1832.4220000000003,1828.818,0.002,0.002
23.03.2020 08:40:16.295 GMT-0500,1832.4220000000003,1830.217,0.0008,0.0008
23.03.2020 08:40:16.395 GMT-0500,1833.9420000000002,1831.3270000000002,0.0008,0.002
23.03.2020 08:40:16.446 GMT-0500,1833.943,1831.348,0.002,0.0008
23.03.2020 08:40:16.587 GMT-0500,1833.9420000000002,1831.338,0.002,0.002
23.03.2020 08:40:16.788 GMT-0500,1833.933,1831.338,0.002,0.0008
23.03.2020 08:40:16.957 GMT-0500,1833.933,1831.338,0.002,0.002
23.03.2020 08:40:17.816 GMT-0500,1833.933,1830.318,0.002,0.0008
23.03.2020 08:40:17.958 GMT-0500,1833.933,1830.618,0.002,0.0008
23.03.2020 08:40:35.525 GMT-0500,1839.003,1837.267,0.002,0.002
23.03.2020 08:40:42.295 GMT-0500,1839.003,1835.5970000000002,0.002,0.002
23.03.2020 08:40:44.186 GMT-0500,1837.993,1835.5970000000002,0.0008,0.002
23.03.2020 08:40:44.287 GMT-0500,1836.832,1834.1470000000002,0.0008,0.002
23.03.2020 08:40:44.509 GMT-0500,1836.8329999999999,1833.288,0.002,0.0008
23.03.2020 08:40:47.502 GMT-0500,1839.003,1835.6370000000002,0.002,0.002
23.03.2020 08:40:47.867 GMT-0500,1839.003,1835.618,0.002,0.0008
23.03.2020 08:40:52.012 GMT-0500,1837.9920000000002,1834.128,0.002,0.002
23.03.2020 08:40:52.454 GMT-0500,1837.9920000000002,1834.2479999999998,0.002,0.002
23.03.2020 08:40:52.973 GMT-0500,1837.9920000000002,1834.247,0.0008,0.002
23.03.2020 08:40:58.498 GMT-0500,1840.003,1838.7379999999998,0.002,0.0008
23.03.2020 08:41:00.798 GMT-0500,1840.5220000000002,1837.018,0.002,0.002
23.03.2020 08:41:03.185 GMT-0500,1838.9920000000002,1835.648,0.002,0.002
23.03.2020 08:41:14.348 GMT-0500,1838.5929999999998,1835.997,0.0008,0.002
23.03.2020 08:41:16.453 GMT-0500,1838.892,1835.997,0.0008,0.002
23.03.2020 08:41:16.806 GMT-0500,1838.892,1836.0079999999998,0.0008,0.0008
23.03.2020 08:41:19.320 GMT-0500,1838.0929999999998,1835.477,0.002,0.002
23.03.2020 08:41:20.811 GMT-0500,1838.993,1835.4979999999998,0.002,0.0008
23.03.2020 08:41:22.182 GMT-0500,1838.993,1835.4979999999998,0.002,0.002
23.03.2020 08:41:22.233 GMT-0500,1838.993,1835.477,0.002,0.002
23.03.2020 08:41:22.834 GMT-0500,1838.0020000000002,1835.477,0.0008,0.002
23.03.2020 08:41:23.572 GMT-0500,1838.0020000000002,1835.4779999999998,0.002,0.002
23.03.2020 08:41:24.451 GMT-0500,1838.0020000000002,1835.477,0.0008,0.002
23.03.2020 08:41:25.209 GMT-0500,1837.9220000000003,1835.477,0.0008,0.0008
23.03.2020 08:41:25.260 GMT-0500,1837.9220000000003,1835.457,0.0008,0.002
23.03.2020 08:41:26.237 GMT-0500,1838.003,1835.457,0.002,0.002
23.03.2020 08:41:26.727 GMT-0500,1838.003,1835.507,0.002,0.0008
23.03.2020 08:41:26.900 GMT-0500,1838.003,1835.5079999999998,0.002,0.0008
23.03.2020 08:41:27.372 GMT-0500,1837.973,1835.457,0.002,0.002
23.03.2020 08:41:27.423 GMT-0500,1837.9720000000002,1835.457,0.0008,0.002
23.03.2020 08:41:27.801 GMT-0500,1837.9720000000002,1836.278,0.002,0.0008
23.03.2020 08:41:27.998 GMT-0500,1837.973,1835.4579999999999,0.002,0.002
23.03.2020 08:41:34.356 GMT-0500,1835.023,1831.997,0.002,0.002
23.03.2020 08:41:35.438 GMT-0500,1835.632,1831.9979999999998,0.002,0.002
23.03.2020 08:41:39.707 GMT-0500,1828.0020000000002,1824.977,0.0008,0.002
23.03.2020 08:41:40.070 GMT-0500,1828.003,1824.977,0.002,0.0008
23.03.2020 08:41:40.120 GMT-0500,1828.003,1824.6070000000002,0.002,0.002
23.03.2020 08:41:45.666 GMT-0500,1830.523,1828.0079999999998,0.002,0.0008
23.03.2020 08:41:46.291 GMT-0500,1829.983,1828.007,0.0008,0.002
23.03.2020 08:41:46.880 GMT-0500,1831.4220000000003,1828.0079999999998,0.002,0.002
23.03.2020 08:41:47.720 GMT-0500,1831.423,1828.9979999999998,0.002,0.0008
23.03.2020 08:41:47.842 GMT-0500,1831.4220000000003,1828.007,0.0008,0.002
23.03.2020 08:41:51.146 GMT-0500,1833.5929999999998,1829.9979999999998,0.002,0.0008
23.03.2020 08:41:51.600 GMT-0500,1833.592,1830.0079999999998,0.002,0.0008
23.03.2020 08:41:52.918 GMT-0500,1832.033,1830.0079999999998,0.002,0.0008
23.03.2020 08:41:53.032 GMT-0500,1832.013,1830.0079999999998,0.0008,0.0008
23.03.2020 08:41:55.728 GMT-0500,1829.973,1827.997,0.002,0.002
23.03.2020 08:41:55.830 GMT-0500,1829.953,1827.997,0.002,0.002
23.03.2020 08:41:55.988 GMT-0500,1829.953,1827.9979999999998,0.002,0.0008
23.03.2020 08:42:19.628 GMT-0500,1834.0020000000002,1830.118,0.002,0.002
23.03.2020 08:42:21.389 GMT-0500,1834.003,1830.3670000000002,0.002,0.0008
23.03.2020 08:42:21.490 GMT-0500,1834.0020000000002,1830.007,0.0008,0.002
23.03.2020 08:42:21.591 GMT-0500,1834.0020000000002,1831.1170000000002,0.0008,0.002
23.03.2020 08:42:22.138 GMT-0500,1833.453,1830.368,0.0008,0.0008
23.03.2020 08:42:22.291 GMT-0500,1832.753,1829.2479999999998,0.0008,0.002
23.03.2020 08:42:26.357 GMT-0500,1834.003,1830.0079999999998,0.002,0.0008
23.03.2020 08:42:26.476 GMT-0500,1833.0320000000002,1830.0079999999998,0.0008,0.002
23.03.2020 08:42:26.527 GMT-0500,1834.003,1830.007,0.002,0.002
23.03.2020 08:42:28.073 GMT-0500,1834.003,1831.0079999999998,0.002,0.0008
23.03.2020 08:42:29.413 GMT-0500,1834.003,1832.007,0.002,0.002
23.03.2020 08:42:30.846 GMT-0500,1834.0020000000002,1832.007,0.0008,0.0008
23.03.2020 08:42:30.896 GMT-0500,1834.0020000000002,1831.0079999999998,0.002,0.002
23.03.2020 08:42:34.962 GMT-0500,1834.0020000000002,1830.018,0.002,0.0008
23.03.2020 08:42:35.728 GMT-0500,1834.003,1830.017,0.002,0.002
23.03.2020 08:42:39.105 GMT-0500,1831.003,1829.247,0.002,0.002
23.03.2020 08:42:39.250 GMT-0500,1831.003,1828.9979999999998,0.002,0.0008
23.03.2020 08:42:39.302 GMT-0500,1831.003,1829.247,0.002,0.0008
23.03.2020 08:42:40.564 GMT-0500,1831.003,1829.2479999999998,0.0008,0.0008
23.03.2020 08:42:40.614 GMT-0500,1831.1620000000003,1829.2479999999998,0.002,0.002
23.03.2020 08:42:40.709 GMT-0500,1831.003,1829.2479999999998,0.0008,0.0008
23.03.2020 08:42:40.759 GMT-0500,1831.163,1829.2479999999998,0.002,0.0008
23.03.2020 08:42:41.326 GMT-0500,1831.0020000000002,1829.2479999999998,0.0008,0.002
23.03.2020 08:42:41.519 GMT-0500,1831.163,1829.2479999999998,0.002,0.0008
23.03.2020 08:42:41.631 GMT-0500,1831.163,1829.267,0.002,0.0008
23.03.2020 08:42:41.682 GMT-0500,1834.003,1830.0770000000002,0.002,0.002
23.03.2020 08:42:41.732 GMT-0500,1834.0020000000002,1830.1470000000002,0.0008,0.002
23.03.2020 08:42:41.833 GMT-0500,1832.8829999999998,1830.088,0.002,0.0008
23.03.2020 08:42:41.883 GMT-0500,1832.893,1829.277,0.002,0.002
23.03.2020 08:42:42.517 GMT-0500,1832.892,1829.4579999999999,0.002,0.002
23.03.2020 08:42:42.689 GMT-0500,1831.9920000000002,1829.398,0.002,0.0008
23.03.2020 08:42:42.789 GMT-0500,1831.9920000000002,1829.257,0.0008,0.002
23.03.2020 08:42:45.883 GMT-0500,1831.9720000000002,1829.257,0.0008,0.002
23.03.2020 08:42:46.834 GMT-0500,1829.9320000000002,1825.997,0.0008,0.002
23.03.2020 08:42:49.600 GMT-0500,1829.9320000000002,1825.997,0.0008,0.002
23.03.2020 08:42:50.541 GMT-0500,1829.933,1826.9979999999998,0.002,0.002
23.03.2020 08:42:51.531 GMT-0500,1829.933,1826.997,0.002,0.002
23.03.2020 08:42:51.582 GMT-0500,1829.9320000000002,1826.997,0.0008,0.002
23.03.2020 08:42:52.737 GMT-0500,1828.8529999999998,1826.997,0.0008,0.002
23.03.2020 08:42:52.787 GMT-0500,1828.8020000000001,1826.018,0.002,0.002
23.03.2020 08:42:53.550 GMT-0500,1828.7820000000002,1826.018,0.0008,0.002
23.03.2020 08:42:58.579 GMT-0500,1827.0020000000002,1826.018,0.0008,0.002
23.03.2020 08:42:58.629 GMT-0500,1828.7720000000002,1826.018,0.002,0.002
23.03.2020 08:42:59.487 GMT-0500,1828.7720000000002,1826.018,0.002,0.002
23.03.2020 08:43:00.286 GMT-0500,1828.703,1826.018,0.002,0.002
23.03.2020 08:43:00.337 GMT-0500,1828.7020000000002,1826.017,0.0008,0.002
23.03.2020 08:43:00.428 GMT-0500,1828.7020000000002,1826.017,0.0008,0.002
23.03.2020 08:43:01.309 GMT-0500,1828.703,1826.2579999999998,0.002,0.0008
23.03.2020 08:43:01.667 GMT-0500,1828.703,1826.257,0.002,0.002
23.03.2020 08:43:01.872 GMT-0500,1828.7020000000002,1826.267,0.0008,0.0008
23.03.2020 08:43:02.510 GMT-0500,1828.7020000000002,1826.278,0.002,0.002
23.03.2020 08:43:03.066 GMT-0500,1828.7020000000002,1826.278,0.002,0.002
23.03.2020 08:43:03.341 GMT-0500,1828.8029999999999,1826.288,0.002,0.0008
23.03.2020 08:43:03.908 GMT-0500,1828.543,1826.288,0.0008,0.0008
23.03.2020 08:43:03.959 GMT-0500,1828.9420000000002,1826.2970000000003,0.0008,0.002
23.03.2020 08:43:04.973 GMT-0500,1828.9420000000002,1826.2970000000003,0.002,0.002
23.03.2020 08:43:05.583 GMT-0500,1828.7920000000001,1826.247,0.0008,0.002
23.03.2020 08:43:06.615 GMT-0500,1828.9420000000002,1826.247,0.002,0.002
23.03.2020 08:43:06.665 GMT-0500,1828.523,1825.997,0.002,0.002
23.03.2020 08:43:07.090 GMT-0500,1828.5020000000002,1825.997,0.0008,0.002
23.03.2020 08:43:07.429 GMT-0500,1828.503,1825.9979999999998,0.002,0.002
23.03.2020 08:43:07.992 GMT-0500,1827.8829999999998,1826.3570000000002,0.0008,0.002
23.03.2020 08:43:08.933 GMT-0500,1828.4920000000002,1826.358,0.002,0.002
23.03.2020 08:43:09.053 GMT-0500,1828.1720000000003,1826.358,0.0008,0.002
23.03.2020 08:43:09.255 GMT-0500,1828.152,1826.3570000000002,0.0008,0.002
23.03.2020 08:43:09.549 GMT-0500,1828.1720000000003,1826.358,0.002,0.002
23.03.2020 08:43:10.100 GMT-0500,1828.3129999999999,1826.3570000000002,0.002,0.002
23.03.2020 08:43:10.222 GMT-0500,1828.3120000000001,1826.3570000000002,0.0008,0.002
23.03.2020 08:43:10.764 GMT-0500,1828.3129999999999,1826.3770000000002,0.002,0.0008
23.03.2020 08:43:10.814 GMT-0500,1828.3129999999999,1826.358,0.002,0.0008
23.03.2020 08:43:11.048 GMT-0500,1830.153,1826.3570000000002,0.002,0.002
23.03.2020 08:43:11.405 GMT-0500,1828.7420000000002,1826.3570000000002,0.0008,0.002
23.03.2020 08:43:11.901 GMT-0500,1828.743,1826.3570000000002,0.002,0.0008
23.03.2020 08:43:11.952 GMT-0500,1828.743,1825.997,0.002,0.002
23.03.2020 08:43:12.005 GMT-0500,1828.7420000000002,1826.5770000000002,0.0008,0.002
23.03.2020 08:43:13.049 GMT-0500,1830.153,1826.5770000000002,0.002,0.002
23.03.2020 08:43:13.100 GMT-0500,1830.153,1826.578,0.002,0.0008
23.03.2020 08:43:13.425 GMT-0500,1830.153,1826.578,0.002,0.002
23.03.2020 08:43:14.068 GMT-0500,1830.153,1826.6170000000002,0.002,0.002
23.03.2020 08:43:14.214 GMT-0500,1830.152,1826.638,0.002,0.0008
23.03.2020 08:43:14.264 GMT-0500,1830.152,1826.6270000000002,0.0008,0.002
23.03.2020 08:43:14.468 GMT-0500,1830.152,1826.648,0.002,0.002
23.03.2020 08:43:14.519 GMT-0500,1830.152,1826.6270000000002,0.0008,0.002
23.03.2020 08:43:14.569 GMT-0500,1830.152,1826.648,0.002,0.002
23.03.2020 08:43:14.904 GMT-0500,1830.152,1827.808,0.002,0.002
23.03.2020 08:43:15.368 GMT-0500,1830.152,1828.747,0.0008,0.0008
23.03.2020 08:43:15.469 GMT-0500,1830.152,1828.7379999999998,0.002,0.002
23.03.2020 08:43:15.521 GMT-0500,1831.6229999999998,1828.737,0.002,0.002
23.03.2020 08:43:15.622 GMT-0500,1831.622,1828.237,0.0008,0.002
23.03.2020 08:43:15.673 GMT-0500,1831.6229999999998,1829.4479999999999,0.002,0.0008
23.03.2020 08:43:16.160 GMT-0500,1831.6229999999998,1829.4679999999998,0.002,0.0008
23.03.2020 08:43:17.021 GMT-0500,1831.622,1829.487,0.0008,0.002
23.03.2020 08:43:17.390 GMT-0500,1831.622,1829.507,0.0008,0.0008
23.03.2020 08:43:18.128 GMT-0500,1831.6229999999998,1829.507,0.002,0.0008
23.03.2020 08:43:18.178 GMT-0500,1831.6229999999998,1828.848,0.002,0.0008
23.03.2020 08:43:18.703 GMT-0500,1831.6229999999998,1828.237,0.002,0.002
23.03.2020 08:43:18.870 GMT-0500,1831.6229999999998,1829.8870000000002,0.002,0.0008
23.03.2020 08:43:19.309 GMT-0500,1834.0020000000002,1831.4779999999998,0.002,0.0008
23.03.2020 08:43:19.431 GMT-0500,1834.003,1832.1879999999999,0.002,0.0008
23.03.2020 08:43:19.662 GMT-0500,1832.673,1829.8770000000002,0.002,0.002
23.03.2020 08:43:21.608 GMT-0500,1832.683,1829.898,0.002,0.0008
23.03.2020 08:43:21.856 GMT-0500,1832.683,1829.898,0.002,0.002
23.03.2020 08:43:22.271 GMT-0500,1832.683,1829.9170000000001,0.002,0.002
23.03.2020 08:43:23.014 GMT-0500,1832.683,1831.298,0.0008,0.0008
23.03.2020 08:43:23.064 GMT-0500,1834.0020000000002,1831.308,0.002,0.002
23.03.2020 08:43:23.118 GMT-0500,1833.7020000000002,1831.308,0.0008,0.002
23.03.2020 08:43:23.218 GMT-0500,1833.7020000000002,1830.088,0.002,0.002
23.03.2020 08:43:23.604 GMT-0500,1834.0020000000002,1830.088,0.002,0.002
23.03.2020 08:43:24.382 GMT-0500,1833.733,1830.088,0.0008,0.0008
23.03.2020 08:43:25.782 GMT-0500,1833.733,1830.128,0.002,0.0008
23.03.2020 08:43:27.338 GMT-0500,1833.693,1830.128,0.0008,0.0008
23.03.2020 08:43:27.388 GMT-0500,1833.693,1830.0870000000002,0.002,0.002
23.03.2020 08:43:28.321 GMT-0500,1835.0020000000002,1832.8470000000002,0.0008,0.002
23.03.2020 08:43:28.907 GMT-0500,1835.0020000000002,1833.477,0.0008,0.002
23.03.2020 08:43:29.008 GMT-0500,1837.003,1834.6779999999999,0.002,0.0008
23.03.2020 08:43:29.433 GMT-0500,1837.0020000000002,1833.737,0.0008,0.002
23.03.2020 08:43:30.352 GMT-0500,1837.003,1834.7970000000003,0.002,0.002
23.03.2020 08:43:30.684 GMT-0500,1837.003,1836.4379999999999,0.0008,0.0008
23.03.2020 08:43:30.784 GMT-0500,1836.893,1834.798,0.002,0.0008
23.03.2020 08:43:32.256 GMT-0500,1838.993,1836.2579999999998,0.002,0.0008
23.03.2020 08:43:41.489 GMT-0500,1840.003,1838.5470000000003,0.002,0.002
23.03.2020 08:43:41.539 GMT-0500,1840.392,1837.9979999999998,0.002,0.002
23.03.2020 08:43:41.640 GMT-0500,1840.392,1837.0079999999998,0.002,0.002
23.03.2020 08:43:41.690 GMT-0500,1839.8029999999999,1837.0079999999998,0.002,0.0008
23.03.2020 08:43:41.803 GMT-0500,1839.8029999999999,1837.8070000000002,0.0008,0.0008
23.03.2020 08:43:41.857 GMT-0500,1840.392,1838.217,0.0008,0.002
23.03.2020 08:43:42.562 GMT-0500,1840.393,1838.175,0.002,0.0008
23.03.2020 08:43:42.951 GMT-0500,1840.393,1838.2279999999998,0.002,0.0008
23.03.2020 08:43:44.643 GMT-0500,1840.993,1839.098,0.002,0.0008
23.03.2020 08:43:54.858 GMT-0500,1837.8129999999999,1835.0079999999998,0.002,0.0008
23.03.2020 08:43:55.376 GMT-0500,1837.8129999999999,1835.028,0.002,0.0008
23.03.2020 08:43:56.621 GMT-0500,1837.612,1835.028,0.002,0.002
23.03.2020 08:43:57.729 GMT-0500,1837.612,1835.017,0.0008,0.002
23.03.2020 08:43:58.786 GMT-0500,1837.612,1835.028,0.002,0.0008
23.03.2020 08:43:59.512 GMT-0500,1837.612,1835.0470000000003,0.0008,0.002
23.03.2020 08:44:00.339 GMT-0500,1837.6129999999998,1835.018,0.002,0.0008
23.03.2020 08:44:02.609 GMT-0500,1837.612,1835.018,0.002,0.002
23.03.2020 08:44:03.344 GMT-0500,1835.7320000000002,1834.595,0.0008,0.0008
23.03.2020 08:44:05.571 GMT-0500,1836.402,1833.7379999999998,0.002,0.0008
23.03.2020 08:44:06.097 GMT-0500,1836.403,1833.7379999999998,0.002,0.0008
23.03.2020 08:44:07.262 GMT-0500,1835.0729999999999,1832.487,0.002,0.002
23.03.2020 08:44:07.313 GMT-0500,1833.793,1829.997,0.002,0.002
23.03.2020 08:44:07.432 GMT-0500,1833.793,1829.997,0.002,0.002
23.03.2020 08:44:07.601 GMT-0500,1833.6129999999998,1829.997,0.002,0.002
23.03.2020 08:44:07.711 GMT-0500,1833.5929999999998,1830.2179999999998,0.002,0.0008
23.03.2020 08:44:09.244 GMT-0500,1835.102,1831.328,0.002,0.002
23.03.2020 08:44:11.274 GMT-0500,1831.953,1829.9979999999998,0.002,0.0008
23.03.2020 08:44:11.426 GMT-0500,1831.2920000000001,1829.9979999999998,0.0008,0.002
23.03.2020 08:44:23.356 GMT-0500,1831.273,1828.808,0.0008,0.0008
23.03.2020 08:44:23.406 GMT-0500,1832.592,1828.808,0.002,0.002
23.03.2020 08:44:46.694 GMT-0500,1836.983,1834.9979999999998,0.0008,0.0008
23.03.2020 08:44:46.895 GMT-0500,1835.503,1834.997,0.0008,0.0008
23.03.2020 08:44:53.088 GMT-0500,1836.983,1834.038,0.002,0.002
23.03.2020 08:44:57.889 GMT-0500,1835.493,1832.6979999999999,0.0008,0.0008
23.03.2020 08:44:57.990 GMT-0500,1835.4920000000002,1832.6970000000001,0.0008,0.002
23.03.2020 08:44:59.340 GMT-0500,1835.993,1832.6970000000001,0.0008,0.002
23.03.2020 08:45:01.000 GMT-0500,1835.9920000000002,1832.6979999999999,0.002,0.002
23.03.2020 08:45:02.009 GMT-0500,1835.9920000000002,1834.0079999999998,0.002,0.0008
23.03.2020 08:45:02.710 GMT-0500,1835.0020000000002,1834.0079999999998,0.0008,0.0008
23.03.2020 08:45:04.277 GMT-0500,1835.1920000000002,1832.6979999999999,0.002,0.0008
23.03.2020 08:45:04.327 GMT-0500,1835.1920000000002,1831.997,0.0008,0.002
23.03.2020 08:45:04.430 GMT-0500,1835.193,1831.997,0.002,0.0008
23.03.2020 08:45:04.540 GMT-0500,1835.193,1832.7079999999999,0.002,0.0008
23.03.2020 08:45:04.891 GMT-0500,1835.193,1832.707,0.002,0.002
23.03.2020 08:45:06.213 GMT-0500,1835.543,1832.7079999999999,0.0008,0.0008
23.03.2020 08:45:06.263 GMT-0500,1835.5420000000001,1832.717,0.0008,0.002
23.03.2020 08:45:06.535 GMT-0500,1835.5420000000001,1832.7179999999998,0.002,0.002
23.03.2020 08:45:07.016 GMT-0500,1835.5220000000002,1832.7179999999998,0.002,0.002
23.03.2020 08:45:07.284 GMT-0500,1835.0929999999998,1832.7179999999998,0.002,0.0008
23.03.2020 08:45:07.512 GMT-0500,1834.872,1832.7179999999998,0.0008,0.002
23.03.2020 08:45:08.131 GMT-0500,1832.8120000000001,1830.128,0.002,0.002
23.03.2020 08:45:08.554 GMT-0500,1831.6720000000003,1827.9979999999998,0.002,0.002
23.03.2020 08:45:08.688 GMT-0500,1831.663,1827.9979999999998,0.002,0.0008
23.03.2020 08:45:10.393 GMT-0500,1831.6620000000003,1830.118,0.002,0.002
23.03.2020 08:45:10.444 GMT-0500,1830.4520000000002,1827.9979999999998,0.002,0.002
23.03.2020 08:45:10.992 GMT-0500,1829.8029999999999,1827.9979999999998,0.0008,0.0008
23.03.2020 08:45:11.042 GMT-0500,1830.453,1827.997,0.002,0.002
23.03.2020 08:45:11.773 GMT-0500,1830.453,1828.007,0.002,0.0008
23.03.2020 08:45:19.815 GMT-0500,1834.4220000000003,1830.4279999999999,0.002,0.002
23.03.2020 08:45:19.990 GMT-0500,1834.423,1830.4279999999999,0.002,0.002
23.03.2020 08:45:20.040 GMT-0500,1834.4220000000003,1830.4270000000001,0.0008,0.002
23.03.2020 08:45:20.127 GMT-0500,1834.4220000000003,1832.007,0.0008,0.0008
23.03.2020 08:45:20.287 GMT-0500,1834.423,1832.007,0.002,0.002
23.03.2020 08:45:21.730 GMT-0500,1838.1129999999998,1834.2079999999999,0.002,0.0008
23.03.2020 08:45:21.976 GMT-0500,1836.013,1833.8870000000002,0.002,0.002
23.03.2020 08:45:28.830 GMT-0500,1833.503,1829.9979999999998,0.002,0.002
23.03.2020 08:45:30.513 GMT-0500,1833.503,1830.2479999999998,0.002,0.002
23.03.2020 08:45:34.703 GMT-0500,1836.6820000000002,1832.8870000000002,0.0008,0.002
23.03.2020 08:45:35.248 GMT-0500,1836.683,1834.3070000000002,0.002,0.002
23.03.2020 08:45:35.298 GMT-0500,1836.683,1834.3070000000002,0.002,0.002
23.03.2020 08:45:35.457 GMT-0500,1836.6820000000002,1834.3070000000002,0.0008,0.002
23.03.2020 08:45:35.765 GMT-0500,1836.6820000000002,1834.398,0.0008,0.0008
23.03.2020 08:45:35.816 GMT-0500,1838.362,1834.398,0.002,0.002
23.03.2020 08:45:35.867 GMT-0500,1837.493,1834.9279999999999,0.002,0.0008
23.03.2020 08:45:35.917 GMT-0500,1838.3629999999998,1834.9270000000001,0.002,0.002
23.03.2020 08:45:36.441 GMT-0500,1838.362,1834.9270000000001,0.0008,0.002
23.03.2020 08:45:37.638 GMT-0500,1838.3629999999998,1834.9270000000001,0.002,0.002
23.03.2020 08:45:38.007 GMT-0500,1838.362,1834.9370000000001,0.0008,0.002
23.03.2020 08:45:40.279 GMT-0500,1838.362,1835.9579999999999,0.002,0.0008
23.03.2020 08:45:40.870 GMT-0500,1838.362,1835.3470000000002,0.002,0.002
23.03.2020 08:45:40.920 GMT-0500,1837.6620000000003,1835.3470000000002,0.0008,0.002
23.03.2020 08:45:41.040 GMT-0500,1837.663,1835.3470000000002,0.002,0.0008
23.03.2020 08:45:41.604 GMT-0500,1837.663,1834.9479999999999,0.002,0.0008
23.03.2020 08:45:42.519 GMT-0500,1837.663,1834.9479999999999,0.0008,0.0008
23.03.2020 08:45:42.570 GMT-0500,1838.3629999999998,1834.9479999999999,0.002,0.0008
23.03.2020 08:45:42.773 GMT-0500,1838.3629999999998,1834.9470000000001,0.002,0.002
23.03.2020 08:45:43.091 GMT-0500,1836.9520000000002,1834.9470000000001,0.0008,0.002
23.03.2020 08:45:43.192 GMT-0500,1836.2820000000002,1833.8070000000002,0.0008,0.002
23.03.2020 08:45:43.691 GMT-0500,1836.2820000000002,1833.8270000000002,0.0008,0.0008
23.03.2020 08:45:43.964 GMT-0500,1835.7920000000001,1833.808,0.002,0.002
23.03.2020 08:45:48.094 GMT-0500,1838.3629999999998,1835.3970000000002,0.002,0.0008
23.03.2020 08:45:48.212 GMT-0500,1838.3629999999998,1834.9470000000001,0.002,0.0008
23.03.2020 08:45:48.778 GMT-0500,1838.362,1834.9679999999998,0.002,0.0008
23.03.2020 08:45:49.646 GMT-0500,1838.3629999999998,1834.987,0.002,0.0008
23.03.2020 08:45:50.378 GMT-0500,1835.8120000000001,1834.987,0.0008,0.0008
23.03.2020 08:45:50.428 GMT-0500,1835.8429999999998,1834.0079999999998,0.002,0.0008
23.03.2020 08:45:55.590 GMT-0500,1833.8020000000001,1831.3170000000002,0.0008,0.002
23.03.2020 08:45:56.322 GMT-0500,1833.7920000000001,1831.3170000000002,0.0008,0.002
23.03.2020 08:45:56.372 GMT-0500,1833.8020000000001,1831.3170000000002,0.0008,0.002
23.03.2020 08:46:04.334 GMT-0500,1840.003,1837.2479999999998,0.002,0.0008
23.03.2020 08:46:04.398 GMT-0500,1840.003,1837.2579999999998,0.002,0.0008
23.03.2020 08:46:04.616 GMT-0500,1840.003,1836.1470000000002,0.002,0.002
23.03.2020 08:46:04.826 GMT-0500,1840.0020000000002,1836.1470000000002,0.0008,0.002
23.03.2020 08:46:04.876 GMT-0500,1840.0020000000002,1836.8970000000002,0.0008,0.002
23.03.2020 08:46:15.639 GMT-0500,1841.0020000000002,1838.118,0.002,0.002
23.03.2020 08:46:17.181 GMT-0500,1841.003,1837.777,0.002,0.002
23.03.2020 08:46:17.640 GMT-0500,1841.003,1837.7970000000003,0.002,0.0008
23.03.2020 08:46:17.690 GMT-0500,1841.0020000000002,1837.7970000000003,0.0008,0.002
23.03.2020 08:46:18.383 GMT-0500,1841.0020000000002,1837.7970000000003,0.002,0.002
23.03.2020 08:46:18.594 GMT-0500,1841.003,1837.798,0.002,0.0008
23.03.2020 08:46:19.334 GMT-0500,1841.003,1837.778,0.002,0.002
23.03.2020 08:46:19.473 GMT-0500,1841.003,1837.788,0.002,0.0008
23.03.2020 08:46:20.295 GMT-0500,1841.003,1837.1570000000002,0.002,0.002
23.03.2020 08:46:20.346 GMT-0500,1841.0020000000002,1839.0079999999998,0.002,0.002
23.03.2020 08:46:20.495 GMT-0500,1841.003,1839.007,0.002,0.002
23.03.2020 08:46:20.700 GMT-0500,1841.003,1839.0079999999998,0.002,0.0008
23.03.2020 08:46:21.166 GMT-0500,1842.5020000000002,1840.007,0.0008,0.002
23.03.2020 08:46:21.285 GMT-0500,1842.003,1839.027,0.002,0.002
23.03.2020 08:46:21.819 GMT-0500,1842.003,1839.018,0.002,0.0008
23.03.2020 08:46:22.154 GMT-0500,1842.003,1839.0370000000003,0.002,0.0008
23.03.2020 08:46:22.284 GMT-0500,1841.632,1839.0570000000002,0.0008,0.0008
23.03.2020 08:46:22.716 GMT-0500,1840.882,1839.0570000000002,0.0008,0.002
23.03.2020 08:46:23.347 GMT-0500,1840.882,1839.0570000000002,0.0008,0.0008
23.03.2020 08:46:23.400 GMT-0500,1840.882,1839.018,0.002,0.002
23.03.2020 08:46:23.637 GMT-0500,1842.503,1839.018,0.002,0.002
23.03.2020 08:46:23.687 GMT-0500,1842.503,1839.9479999999999,0.002,0.0008
23.03.2020 08:46:23.738 GMT-0500,1842.503,1839.028,0.002,0.0008
23.03.2020 08:46:23.855 GMT-0500,1842.5020000000002,1839.028,0.002,0.002
23.03.2020 08:46:23.975 GMT-0500,1842.5020000000002,1840.028,0.002,0.0008
23.03.2020 08:46:24.931 GMT-0500,1842.4920000000002,1840.028,0.0008,0.0008
23.03.2020 08:46:26.630 GMT-0500,1842.5020000000002,1839.997,0.0008,0.002
23.03.2020 08:46:26.696 GMT-0500,1841.993,1839.997,0.0008,0.002
23.03.2020 08:46:27.289 GMT-0500,1841.9920000000002,1840.007,0.0008,0.0008
23.03.2020 08:46:27.340 GMT-0500,1842.5020000000002,1838.9979999999998,0.002,0.002
23.03.2020 08:46:27.390 GMT-0500,1842.5020000000002,1840.747,0.0008,0.002
23.03.2020 08:46:28.012 GMT-0500,1842.503,1840.017,0.002,0.002
23.03.2020 08:46:28.618 GMT-0500,1845.0020000000002,1842.237,0.0008,0.002
23.03.2020 08:46:32.759 GMT-0500,1843.9920000000002,1841.477,0.0008,0.002
23.03.2020 08:46:33.453 GMT-0500,1842.2220000000002,1841.477,0.0008,0.0008
23.03.2020 08:46:33.504 GMT-0500,1841.9320000000002,1840.108,0.002,0.002
23.03.2020 08:46:37.302 GMT-0500,1840.0120000000002,1836.6979999999999,0.002,0.002
23.03.2020 08:46:42.127 GMT-0500,1841.0020000000002,1837.0079999999998,0.002,0.0008
23.03.2020 08:46:43.198 GMT-0500,1841.0020000000002,1837.0079999999998,0.002,0.002
23.03.2020 08:46:43.249 GMT-0500,1841.003,1838.2179999999998,0.002,0.0008
23.03.2020 08:46:43.662 GMT-0500,1841.003,1838.3970000000002,0.002,0.0008
23.03.2020 08:46:44.684 GMT-0500,1841.025,1839.6970000000001,0.0008,0.0008
23.03.2020 08:46:50.282 GMT-0500,1841.9920000000002,1839.997,0.0008,0.0008
23.03.2020 08:46:50.333 GMT-0500,1841.003,1837.0079999999998,0.002,0.0008
23.03.2020 08:46:53.297 GMT-0500,1842.9920000000002,1839.9979999999998,0.0008,0.002
23.03.2020 08:46:54.337 GMT-0500,1843.0020000000002,1839.9979999999998,0.0008,0.002
23.03.2020 08:47:00.432 GMT-0500,1839.0020000000002,1837.0079999999998,0.0008,0.002
23.03.2020 08:47:00.731 GMT-0500,1839.0020000000002,1837.0079999999998,0.002,0.002
23.03.2020 08:47:00.781 GMT-0500,1839.0020000000002,1837.007,0.0008,0.002
23.03.2020 08:47:01.148 GMT-0500,1838.9920000000002,1837.0079999999998,0.0008,0.002
23.03.2020 08:47:01.199 GMT-0500,1839.0020000000002,1837.007,0.0008,0.002
23.03.2020 08:47:01.423 GMT-0500,1839.0020000000002,1837.848,0.002,0.0008
23.03.2020 08:47:07.263 GMT-0500,1840.0120000000002,1837.028,0.0008,0.002
23.03.2020 08:47:07.366 GMT-0500,1838.5120000000002,1837.027,0.0008,0.0008
23.03.2020 08:47:16.782 GMT-0500,1840.0020000000002,1837.8870000000002,0.0008,0.002
23.03.2020 08:47:16.904 GMT-0500,1842.003,1838.9779999999998,0.002,0.0008
23.03.2020 08:47:17.365 GMT-0500,1842.003,1838.2179999999998,0.002,0.002
23.03.2020 08:47:17.621 GMT-0500,1842.0020000000002,1838.3770000000002,0.0008,0.002
23.03.2020 08:47:19.704 GMT-0500,1842.0020000000002,1839.798,0.002,0.002
23.03.2020 08:47:25.659 GMT-0500,1842.023,1839.158,0.0008,0.0008
23.03.2020 08:47:28.857 GMT-0500,1845.0020000000002,1841.888,0.002,0.0008
23.03.2020 08:47:29.129 GMT-0500,1845.0020000000002,1841.017,0.0008,0.0008
23.03.2020 08:47:35.473 GMT-0500,1844.0020000000002,1841.007,0.0008,0.002
23.03.2020 08:47:36.078 GMT-0500,1844.0020000000002,1841.007,0.0008,0.0008
23.03.2020 08:47:36.814 GMT-0500,1842.993,1838.997,0.002,0.002
23.03.2020 08:47:42.504 GMT-0500,1845.003,1841.7970000000003,0.002,0.0008
23.03.2020 08:47:43.640 GMT-0500,1843.893,1840.108,0.002,0.0008
23.03.2020 08:47:44.963 GMT-0500,1842.403,1840.1170000000002,0.002,0.002
23.03.2020 08:47:45.626 GMT-0500,1842.403,1840.108,0.002,0.0008
23.03.2020 08:47:45.686 GMT-0500,1842.382,1840.108,0.0008,0.002
23.03.2020 08:47:47.774 GMT-0500,1842.403,1840.108,0.002,0.0008
23.03.2020 08:47:49.924 GMT-0500,1842.403,1840.997,0.002,0.0008
23.03.2020 08:47:49.975 GMT-0500,1844.402,1841.9479999999999,0.002,0.002
23.03.2020 08:47:50.025 GMT-0500,1842.403,1840.1070000000002,0.002,0.002
23.03.2020 08:47:51.453 GMT-0500,1842.403,1840.497,0.002,0.0008
23.03.2020 08:47:51.503 GMT-0500,1842.402,1840.1070000000002,0.0008,0.002
23.03.2020 08:47:53.571 GMT-0500,1842.402,1840.1070000000002,0.0008,0.002
23.03.2020 08:47:53.672 GMT-0500,1842.403,1840.108,0.002,0.0008
23.03.2020 08:47:54.286 GMT-0500,1841.0020000000002,1840.108,0.0008,0.002
23.03.2020 08:47:56.151 GMT-0500,1840.013,1838.2379999999998,0.002,0.0008
23.03.2020 08:47:56.505 GMT-0500,1841.9920000000002,1838.2379999999998,0.002,0.002
23.03.2020 08:47:56.555 GMT-0500,1841.9920000000002,1839.128,0.002,0.002
23.03.2020 08:47:57.187 GMT-0500,1841.9720000000002,1839.128,0.002,0.002
23.03.2020 08:47:58.109 GMT-0500,1841.683,1837.7179999999998,0.002,0.0008
23.03.2020 08:47:58.415 GMT-0500,1841.683,1837.717,0.002,0.002
23.03.2020 08:47:58.516 GMT-0500,1841.6820000000002,1837.7179999999998,0.002,0.002
23.03.2020 08:47:59.447 GMT-0500,1843.8129999999999,1840.0570000000002,0.002,0.002
23.03.2020 08:47:59.743 GMT-0500,1843.8020000000001,1840.0570000000002,0.0008,0.002
23.03.2020 08:47:59.844 GMT-0500,1843.793,1840.0570000000002,0.002,0.002
23.03.2020 08:48:00.227 GMT-0500,1843.783,1840.0570000000002,0.0008,0.002
23.03.2020 08:48:00.423 GMT-0500,1843.693,1840.058,0.002,0.0008
23.03.2020 08:48:00.538 GMT-0500,1841.033,1840.0570000000002,0.002,0.002
23.03.2020 08:48:00.902 GMT-0500,1841.4120000000003,1837.7179999999998,0.002,0.0008
23.03.2020 08:48:03.461 GMT-0500,1841.413,1837.7179999999998,0.0008,0.0008
23.03.2020 08:48:03.884 GMT-0500,1841.413,1837.717,0.002,0.002
23.03.2020 08:48:05.076 GMT-0500,1841.392,1837.717,0.0008,0.0008
23.03.2020 08:48:07.705 GMT-0500,1843.213,1839.608,0.002,0.0008
23.03.2020 08:48:08.129 GMT-0500,1841.263,1838.6070000000002,0.002,0.002
23.03.2020 08:48:11.885 GMT-0500,1843.2120000000002,1841.6979999999999,0.002,0.002
23.03.2020 08:48:12.013 GMT-0500,1843.213,1841.0079999999998,0.002,0.0008
23.03.2020 08:48:12.481 GMT-0500,1843.213,1841.007,0.002,0.002
23.03.2020 08:48:12.641 GMT-0500,1843.2120000000002,1842.108,0.0008,0.0008
23.03.2020 08:48:12.691 GMT-0500,1845.003,1841.0370000000003,0.002,0.002
23.03.2020 08:48:12.851 GMT-0500,1845.003,1841.9270000000001,0.002,0.0008
23.03.2020 08:48:13.488 GMT-0500,1844.433,1841.9270000000001,0.002,0.002
23.03.2020 08:48:14.470 GMT-0500,1844.622,1841.9279999999999,0.002,0.002
23.03.2020 08:48:14.521 GMT-0500,1844.6720000000003,1841.9279999999999,0.002,0.002
23.03.2020 08:48:14.620 GMT-0500,1843.153,1840.997,0.002,0.002
23.03.2020 08:48:14.671 GMT-0500,1844.6720000000003,1840.997,0.0008,0.002
23.03.2020 08:48:14.974 GMT-0500,1844.6229999999998,1841.3270000000002,0.002,0.002
23.03.2020 08:48:15.447 GMT-0500,1844.6820000000002,1841.568,0.002,0.002
23.03.2020 08:48:16.793 GMT-0500,1844.673,1841.3970000000002,0.002,0.0008
23.03.2020 08:48:16.972 GMT-0500,1844.673,1841.398,0.002,0.0008
23.03.2020 08:48:17.878 GMT-0500,1843.953,1840.9979999999998,0.002,0.0008
23.03.2020 08:48:18.016 GMT-0500,1843.953,1840.997,0.002,0.002
23.03.2020 08:48:18.066 GMT-0500,1843.7920000000001,1840.997,0.0008,0.002
23.03.2020 08:48:18.290 GMT-0500,1844.0629999999999,1840.9979999999998,0.002,0.0008
23.03.2020 08:48:18.546 GMT-0500,1844.0629999999999,1840.9979999999998,0.0008,0.0008
23.03.2020 08:48:18.597 GMT-0500,1843.8829999999998,1840.997,0.002,0.002
23.03.2020 08:48:20.481 GMT-0500,1843.842,1840.997,0.0008,0.0008
23.03.2020 08:48:23.223 GMT-0500,1843.8429999999998,1841.4979999999998,0.002,0.0008
23.03.2020 08:48:25.389 GMT-0500,1841.6129999999998,1839.9520000000002,0.0008,0.0008
23.03.2020 08:48:28.953 GMT-0500,1842.5120000000002,1838.9979999999998,0.0008,0.002
23.03.2020 08:48:29.054 GMT-0500,1842.1920000000002,1838.997,0.0008,0.002
23.03.2020 08:48:39.364 GMT-0500,1844.7720000000002,1841.518,0.002,0.0008
23.03.2020 08:48:39.665 GMT-0500,1844.6129999999998,1840.8970000000002,0.002,0.002
23.03.2020 08:48:39.871 GMT-0500,1844.6129999999998,1842.0079999999998,0.0008,0.0008
23.03.2020 08:48:39.921 GMT-0500,1844.7520000000002,1842.0079999999998,0.002,0.002
23.03.2020 08:48:41.152 GMT-0500,1844.7520000000002,1842.0079999999998,0.002,0.002
23.03.2020 08:48:41.294 GMT-0500,1844.743,1840.898,0.002,0.002
23.03.2020 08:48:41.344 GMT-0500,1844.743,1840.898,0.002,0.0008
23.03.2020 08:48:41.752 GMT-0500,1844.743,1840.898,0.0008,0.0008
23.03.2020 08:48:41.803 GMT-0500,1844.753,1840.898,0.002,0.0008
23.03.2020 08:48:42.255 GMT-0500,1844.753,1840.8970000000002,0.002,0.002
23.03.2020 08:48:42.356 GMT-0500,1844.793,1840.8970000000002,0.002,0.002
23.03.2020 08:48:42.877 GMT-0500,1844.793,1841.5079999999998,0.0008,0.0008
23.03.2020 08:48:43.256 GMT-0500,1844.7820000000002,1841.507,0.0008,0.002
23.03.2020 08:48:43.574 GMT-0500,1844.703,1841.5079999999998,0.002,0.0008
23.03.2020 08:48:43.625 GMT-0500,1844.963,1841.5079999999998,0.002,0.0008
23.03.2020 08:48:43.703 GMT-0500,1844.703,1841.5079999999998,0.0008,0.0008
23.03.2020 08:48:44.077 GMT-0500,1843.1129999999998,1839.997,0.002,0.002
23.03.2020 08:48:48.431 GMT-0500,1844.0020000000002,1840.038,0.002,0.0008
23.03.2020 08:48:48.954 GMT-0500,1844.003,1840.0370000000003,0.002,0.002
23.03.2020 08:48:50.475 GMT-0500,1843.9820000000002,1840.038,0.0008,0.002
23.03.2020 08:48:50.525 GMT-0500,1843.9820000000002,1840.038,0.002,0.002
23.03.2020 08:48:51.163 GMT-0500,1843.5929999999998,1840.038,0.0008,0.0008
23.03.2020 08:48:51.452 GMT-0500,1843.5929999999998,1840.038,0.002,0.0008
23.03.2020 08:48:52.476 GMT-0500,1843.582,1840.038,0.002,0.002
23.03.2020 08:48:52.527 GMT-0500,1843.582,1840.0370000000003,0.0008,0.002
23.03.2020 08:48:52.656 GMT-0500,1843.582,1839.9979999999998,0.002,0.002
23.03.2020 08:48:53.466 GMT-0500,1843.582,1839.997,0.002,0.002
23.03.2020 08:48:53.619 GMT-0500,1843.5629999999999,1839.997,0.0008,0.002
23.03.2020 08:48:54.247 GMT-0500,1845.0020000000002,1842.247,0.0008,0.0008
23.03.2020 08:48:54.853 GMT-0500,1843.582,1840.6770000000001,0.0008,0.002
23.03.2020 08:48:55.560 GMT-0500,1843.003,1840.6770000000001,0.002,0.002
23.03.2020 08:48:55.734 GMT-0500,1843.0020000000002,1840.6770000000001,0.0008,0.0008
23.03.2020 08:48:55.784 GMT-0500,1844.893,1841.497,0.002,0.002
23.03.2020 08:48:55.834 GMT-0500,1844.892,1841.5079999999998,0.002,0.002
23.03.2020 08:48:56.033 GMT-0500,1844.913,1841.1470000000002,0.002,0.002
23.03.2020 08:48:56.369 GMT-0500,1844.913,1841.148,0.0008,0.0008
23.03.2020 08:48:57.313 GMT-0500,1844.913,1841.1470000000002,0.002,0.0008
23.03.2020 08:48:57.531 GMT-0500,1843.5629999999999,1839.9979999999998,0.002,0.0008
23.03.2020 08:48:57.652 GMT-0500,1843.293,1839.9979999999998,0.0008,0.0008
23.03.2020 08:49:00.292 GMT-0500,1843.5529999999999,1840.017,0.0008,0.002
23.03.2020 08:49:00.392 GMT-0500,1843.5529999999999,1840.018,0.002,0.0008
23.03.2020 08:49:00.443 GMT-0500,1842.7820000000002,1840.017,0.0008,0.002
23.03.2020 08:49:00.493 GMT-0500,1843.5629999999999,1840.017,0.002,0.002
23.03.2020 08:49:01.191 GMT-0500,1843.5629999999999,1839.997,0.002,0.002
23.03.2020 08:49:01.469 GMT-0500,1842.622,1839.9979999999998,0.0008,0.002
23.03.2020 08:49:01.914 GMT-0500,1845.0020000000002,1841.5570000000002,0.002,0.0008
23.03.2020 08:49:01.965 GMT-0500,1845.0020000000002,1841.5570000000002,0.0008,0.002
23.03.2020 08:49:02.216 GMT-0500,1845.0020000000002,1841.5570000000002,0.002,0.002
23.03.2020 08:49:02.852 GMT-0500,1843.5629999999999,1841.5570000000002,0.0008,0.002
23.03.2020 08:49:03.045 GMT-0500,1843.5629999999999,1841.558,0.002,0.0008
23.03.2020 08:49:03.095 GMT-0500,1842.183,1839.997,0.002,0.002
23.03.2020 08:49:03.146 GMT-0500,1843.5829999999999,1839.997,0.002,0.002
23.03.2020 08:49:03.206 GMT-0500,1843.5629999999999,1839.997,0.0008,0.002
23.03.2020 08:49:03.881 GMT-0500,1843.582,1839.997,0.0008,0.002
23.03.2020 08:49:04.193 GMT-0500,1843.0020000000002,1839.9979999999998,0.002,0.002
23.03.2020 08:49:04.243 GMT-0500,1843.582,1839.9979999999998,0.002,0.002
23.03.2020 08:49:04.822 GMT-0500,1842.993,1839.9979999999998,0.002,0.0008
23.03.2020 08:49:09.336 GMT-0500,1842.993,1839.9979999999998,0.002,0.0008
23.03.2020 08:49:09.625 GMT-0500,1841.602,1839.9979999999998,0.0008,0.002
23.03.2020 08:49:09.676 GMT-0500,1841.6820000000002,1839.997,0.0008,0.002
23.03.2020 08:49:09.971 GMT-0500,1842.263,1839.997,0.002,0.002
23.03.2020 08:49:10.216 GMT-0500,1842.263,1839.9979999999998,0.002,0.0008
23.03.2020 08:49:12.341 GMT-0500,1843.1129999999998,1839.997,0.002,0.002
23.03.2020 08:49:12.542 GMT-0500,1843.1129999999998,1839.9979999999998,0.0008,0.0008
23.03.2020 08:49:12.776 GMT-0500,1842.3629999999998,1839.9979999999998,0.0008,0.002
23.03.2020 08:49:12.959 GMT-0500,1842.3629999999998,1840.0370000000003,0.002,0.002
23.03.2020 08:49:13.010 GMT-0500,1842.362,1839.9979999999998,0.002,0.002
23.03.2020 08:49:13.392 GMT-0500,1841.513,1839.9979999999998,0.0008,0.0008
23.03.2020 08:49:13.493 GMT-0500,1841.043,1838.997,0.002,0.002
23.03.2020 08:49:14.434 GMT-0500,1840.683,1838.997,0.0008,0.002
23.03.2020 08:49:14.484 GMT-0500,1840.933,1838.9979999999998,0.002,0.0008
23.03.2020 08:49:14.697 GMT-0500,1840.933,1838.9979999999998,0.002,0.0008
23.03.2020 08:49:23.122 GMT-0500,1836.9920000000002,1834.997,0.0008,0.002
23.03.2020 08:49:24.928 GMT-0500,1837.3229999999999,1834.997,0.002,0.002
23.03.2020 08:49:25.097 GMT-0500,1837.4720000000002,1834.997,0.0008,0.002
23.03.2020 08:49:25.300 GMT-0500,1837.4620000000002,1834.997,0.0008,0.002
23.03.2020 08:49:25.351 GMT-0500,1837.473,1835.007,0.002,0.002
23.03.2020 08:49:25.470 GMT-0500,1837.693,1835.007,0.002,0.002
23.03.2020 08:49:25.571 GMT-0500,1837.6920000000002,1835.0079999999998,0.002,0.002
23.03.2020 08:49:25.769 GMT-0500,1837.6920000000002,1837.0320000000002,0.0008,0.0008
23.03.2020 08:49:26.144 GMT-0500,1838.233,1835.588,0.0008,0.002
23.03.2020 08:49:30.931 GMT-0500,1840.9120000000003,1837.088,0.002,0.002
23.03.2020 08:49:35.434 GMT-0500,1841.0020000000002,1837.007,0.0008,0.002
23.03.2020 08:49:37.012 GMT-0500,1843.003,1840.007,0.002,0.0008
23.03.2020 08:49:37.990 GMT-0500,1843.003,1840.018,0.002,0.0008
23.03.2020 08:49:39.731 GMT-0500,1843.003,1840.0079999999998,0.002,0.0008
23.03.2020 08:49:48.230 GMT-0500,1843.0020000000002,1839.298,0.002,0.0008
23.03.2020 08:49:49.603 GMT-0500,1840.2020000000002,1836.4979999999998,0.0008,0.002
23.03.2020 08:49:50.813 GMT-0500,1840.023,1836.497,0.002,0.002
23.03.2020 08:49:51.093 GMT-0500,1841.2520000000002,1837.4679999999998,0.002,0.002
23.03.2020 08:49:51.254 GMT-0500,1841.2520000000002,1837.4879999999998,0.002,0.002
23.03.2020 08:49:52.884 GMT-0500,1841.253,1837.467,0.002,0.002
23.03.2020 08:49:52.934 GMT-0500,1841.2520000000002,1837.507,0.0008,0.002
23.03.2020 08:49:53.120 GMT-0500,1841.9920000000002,1838.378,0.002,0.002
23.03.2020 08:49:54.071 GMT-0500,1841.9920000000002,1838.378,0.002,0.002
23.03.2020 08:49:54.326 GMT-0500,1840.892,1837.527,0.0008,0.002
23.03.2020 08:49:57.396 GMT-0500,1839.983,1837.518,0.0008,0.0008
23.03.2020 08:49:58.826 GMT-0500,1839.983,1837.518,0.002,0.0008
23.03.2020 08:49:58.926 GMT-0500,1839.983,1837.528,0.002,0.0008
23.03.2020 08:49:59.234 GMT-0500,1839.9820000000002,1837.497,0.0008,0.002
23.03.2020 08:49:59.612 GMT-0500,1839.9620000000002,1837.4979999999998,0.002,0.002
23.03.2020 08:49:59.909 GMT-0500,1839.963,1836.4979999999998,0.002,0.0008
23.03.2020 08:50:00.236 GMT-0500,1839.963,1836.4979999999998,0.002,0.0008
23.03.2020 08:50:00.412 GMT-0500,1839.993,1837.4370000000001,0.002,0.002
23.03.2020 08:50:00.463 GMT-0500,1839.993,1836.4979999999998,0.002,0.0008
23.03.2020 08:50:01.172 GMT-0500,1839.993,1836.4979999999998,0.002,0.0008
23.03.2020 08:50:07.177 GMT-0500,1838.503,1834.997,0.002,0.002
23.03.2020 08:50:16.460 GMT-0500,1837.993,1835.497,0.002,0.002
23.03.2020 08:50:26.174 GMT-0500,1837.743,1835.4979999999998,0.0008,0.0008
23.03.2020 08:50:27.549 GMT-0500,1837.723,1835.497,0.002,0.002
23.03.2020 08:50:27.931 GMT-0500,1837.7020000000002,1835.4979999999998,0.002,0.002
23.03.2020 08:50:28.080 GMT-0500,1837.663,1835.4979999999998,0.0008,0.0008
23.03.2020 08:50:28.419 GMT-0500,1837.663,1835.497,0.002,0.002
23.03.2020 08:50:28.626 GMT-0500,1836.543,1835.4979999999998,0.0008,0.0008
23.03.2020 08:50:28.676 GMT-0500,1836.4520000000002,1833.9979999999998,0.002,0.002
23.03.2020 08:50:29.017 GMT-0500,1836.193,1833.9979999999998,0.0008,0.0008
23.03.2020 08:50:29.317 GMT-0500,1837.7320000000002,1833.9979999999998,0.002,0.002
23.03.2020 08:50:29.368 GMT-0500,1837.733,1833.9979999999998,0.002,0.0008
23.03.2020 08:50:29.658 GMT-0500,1837.733,1833.997,0.002,0.002
23.03.2020 08:50:30.865 GMT-0500,1837.7320000000002,1833.997,0.0008,0.002
23.03.2020 08:50:30.915 GMT-0500,1834.533,1833.9979999999998,0.002,0.0008
23.03.2020 08:50:31.405 GMT-0500,1837.733,1833.997,0.002,0.0008
23.03.2020 08:50:32.310 GMT-0500,1833.503,1829.9979999999998,0.002,0.0008
23.03.2020 08:50:50.460 GMT-0500,1835.183,1832.717,0.002,0.002
23.03.2020 08:50:51.469 GMT-0500,1835.1720000000003,1832.717,0.0008,0.002
23.03.2020 08:50:54.273 GMT-0500,1835.1820000000002,1831.5670000000002,0.0008,0.002
23.03.2020 08:50:58.956 GMT-0500,1840.003,1836.7079999999999,0.002,0.0008
23.03.2020 08:51:03.441 GMT-0500,1840.0020000000002,1837.247,0.0008,0.002
23.03.2020 08:51:04.088 GMT-0500,1840.0020000000002,1839.0570000000002,0.0008,0.0008
23.03.2020 08:51:04.138 GMT-0500,1841.1820000000002,1837.997,0.0008,0.002
23.03.2020 08:51:04.812 GMT-0500,1841.1820000000002,1838.0870000000002,0.0008,0.0008
23.03.2020 08:51:04.912 GMT-0500,1841.8629999999998,1837.997,0.002,0.002
23.03.2020 08:51:05.052 GMT-0500,1841.8629999999998,1837.9979999999998,0.0008,0.0008
23.03.2020 08:51:06.613 GMT-0500,1842.0520000000001,1839.6370000000002,0.0008,0.002
23.03.2020 08:51:07.038 GMT-0500,1842.0520000000001,1841.3370000000002,0.0008,0.0008
23.03.2020 08:51:07.597 GMT-0500,1843.9320000000002,1842.997,0.0008,0.002
23.03.2020 08:51:07.721 GMT-0500,1843.9320000000002,1843.457,0.0008,0.0008
23.03.2020 08:51:07.772 GMT-0500,1844.003,1843.457,0.002,0.002
23.03.2020 08:51:07.872 GMT-0500,1845.003,1842.9979999999998,0.002,0.0008
23.03.2020 08:51:07.922 GMT-0500,1844.0529999999999,1842.997,0.002,0.002
23.03.2020 08:51:07.973 GMT-0500,1845.003,1842.9979999999998,0.002,0.0008
23.03.2020 08:51:10.280 GMT-0500,1845.003,1843.007,0.002,0.002
23.03.2020 08:51:10.450 GMT-0500,1845.003,1844.487,0.0008,0.0008
23.03.2020 08:51:10.500 GMT-0500,1846.0320000000002,1844.4979999999998,0.002,0.002
23.03.2020 08:51:12.806 GMT-0500,1846.0929999999998,1842.987,0.002,0.002
23.03.2020 08:51:15.799 GMT-0500,1846.0929999999998,1842.9979999999998,0.002,0.0008
23.03.2020 08:51:16.768 GMT-0500,1846.092,1842.987,0.0008,0.002
23.03.2020 08:51:17.467 GMT-0500,1847.0020000000002,1845.368,0.002,0.002
23.03.2020 08:51:18.787 GMT-0500,1847.0020000000002,1844.538,0.002,0.002
23.03.2020 08:51:19.959 GMT-0500,1847.0020000000002,1845.768,0.0008,0.0008
23.03.2020 08:51:20.060 GMT-0500,1850.0020000000002,1847.0079999999998,0.002,0.002
23.03.2020 08:51:20.244 GMT-0500,1850.0020000000002,1846.5770000000002,0.0008,0.002
23.03.2020 08:51:20.367 GMT-0500,1850.003,1847.007,0.002,0.0008
23.03.2020 08:51:20.883 GMT-0500,1850.0020000000002,1847.268,0.002,0.002
23.03.2020 08:51:21.037 GMT-0500,1850.0020000000002,1848.158,0.002,0.0008
23.03.2020 08:51:21.722 GMT-0500,1850.0020000000002,1847.2870000000003,0.0008,0.002
23.03.2020 08:51:21.809 GMT-0500,1850.0020000000002,1848.1270000000002,0.0008,0.0008
23.03.2020 08:51:21.859 GMT-0500,1850.0020000000002,1847.288,0.002,0.002
23.03.2020 08:51:22.137 GMT-0500,1850.0020000000002,1848.578,0.002,0.0008
23.03.2020 08:51:22.188 GMT-0500,1852.0020000000002,1848.578,0.002,0.002
23.03.2020 08:51:22.339 GMT-0500,1852.003,1848.8370000000002,0.002,0.002
23.03.2020 08:51:22.483 GMT-0500,1852.003,1848.838,0.002,0.0008
23.03.2020 08:51:22.584 GMT-0500,1852.0020000000002,1848.0670000000002,0.0008,0.002
23.03.2020 08:51:22.646 GMT-0500,1852.0020000000002,1849.9070000000002,0.0008,0.0008
23.03.2020 08:51:22.696 GMT-0500,1852.0020000000002,1849.0870000000002,0.0008,0.002
23.03.2020 08:51:22.958 GMT-0500,1850.9920000000002,1849.078,0.002,0.002
23.03.2020 08:51:23.059 GMT-0500,1849.543,1848.0670000000002,0.002,0.002
23.03.2020 08:51:23.110 GMT-0500,1850.493,1848.068,0.002,0.0008
23.03.2020 08:51:23.263 GMT-0500,1850.453,1848.068,0.0008,0.0008
23.03.2020 08:51:23.364 GMT-0500,1850.453,1847.278,0.002,0.0008
23.03.2020 08:51:27.921 GMT-0500,1850.3220000000001,1846.987,0.0008,0.002
23.03.2020 08:51:28.958 GMT-0500,1850.3029999999999,1846.987,0.002,0.002
23.03.2020 08:51:29.243 GMT-0500,1848.3220000000001,1844.527,0.0008,0.002
23.03.2020 08:51:36.788 GMT-0500,1848.993,1846.1170000000002,0.002,0.0008
23.03.2020 08:51:39.804 GMT-0500,1849.4920000000002,1846.0079999999998,0.0008,0.002
23.03.2020 08:51:40.242 GMT-0500,1850.3329999999999,1847.3870000000002,0.002,0.002
23.03.2020 08:51:40.699 GMT-0500,1849.503,1846.0079999999998,0.0008,0.0008
23.03.2020 08:51:42.718 GMT-0500,1850.332,1847.168,0.002,0.0008
23.03.2020 08:51:42.907 GMT-0500,1850.3329999999999,1847.168,0.002,0.002
23.03.2020 08:51:43.086 GMT-0500,1850.3329999999999,1848.017,0.002,0.0008
23.03.2020 08:51:44.143 GMT-0500,1852.0020000000002,1848.168,0.002,0.002
23.03.2020 08:51:44.250 GMT-0500,1852.0020000000002,1848.8270000000002,0.0008,0.0008
23.03.2020 08:51:45.962 GMT-0500,1852.0020000000002,1848.1779999999999,0.002,0.002
23.03.2020 08:51:50.325 GMT-0500,1852.003,1848.1770000000001,0.002,0.0008
23.03.2020 08:51:50.485 GMT-0500,1852.0020000000002,1849.088,0.002,0.0008
23.03.2020 08:51:51.560 GMT-0500,1852.003,1849.118,0.002,0.0008
23.03.2020 08:51:51.908 GMT-0500,1852.003,1849.1370000000002,0.002,0.002
23.03.2020 08:51:52.215 GMT-0500,1852.0020000000002,1849.1370000000002,0.0008,0.002
23.03.2020 08:51:53.035 GMT-0500,1852.0020000000002,1848.1770000000001,0.0008,0.002
23.03.2020 08:51:54.504 GMT-0500,1852.003,1848.1770000000001,0.002,0.002
23.03.2020 08:51:55.054 GMT-0500,1852.0020000000002,1848.2970000000003,0.0008,0.002
23.03.2020 08:51:55.155 GMT-0500,1851.6820000000002,1848.318,0.002,0.002
23.03.2020 08:51:55.511 GMT-0500,1851.6820000000002,1849.668,0.002,0.0008
23.03.2020 08:51:56.457 GMT-0500,1854.0020000000002,1850.007,0.0008,0.0008
23.03.2020 08:51:57.131 GMT-0500,1854.003,1852.668,0.002,0.0008
23.03.2020 08:51:57.182 GMT-0500,1854.003,1851.6779999999999,0.002,0.0008
23.03.2020 08:51:57.496 GMT-0500,1853.9920000000002,1851.6779999999999,0.0008,0.002
23.03.2020 08:52:00.765 GMT-0500,1854.0020000000002,1851.757,0.0008,0.002
23.03.2020 08:52:01.934 GMT-0500,1853.9920000000002,1851.0670000000002,0.0008,0.0008
23.03.2020 08:52:09.401 GMT-0500,1854.0020000000002,1851.8970000000002,0.0008,0.002
23.03.2020 08:52:10.512 GMT-0500,1854.003,1851.898,0.002,0.0008
23.03.2020 08:52:10.562 GMT-0500,1854.0020000000002,1852.007,0.0008,0.002
23.03.2020 08:52:10.664 GMT-0500,1854.003,1852.007,0.002,0.002
23.03.2020 08:52:11.686 GMT-0500,1855.0020000000002,1852.007,0.002,0.002
23.03.2020 08:52:11.737 GMT-0500,1855.003,1852.0079999999998,0.002,0.0008
23.03.2020 08:52:12.003 GMT-0500,1855.003,1853.3170000000002,0.002,0.0008
23.03.2020 08:52:12.739 GMT-0500,1855.003,1853.348,0.002,0.0008
23.03.2020 08:52:13.642 GMT-0500,1855.003,1853.328,0.002,0.0008
23.03.2020 08:52:13.788 GMT-0500,1854.1720000000003,1853.328,0.0008,0.0008
23.03.2020 08:52:13.839 GMT-0500,1854.142,1851.878,0.002,0.002
23.03.2020 08:52:14.651 GMT-0500,1855.003,1851.878,0.002,0.002
23.03.2020 08:52:15.103 GMT-0500,1855.003,1853.028,0.002,0.0008
23.03.2020 08:52:15.853 GMT-0500,1855.0020000000002,1853.028,0.002,0.002
23.03.2020 08:52:16.422 GMT-0500,1855.003,1853.0470000000003,0.002,0.002
23.03.2020 08:52:16.955 GMT-0500,1855.0020000000002,1851.9070000000002,0.0008,0.002
23.03.2020 08:52:17.379 GMT-0500,1855.0020000000002,1851.9070000000002,0.0008,0.002
23.03.2020 08:52:17.674 GMT-0500,1855.0020000000002,1851.9579999999999,0.002,0.002
23.03.2020 08:52:17.862 GMT-0500,1855.0020000000002,1851.9679999999998,0.002,0.0008
23.03.2020 08:52:18.088 GMT-0500,1855.0020000000002,1851.9679999999998,0.002,0.002
23.03.2020 08:52:18.138 GMT-0500,1855.003,1851.908,0.002,0.0008
23.03.2020 08:52:18.206 GMT-0500,1855.0020000000002,1851.908,0.002,0.002
23.03.2020 08:52:18.803 GMT-0500,1855.003,1851.9370000000001,0.002,0.0008
23.03.2020 08:52:19.050 GMT-0500,1856.183,1853.9979999999998,0.002,0.0008
23.03.2020 08:52:19.101 GMT-0500,1856.183,1854.0370000000003,0.002,0.002
23.03.2020 08:52:20.161 GMT-0500,1856.1820000000002,1854.0370000000003,0.0008,0.0008
23.03.2020 08:52:20.944 GMT-0500,1856.1720000000003,1852.237,0.0008,0.002
23.03.2020 08:52:21.710 GMT-0500,1856.1720000000003,1852.237,0.0008,0.0008
23.03.2020 08:52:21.831 GMT-0500,1856.173,1852.2379999999998,0.002,0.0008
23.03.2020 08:52:22.162 GMT-0500,1856.173,1852.2379999999998,0.0008,0.0008
23.03.2020 08:52:27.946 GMT-0500,1859.9920000000002,1856.078,0.002,0.002
23.03.2020 08:52:29.543 GMT-0500,1859.872,1856.987,0.0008,0.002
23.03.2020 08:52:29.761 GMT-0500,1859.9920000000002,1857.0470000000003,0.0008,0.002
23.03.2020 08:52:29.925 GMT-0500,1859.8120000000001,1857.048,0.002,0.002
23.03.2020 08:52:31.532 GMT-0500,1859.622,1858.138,0.002,0.002
23.03.2020 08:52:34.763 GMT-0500,1858.723,1855.0770000000002,0.0008,0.002
23.03.2020 08:52:38.906 GMT-0500,1860.9720000000002,1857.247,0.0008,0.002
23.03.2020 08:52:40.466 GMT-0500,1860.9720000000002,1857.9070000000002,0.0008,0.002
23.03.2020 08:52:40.813 GMT-0500,1860.973,1857.9070000000002,0.002,0.002
23.03.2020 08:52:43.333 GMT-0500,1862.0020000000002,1858.9879999999998,0.002,0.002
23.03.2020 08:52:43.449 GMT-0500,1862.0020000000002,1858.9879999999998,0.002,0.002
23.03.2020 08:52:46.630 GMT-0500,1865.003,1861.6070000000002,0.002,0.0008
23.03.2020 08:52:47.178 GMT-0500,1862.9220000000003,1860.2179999999998,0.002,0.002
23.03.2020 08:52:55.583 GMT-0500,1862.7620000000002,1859.4270000000001,0.0008,0.002
23.03.2020 08:53:14.020 GMT-0500,1864.983,1861.568,0.002,0.0008
23.03.2020 08:53:14.071 GMT-0500,1864.013,1860.368,0.002,0.0008
23.03.2020 08:53:14.121 GMT-0500,1864.9820000000002,1861.5770000000002,0.0008,0.002
23.03.2020 08:53:14.246 GMT-0500,1864.983,1861.4779999999998,0.002,0.0008
23.03.2020 08:53:14.361 GMT-0500,1864.983,1861.588,0.002,0.0008
23.03.2020 08:53:14.411 GMT-0500,1864.7620000000002,1861.588,0.002,0.002
23.03.2020 08:53:14.751 GMT-0500,1864.5720000000001,1861.5870000000002,0.0008,0.002
23.03.2020 08:53:14.966 GMT-0500,1864.5829999999999,1861.5870000000002,0.002,0.002
23.03.2020 08:53:15.042 GMT-0500,1864.5829999999999,1861.6170000000002,0.002,0.0008
23.03.2020 08:53:15.092 GMT-0500,1864.9820000000002,1861.618,0.002,0.002
23.03.2020 08:53:15.144 GMT-0500,1864.9820000000002,1861.6170000000002,0.002,0.002
23.03.2020 08:53:15.295 GMT-0500,1864.8029999999999,1861.6170000000002,0.002,0.002
23.03.2020 08:53:15.345 GMT-0500,1864.8029999999999,1861.6370000000002,0.002,0.002
23.03.2020 08:53:15.486 GMT-0500,1864.7420000000002,1861.6370000000002,0.0008,0.002
23.03.2020 08:53:15.982 GMT-0500,1864.983,1861.618,0.002,0.0008
23.03.2020 08:53:16.033 GMT-0500,1864.6229999999998,1861.6170000000002,0.002,0.002
23.03.2020 08:53:16.260 GMT-0500,1864.9820000000002,1861.6170000000002,0.002,0.002
23.03.2020 08:53:16.799 GMT-0500,1863.9920000000002,1861.618,0.002,0.0008
23.03.2020 08:53:16.850 GMT-0500,1863.9920000000002,1861.5870000000002,0.0008,0.002
23.03.2020 08:53:17.115 GMT-0500,1862.793,1860.267,0.0008,0.002
23.03.2020 08:53:22.367 GMT-0500,1864.983,1863.2379999999998,0.002,0.0008
23.03.2020 08:53:22.769 GMT-0500,1864.483,1861.5970000000002,0.002,0.0008
23.03.2020 08:53:23.882 GMT-0500,1863.243,1859.4270000000001,0.0008,0.002
23.03.2020 08:53:24.759 GMT-0500,1863.2320000000002,1859.997,0.0008,0.002
23.03.2020 08:53:26.449 GMT-0500,1864.5729999999999,1861.507,0.002,0.002
23.03.2020 08:53:27.565 GMT-0500,1863.233,1859.4279999999999,0.002,0.0008
23.03.2020 08:53:27.690 GMT-0500,1863.2320000000002,1859.4279999999999,0.002,0.002
23.03.2020 08:53:28.134 GMT-0500,1863.233,1859.4270000000001,0.002,0.002
23.03.2020 08:53:28.307 GMT-0500,1863.233,1859.4270000000001,0.002,0.002
23.03.2020 08:53:28.358 GMT-0500,1864.5729999999999,1861.358,0.002,0.0008
23.03.2020 08:53:28.420 GMT-0500,1864.5729999999999,1861.3570000000002,0.002,0.002
23.03.2020 08:53:29.301 GMT-0500,1863.003,1859.4279999999999,0.002,0.002
23.03.2020 08:53:29.352 GMT-0500,1862.173,1859.4279999999999,0.002,0.0008
23.03.2020 08:53:29.976 GMT-0500,1862.173,1859.4279999999999,0.0008,0.0008
23.03.2020 08:53:30.076 GMT-0500,1863.0020000000002,1860.1670000000001,0.0008,0.002
23.03.2020 08:53:30.198 GMT-0500,1863.0020000000002,1859.4279999999999,0.002,0.002
23.03.2020 08:53:30.649 GMT-0500,1863.0020000000002,1859.4279999999999,0.002,0.002
23.03.2020 08:53:36.665 GMT-0500,1858.652,1854.9979999999998,0.002,0.002
23.03.2020 08:53:36.715 GMT-0500,1858.652,1854.9979999999998,0.002,0.002
23.03.2020 08:53:37.408 GMT-0500,1858.653,1854.9979999999998,0.002,0.002
23.03.2020 08:53:37.578 GMT-0500,1860.003,1856.017,0.002,0.002
23.03.2020 08:53:37.628 GMT-0500,1860.003,1856.017,0.002,0.002
23.03.2020 08:53:37.702 GMT-0500,1860.003,1856.038,0.002,0.0008
23.03.2020 08:53:38.169 GMT-0500,1860.003,1856.038,0.002,0.0008
23.03.2020 08:53:38.600 GMT-0500,1858.653,1856.038,0.0008,0.0008
23.03.2020 08:53:38.650 GMT-0500,1860.003,1856.038,0.002,0.0008
23.03.2020 08:53:39.189 GMT-0500,1860.003,1856.0570000000002,0.002,0.0008
23.03.2020 08:53:39.290 GMT-0500,1860.003,1856.078,0.002,0.0008
23.03.2020 08:53:40.333 GMT-0500,1859.993,1856.078,0.0008,0.0008
23.03.2020 08:53:41.290 GMT-0500,1859.993,1856.0770000000002,0.002,0.002
23.03.2020 08:53:42.018 GMT-0500,1859.993,1856.0770000000002,0.002,0.002
23.03.2020 08:53:42.659 GMT-0500,1859.993,1856.1170000000002,0.002,0.0008
23.03.2020 08:53:42.841 GMT-0500,1859.9920000000002,1856.118,0.002,0.002
23.03.2020 08:53:43.266 GMT-0500,1859.993,1856.138,0.002,0.0008
23.03.2020 08:53:43.807 GMT-0500,1859.993,1856.138,0.002,0.002
23.03.2020 08:53:44.041 GMT-0500,1857.122,1854.9979999999998,0.002,0.002
23.03.2020 08:53:44.092 GMT-0500,1857.9120000000003,1854.9979999999998,0.002,0.002
23.03.2020 08:53:44.588 GMT-0500,1857.9120000000003,1855.268,0.002,0.0008
23.03.2020 08:53:45.526 GMT-0500,1857.1329999999998,1855.268,0.002,0.0008
23.03.2020 08:53:45.577 GMT-0500,1857.5629999999999,1854.9979999999998,0.002,0.0008
23.03.2020 08:53:45.911 GMT-0500,1857.862,1854.997,0.0008,0.002
23.03.2020 08:53:46.290 GMT-0500,1857.862,1854.997,0.0008,0.002
23.03.2020 08:53:46.401 GMT-0500,1858.013,1854.997,0.0008,0.002
23.03.2020 08:53:47.496 GMT-0500,1858.2120000000002,1856.0670000000002,0.0008,0.0008
23.03.2020 08:53:47.546 GMT-0500,1858.523,1854.9979999999998,0.002,0.0008
23.03.2020 08:53:47.808 GMT-0500,1858.523,1854.9979999999998,0.002,0.002
23.03.2020 08:53:52.884 GMT-0500,1857.5529999999999,1854.9979999999998,0.0008,0.0008
23.03.2020 08:53:53.600 GMT-0500,1857.513,1854.997,0.0008,0.002
23.03.2020 08:53:53.804 GMT-0500,1857.493,1854.997,0.002,0.002
23.03.2020 08:53:54.769 GMT-0500,1858.612,1854.9979999999998,0.002,0.002
23.03.2020 08:53:54.820 GMT-0500,1858.612,1854.9979999999998,0.002,0.002
23.03.2020 08:53:55.130 GMT-0500,1856.862,1854.9979999999998,0.0008,0.002
23.03.2020 08:54:01.749 GMT-0500,1856.713,1853.007,0.002,0.002
23.03.2020 08:54:06.095 GMT-0500,1857.673,1854.2870000000003,0.002,0.0008
23.03.2020 08:54:07.434 GMT-0500,1857.6620000000003,1853.9279999999999,0.002,0.002
23.03.2020 08:54:07.504 GMT-0500,1855.7920000000001,1853.068,0.002,0.002
23.03.2020 08:54:10.426 GMT-0500,1857.663,1854.3570000000002,0.002,0.0008
23.03.2020 08:54:11.054 GMT-0500,1857.663,1855.0079999999998,0.002,0.0008
23.03.2020 08:54:11.345 GMT-0500,1857.6620000000003,1855.1170000000002,0.0008,0.002
23.03.2020 08:54:11.625 GMT-0500,1857.663,1855.007,0.002,0.002
23.03.2020 08:54:11.746 GMT-0500,1857.663,1855.007,0.002,0.002
23.03.2020 08:54:12.513 GMT-0500,1857.6620000000003,1855.0079999999998,0.002,0.002
23.03.2020 08:54:13.112 GMT-0500,1857.663,1855.118,0.002,0.0008
23.03.2020 08:54:13.214 GMT-0500,1857.652,1855.118,0.002,0.002
23.03.2020 08:54:13.897 GMT-0500,1857.653,1855.118,0.002,0.002
23.03.2020 08:54:15.055 GMT-0500,1857.652,1855.1870000000001,0.0008,0.002
23.03.2020 08:54:15.269 GMT-0500,1857.652,1855.1870000000001,0.0008,0.002
23.03.2020 08:54:16.831 GMT-0500,1857.652,1855.207,0.0008,0.002
23.03.2020 08:54:22.934 GMT-0500,1862.003,1858.2970000000003,0.002,0.002
23.03.2020 08:54:23.065 GMT-0500,1862.003,1858.2970000000003,0.002,0.002
