Local time,Ask,Bid,AskVolume,BidVolume
19.03.2020 08:30:01.446 GMT-0500,1860.332,1857.098,0.002,0.002
19.03.2020 08:30:01.496 GMT-0500,1858.582,1857.098,0.002,0.002
19.03.2020 08:30:01.546 GMT-0500,1859.082,1857.0970000000002,0.0008,0.002
19.03.2020 08:30:01.664 GMT-0500,1860.332,1857.098,0.002,0.002
19.03.2020 08:30:01.781 GMT-0500,1860.3329999999999,1857.0970000000002,0.002,0.0008
19.03.2020 08:30:01.960 GMT-0500,1860.3329999999999,1857.9979999999998,0.002,0.0008
19.03.2020 08:30:02.079 GMT-0500,1859.503,1857.1470000000002,0.002,0.002
19.03.2020 08:30:02.180 GMT-0500,1860.9520000000002,1857.1070000000002,0.0008,0.002
19.03.2020 08:30:02.230 GMT-0500,1859.5320000000002,1857.108,0.002,0.002
19.03.2020 08:30:02.966 GMT-0500,1859.5320000000002,1857.1070000000002,0.002,0.002
19.03.2020 08:30:03.110 GMT-0500,1859.5220000000002,1857.108,0.002,0.002
19.03.2020 08:30:03.160 GMT-0500,1859.523,1857.108,0.002,0.0008
19.03.2020 08:30:03.935 GMT-0500,1859.523,1857.778,0.002,0.0008
19.03.2020 08:30:03.986 GMT-0500,1859.5220000000002,1857.1070000000002,0.0008,0.002
19.03.2020 08:30:04.063 GMT-0500,1859.5220000000002,1857.1070000000002,0.002,0.002
19.03.2020 08:30:04.113 GMT-0500,1858.5320000000002,1856.3670000000002,0.0008,0.002
19.03.2020 08:30:05.162 GMT-0500,1858.5729999999999,1855.9979999999998,0.002,0.0008
19.03.2020 08:30:05.559 GMT-0500,1858.5729999999999,1855.9979999999998,0.0008,0.0008
19.03.2020 08:30:05.610 GMT-0500,1859.5220000000002,1855.9979999999998,0.002,0.002
19.03.2020 08:30:06.154 GMT-0500,1859.5220000000002,1856.1770000000001,0.0008,0.0008
19.03.2020 08:30:06.255 GMT-0500,1858.923,1855.9979999999998,0.002,0.0008
19.03.2020 08:30:06.382 GMT-0500,1858.923,1856.0079999999998,0.002,0.0008
19.03.2020 08:30:06.483 GMT-0500,1858.882,1855.9979999999998,0.002,0.002
19.03.2020 08:30:07.533 GMT-0500,1858.5529999999999,1855.9979999999998,0.0008,0.0008
19.03.2020 08:30:07.993 GMT-0500,1858.5529999999999,1855.9979999999998,0.002,0.0008
19.03.2020 08:30:08.044 GMT-0500,1857.753,1854.9979999999998,0.002,0.0008
19.03.2020 08:30:08.850 GMT-0500,1857.753,1854.997,0.0008,0.002
19.03.2020 08:30:09.572 GMT-0500,1858.513,1854.997,0.0008,0.002
19.03.2020 08:30:10.434 GMT-0500,1857.773,1854.9979999999998,0.002,0.0008
19.03.2020 08:30:10.484 GMT-0500,1857.7620000000002,1855.4979999999998,0.002,0.002
19.03.2020 08:30:10.535 GMT-0500,1857.763,1854.9979999999998,0.002,0.0008
19.03.2020 08:30:10.767 GMT-0500,1857.763,1855.1270000000002,0.002,0.0008
19.03.2020 08:30:10.818 GMT-0500,1857.743,1854.9979999999998,0.002,0.0008
19.03.2020 08:30:10.870 GMT-0500,1857.7320000000002,1854.9979999999998,0.0008,0.002
19.03.2020 08:30:10.920 GMT-0500,1857.743,1854.9979999999998,0.002,0.0008
19.03.2020 08:30:10.970 GMT-0500,1857.7220000000002,1854.997,0.0008,0.002
19.03.2020 08:30:12.142 GMT-0500,1857.7220000000002,1854.9979999999998,0.002,0.002
19.03.2020 08:30:12.306 GMT-0500,1857.342,1854.9979999999998,0.002,0.002
19.03.2020 08:30:13.183 GMT-0500,1857.3029999999999,1854.9979999999998,0.0008,0.0008
19.03.2020 08:30:13.780 GMT-0500,1857.2820000000002,1854.997,0.0008,0.002
19.03.2020 08:30:13.946 GMT-0500,1857.2620000000002,1854.997,0.0008,0.002
19.03.2020 08:30:14.184 GMT-0500,1857.243,1854.997,0.002,0.002
19.03.2020 08:30:15.082 GMT-0500,1857.243,1854.9979999999998,0.002,0.0008
19.03.2020 08:30:15.183 GMT-0500,1857.203,1854.9979999999998,0.002,0.0008
19.03.2020 08:30:15.532 GMT-0500,1857.1820000000002,1854.9979999999998,0.002,0.002
19.03.2020 08:30:15.633 GMT-0500,1857.163,1854.9979999999998,0.002,0.0008
19.03.2020 08:30:16.733 GMT-0500,1854.4520000000002,1852.997,0.0008,0.002
19.03.2020 08:30:16.908 GMT-0500,1854.3529999999998,1852.9979999999998,0.002,0.0008
19.03.2020 08:30:18.309 GMT-0500,1853.4520000000002,1852.95,0.0008,0.0008
19.03.2020 08:30:18.360 GMT-0500,1854.352,1850.997,0.0008,0.002
19.03.2020 08:30:18.410 GMT-0500,1853.7220000000002,1851.168,0.002,0.002
19.03.2020 08:30:18.569 GMT-0500,1854.352,1851.1670000000001,0.0008,0.002
19.03.2020 08:30:19.218 GMT-0500,1854.352,1850.997,0.002,0.002
19.03.2020 08:30:19.269 GMT-0500,1851.453,1849.997,0.002,0.002
19.03.2020 08:30:19.383 GMT-0500,1852.6820000000002,1849.9979999999998,0.002,0.002
19.03.2020 08:30:19.433 GMT-0500,1852.683,1850.2279999999998,0.002,0.0008
19.03.2020 08:30:20.328 GMT-0500,1852.5829999999999,1850.997,0.002,0.002
19.03.2020 08:30:20.725 GMT-0500,1852.7420000000002,1850.997,0.002,0.002
19.03.2020 08:30:20.776 GMT-0500,1852.7420000000002,1850.9979999999998,0.002,0.002
19.03.2020 08:30:21.392 GMT-0500,1852.7420000000002,1851.017,0.0008,0.0008
19.03.2020 08:30:21.869 GMT-0500,1854.352,1852.6879999999999,0.002,0.002
19.03.2020 08:30:21.970 GMT-0500,1857.3120000000001,1853.558,0.002,0.002
19.03.2020 08:30:22.021 GMT-0500,1857.3220000000001,1853.5570000000002,0.0008,0.002
19.03.2020 08:30:22.222 GMT-0500,1857.3220000000001,1853.3670000000002,0.0008,0.002
19.03.2020 08:30:22.272 GMT-0500,1857.3220000000001,1854.7870000000003,0.0008,0.002
19.03.2020 08:30:22.516 GMT-0500,1857.3220000000001,1854.7870000000003,0.002,0.002
19.03.2020 08:30:22.923 GMT-0500,1857.2620000000002,1853.9579999999999,0.002,0.002
19.03.2020 08:30:22.973 GMT-0500,1857.263,1853.9579999999999,0.002,0.0008
19.03.2020 08:30:24.067 GMT-0500,1857.263,1853.808,0.002,0.0008
19.03.2020 08:30:24.895 GMT-0500,1857.3220000000001,1853.987,0.002,0.0008
19.03.2020 08:30:25.256 GMT-0500,1857.3220000000001,1853.497,0.0008,0.0008
19.03.2020 08:30:25.495 GMT-0500,1857.3220000000001,1853.4979999999998,0.002,0.002
19.03.2020 08:30:26.034 GMT-0500,1857.3220000000001,1853.9779999999998,0.002,0.002
19.03.2020 08:30:26.174 GMT-0500,1857.3229999999999,1855.4479999999999,0.002,0.0008
19.03.2020 08:30:27.160 GMT-0500,1857.3229999999999,1857.0370000000003,0.0008,0.0008
19.03.2020 08:30:27.211 GMT-0500,1859.3529999999998,1856.348,0.002,0.0008
19.03.2020 08:30:27.380 GMT-0500,1859.352,1855.9679999999998,0.002,0.002
19.03.2020 08:30:28.881 GMT-0500,1859.3529999999998,1857.788,0.002,0.0008
19.03.2020 08:30:28.931 GMT-0500,1859.342,1856.4470000000001,0.0008,0.002
19.03.2020 08:30:29.032 GMT-0500,1859.3429999999998,1858.6070000000002,0.002,0.002
19.03.2020 08:30:29.140 GMT-0500,1859.342,1858.608,0.002,0.002
19.03.2020 08:30:29.304 GMT-0500,1859.342,1857.378,0.002,0.0008
19.03.2020 08:30:29.584 GMT-0500,1859.3429999999998,1857.268,0.002,0.0008
19.03.2020 08:30:33.468 GMT-0500,1858.8029999999999,1857.268,0.0008,0.0008
19.03.2020 08:30:35.973 GMT-0500,1857.263,1853.9979999999998,0.0008,0.0008
19.03.2020 08:30:41.590 GMT-0500,1853.963,1849.997,0.0008,0.002
19.03.2020 08:30:50.154 GMT-0500,1856.3429999999998,1854.528,0.002,0.0008
19.03.2020 08:30:50.505 GMT-0500,1856.003,1854.527,0.0008,0.002
19.03.2020 08:30:53.857 GMT-0500,1855.733,1853.028,0.0008,0.0008
19.03.2020 08:30:54.849 GMT-0500,1855.713,1853.027,0.002,0.002
19.03.2020 08:30:58.743 GMT-0500,1852.433,1849.997,0.0008,0.002
19.03.2020 08:30:58.794 GMT-0500,1852.993,1849.9979999999998,0.002,0.0008
19.03.2020 08:30:59.160 GMT-0500,1851.9920000000002,1849.9979999999998,0.0008,0.002
19.03.2020 08:30:59.983 GMT-0500,1851.9920000000002,1849.9979999999998,0.002,0.002
19.03.2020 08:31:00.033 GMT-0500,1851.5320000000002,1848.9979999999998,0.002,0.002
19.03.2020 08:31:00.151 GMT-0500,1851.923,1848.997,0.002,0.002
19.03.2020 08:31:00.312 GMT-0500,1851.2020000000002,1848.9979999999998,0.002,0.002
19.03.2020 08:31:00.648 GMT-0500,1851.2020000000002,1848.997,0.002,0.002
19.03.2020 08:31:06.545 GMT-0500,1852.453,1848.638,0.002,0.0008
19.03.2020 08:31:07.211 GMT-0500,1852.5729999999999,1850.0079999999998,0.0008,0.0008
19.03.2020 08:31:11.644 GMT-0500,1850.842,1847.247,0.0008,0.002
19.03.2020 08:31:12.508 GMT-0500,1849.413,1847.2479999999998,0.002,0.0008
19.03.2020 08:31:14.435 GMT-0500,1846.902,1842.997,0.0008,0.002
19.03.2020 08:31:15.275 GMT-0500,1850.0020000000002,1846.588,0.002,0.0008
19.03.2020 08:31:25.148 GMT-0500,1845.503,1842.9979999999998,0.002,0.0008
19.03.2020 08:31:25.776 GMT-0500,1845.5020000000002,1842.997,0.0008,0.002
19.03.2020 08:31:25.993 GMT-0500,1846.9820000000002,1842.997,0.0008,0.002
19.03.2020 08:31:27.538 GMT-0500,1846.983,1842.9979999999998,0.002,0.0008
19.03.2020 08:31:29.585 GMT-0500,1846.983,1842.9979999999998,0.002,0.0008
19.03.2020 08:31:31.602 GMT-0500,1846.5420000000001,1842.9979999999998,0.002,0.002
19.03.2020 08:31:31.720 GMT-0500,1846.5420000000001,1844.4979999999998,0.002,0.0008
19.03.2020 08:31:31.821 GMT-0500,1846.533,1842.9979999999998,0.002,0.0008
19.03.2020 08:31:31.871 GMT-0500,1846.533,1843.9979999999998,0.002,0.0008
19.03.2020 08:31:33.233 GMT-0500,1846.533,1844.108,0.002,0.0008
19.03.2020 08:31:33.335 GMT-0500,1846.7220000000002,1844.108,0.002,0.002
19.03.2020 08:31:33.509 GMT-0500,1846.7220000000002,1843.997,0.0008,0.002
19.03.2020 08:31:33.957 GMT-0500,1846.7220000000002,1844.1070000000002,0.0008,0.0008
19.03.2020 08:31:34.088 GMT-0500,1847.0729999999999,1844.1070000000002,0.002,0.002
19.03.2020 08:31:35.387 GMT-0500,1846.5020000000002,1843.997,0.002,0.002
19.03.2020 08:31:35.437 GMT-0500,1845.763,1843.997,0.002,0.002
19.03.2020 08:31:35.488 GMT-0500,1846.493,1843.997,0.002,0.002
19.03.2020 08:31:36.176 GMT-0500,1846.533,1844.108,0.002,0.0008
19.03.2020 08:31:36.391 GMT-0500,1846.533,1844.1070000000002,0.002,0.002
19.03.2020 08:31:36.943 GMT-0500,1846.5220000000002,1845.517,0.0008,0.0008
19.03.2020 08:31:36.994 GMT-0500,1846.9720000000002,1845.517,0.0008,0.002
19.03.2020 08:31:37.140 GMT-0500,1846.9720000000002,1844.1070000000002,0.002,0.002
19.03.2020 08:31:37.190 GMT-0500,1846.713,1844.108,0.002,0.0008
19.03.2020 08:31:37.550 GMT-0500,1846.723,1843.9979999999998,0.002,0.0008
19.03.2020 08:31:37.793 GMT-0500,1846.723,1843.9979999999998,0.002,0.002
19.03.2020 08:31:37.844 GMT-0500,1846.7220000000002,1843.997,0.0008,0.002
19.03.2020 08:31:38.339 GMT-0500,1846.503,1843.997,0.0008,0.002
19.03.2020 08:31:38.866 GMT-0500,1847.0620000000001,1843.997,0.002,0.002
19.03.2020 08:31:38.917 GMT-0500,1847.0620000000001,1843.9979999999998,0.002,0.002
19.03.2020 08:31:39.046 GMT-0500,1846.6329999999998,1843.9979999999998,0.0008,0.0008
19.03.2020 08:31:39.654 GMT-0500,1846.622,1843.997,0.0008,0.002
19.03.2020 08:31:39.754 GMT-0500,1846.842,1843.9979999999998,0.002,0.002
19.03.2020 08:31:40.364 GMT-0500,1847.023,1843.9979999999998,0.002,0.0008
19.03.2020 08:31:40.862 GMT-0500,1846.7320000000002,1843.9979999999998,0.0008,0.002
19.03.2020 08:31:40.963 GMT-0500,1846.7220000000002,1844.1070000000002,0.0008,0.002
19.03.2020 08:31:41.079 GMT-0500,1846.3729999999998,1844.1070000000002,0.0008,0.0008
19.03.2020 08:31:41.129 GMT-0500,1846.733,1843.9979999999998,0.002,0.0008
19.03.2020 08:31:41.224 GMT-0500,1846.733,1843.9979999999998,0.002,0.002
19.03.2020 08:31:41.432 GMT-0500,1846.733,1844.1070000000002,0.0008,0.002
19.03.2020 08:31:41.972 GMT-0500,1845.193,1844.1070000000002,0.0008,0.0008
19.03.2020 08:31:42.022 GMT-0500,1845.9320000000002,1842.9979999999998,0.002,0.002
19.03.2020 08:31:42.257 GMT-0500,1845.933,1843.707,0.002,0.002
19.03.2020 08:31:42.560 GMT-0500,1845.933,1842.997,0.002,0.002
19.03.2020 08:31:42.611 GMT-0500,1845.9320000000002,1843.6770000000001,0.0008,0.002
19.03.2020 08:31:42.967 GMT-0500,1845.933,1842.9979999999998,0.002,0.0008
19.03.2020 08:31:43.488 GMT-0500,1845.933,1842.997,0.002,0.002
19.03.2020 08:31:43.538 GMT-0500,1845.9320000000002,1842.9979999999998,0.002,0.002
19.03.2020 08:31:43.841 GMT-0500,1845.9320000000002,1842.9979999999998,0.002,0.002
19.03.2020 08:31:44.177 GMT-0500,1845.0020000000002,1843.068,0.002,0.0008
19.03.2020 08:31:44.277 GMT-0500,1845.003,1843.0570000000002,0.002,0.002
19.03.2020 08:31:44.328 GMT-0500,1847.003,1843.0570000000002,0.002,0.002
19.03.2020 08:31:44.378 GMT-0500,1847.0020000000002,1844.227,0.0008,0.002
19.03.2020 08:31:44.700 GMT-0500,1846.763,1843.898,0.002,0.0008
19.03.2020 08:31:45.086 GMT-0500,1846.763,1843.8970000000002,0.002,0.002
19.03.2020 08:31:45.705 GMT-0500,1846.862,1843.898,0.002,0.002
19.03.2020 08:31:45.896 GMT-0500,1845.8220000000001,1843.898,0.0008,0.0008
19.03.2020 08:31:45.946 GMT-0500,1845.8220000000001,1842.997,0.0008,0.002
19.03.2020 08:31:46.012 GMT-0500,1845.8120000000001,1842.997,0.0008,0.002
19.03.2020 08:31:47.687 GMT-0500,1845.8120000000001,1844.017,0.0008,0.0008
19.03.2020 08:31:48.068 GMT-0500,1845.8129999999999,1844.017,0.002,0.002
19.03.2020 08:31:48.817 GMT-0500,1845.8120000000001,1842.997,0.0008,0.002
19.03.2020 08:31:49.310 GMT-0500,1845.8120000000001,1844.027,0.0008,0.0008
19.03.2020 08:31:49.991 GMT-0500,1845.8120000000001,1842.9979999999998,0.002,0.002
19.03.2020 08:31:50.050 GMT-0500,1845.003,1842.997,0.002,0.002
19.03.2020 08:31:50.236 GMT-0500,1845.003,1842.9979999999998,0.002,0.0008
19.03.2020 08:31:50.435 GMT-0500,1845.003,1844.098,0.0008,0.0008
19.03.2020 08:31:50.485 GMT-0500,1847.0120000000002,1844.4070000000002,0.0008,0.002
19.03.2020 08:31:50.536 GMT-0500,1846.892,1844.4070000000002,0.0008,0.002
19.03.2020 08:31:50.737 GMT-0500,1847.632,1844.4070000000002,0.0008,0.002
19.03.2020 08:31:51.292 GMT-0500,1846.723,1844.6970000000001,0.002,0.0008
19.03.2020 08:31:51.343 GMT-0500,1846.723,1842.997,0.002,0.002
19.03.2020 08:31:51.408 GMT-0500,1846.723,1842.997,0.002,0.002
19.03.2020 08:31:52.013 GMT-0500,1846.753,1843.9979999999998,0.0008,0.0008
19.03.2020 08:31:52.591 GMT-0500,1845.0020000000002,1843.997,0.0008,0.002
19.03.2020 08:31:52.967 GMT-0500,1844.5020000000002,1842.9979999999998,0.002,0.002
19.03.2020 08:31:53.018 GMT-0500,1845.003,1842.9979999999998,0.002,0.0008
19.03.2020 08:31:53.723 GMT-0500,1844.993,1842.997,0.002,0.002
19.03.2020 08:31:53.893 GMT-0500,1844.9820000000002,1842.997,0.0008,0.002
19.03.2020 08:31:54.451 GMT-0500,1844.973,1842.9979999999998,0.002,0.0008
19.03.2020 08:31:54.765 GMT-0500,1844.973,1842.997,0.002,0.002
19.03.2020 08:31:55.014 GMT-0500,1844.9720000000002,1842.997,0.0008,0.002
19.03.2020 08:31:56.755 GMT-0500,1844.9620000000002,1842.9979999999998,0.002,0.002
19.03.2020 08:31:56.947 GMT-0500,1844.963,1842.997,0.002,0.002
19.03.2020 08:31:57.366 GMT-0500,1844.963,1842.9979999999998,0.002,0.0008
19.03.2020 08:31:57.416 GMT-0500,1844.963,1843.1870000000001,0.002,0.002
19.03.2020 08:31:57.525 GMT-0500,1844.963,1843.2079999999999,0.002,0.0008
19.03.2020 08:31:57.730 GMT-0500,1844.963,1843.217,0.002,0.0008
19.03.2020 08:31:57.924 GMT-0500,1844.963,1843.2179999999998,0.002,0.0008
19.03.2020 08:31:58.074 GMT-0500,1844.953,1843.217,0.002,0.002
19.03.2020 08:31:59.288 GMT-0500,1844.092,1843.2179999999998,0.002,0.002
19.03.2020 08:31:59.339 GMT-0500,1844.9520000000002,1843.2179999999998,0.002,0.002
19.03.2020 08:31:59.389 GMT-0500,1844.943,1843.2179999999998,0.002,0.0008
19.03.2020 08:31:59.653 GMT-0500,1844.9320000000002,1843.2179999999998,0.0008,0.002
19.03.2020 08:32:00.682 GMT-0500,1844.933,1843.217,0.002,0.002
19.03.2020 08:32:00.783 GMT-0500,1844.9220000000003,1843.2179999999998,0.002,0.002
19.03.2020 08:32:00.925 GMT-0500,1844.903,1843.2179999999998,0.0008,0.0008
19.03.2020 08:32:01.289 GMT-0500,1844.902,1843.217,0.0008,0.002
19.03.2020 08:32:01.897 GMT-0500,1844.902,1843.217,0.002,0.002
19.03.2020 08:32:02.102 GMT-0500,1846.5629999999999,1843.217,0.002,0.002
19.03.2020 08:32:03.193 GMT-0500,1844.983,1842.477,0.002,0.002
19.03.2020 08:32:03.244 GMT-0500,1845.973,1842.477,0.002,0.002
19.03.2020 08:32:04.284 GMT-0500,1845.973,1842.4779999999998,0.002,0.0008
19.03.2020 08:32:04.871 GMT-0500,1845.003,1842.477,0.002,0.002
19.03.2020 08:32:05.063 GMT-0500,1845.003,1842.4779999999998,0.002,0.0008
19.03.2020 08:32:05.461 GMT-0500,1844.993,1842.477,0.0008,0.002
19.03.2020 08:32:05.744 GMT-0500,1844.983,1843.017,0.002,0.0008
19.03.2020 08:32:06.082 GMT-0500,1844.983,1843.018,0.002,0.0008
19.03.2020 08:32:06.714 GMT-0500,1844.9820000000002,1842.4779999999998,0.002,0.002
19.03.2020 08:32:07.278 GMT-0500,1844.0720000000001,1842.4779999999998,0.0008,0.002
19.03.2020 08:32:07.871 GMT-0500,1844.0629999999999,1842.477,0.0008,0.002
19.03.2020 08:32:08.472 GMT-0500,1844.0529999999999,1842.4779999999998,0.0008,0.0008
19.03.2020 08:32:09.084 GMT-0500,1844.0529999999999,1842.477,0.002,0.002
19.03.2020 08:32:10.120 GMT-0500,1844.043,1842.4779999999998,0.002,0.0008
19.03.2020 08:32:10.301 GMT-0500,1843.643,1842.477,0.002,0.002
19.03.2020 08:32:11.187 GMT-0500,1843.632,1842.477,0.0008,0.002
19.03.2020 08:32:12.019 GMT-0500,1843.0729999999999,1842.497,0.0008,0.0008
19.03.2020 08:32:12.069 GMT-0500,1843.6329999999998,1841.548,0.002,0.0008
19.03.2020 08:32:12.120 GMT-0500,1843.0620000000001,1841.5470000000003,0.0008,0.002
19.03.2020 08:32:12.706 GMT-0500,1843.013,1841.5470000000003,0.002,0.002
19.03.2020 08:32:14.196 GMT-0500,1843.013,1841.548,0.002,0.0008
19.03.2020 08:32:15.100 GMT-0500,1843.0120000000002,1841.5470000000003,0.002,0.002
19.03.2020 08:32:15.509 GMT-0500,1842.993,1841.997,0.002,0.0008
19.03.2020 08:32:15.610 GMT-0500,1842.993,1841.5470000000003,0.002,0.002
19.03.2020 08:32:15.683 GMT-0500,1844.5729999999999,1841.5470000000003,0.002,0.002
19.03.2020 08:32:16.482 GMT-0500,1844.122,1841.548,0.002,0.002
19.03.2020 08:32:17.735 GMT-0500,1844.122,1841.5470000000003,0.002,0.002
19.03.2020 08:32:18.637 GMT-0500,1843.9920000000002,1841.548,0.002,0.002
19.03.2020 08:32:18.687 GMT-0500,1843.993,1841.548,0.002,0.0008
19.03.2020 08:32:22.064 GMT-0500,1844.0020000000002,1841.5470000000003,0.0008,0.002
19.03.2020 08:32:23.293 GMT-0500,1843.9820000000002,1841.5470000000003,0.0008,0.002
19.03.2020 08:32:26.025 GMT-0500,1843.9820000000002,1841.548,0.002,0.002
19.03.2020 08:32:26.075 GMT-0500,1843.993,1841.5470000000003,0.002,0.002
19.03.2020 08:32:26.398 GMT-0500,1844.003,1841.5470000000003,0.002,0.002
19.03.2020 08:32:26.868 GMT-0500,1842.9420000000002,1839.9979999999998,0.002,0.002
19.03.2020 08:32:28.783 GMT-0500,1843.243,1839.997,0.002,0.002
19.03.2020 08:32:28.899 GMT-0500,1843.243,1839.9979999999998,0.002,0.0008
19.03.2020 08:32:29.238 GMT-0500,1842.943,1841.4370000000001,0.002,0.0008
19.03.2020 08:32:29.289 GMT-0500,1842.943,1839.997,0.002,0.002
19.03.2020 08:32:29.700 GMT-0500,1842.8829999999998,1839.997,0.0008,0.002
19.03.2020 08:32:29.801 GMT-0500,1842.173,1839.997,0.002,0.002
19.03.2020 08:32:29.913 GMT-0500,1842.0020000000002,1839.9979999999998,0.002,0.002
19.03.2020 08:32:29.964 GMT-0500,1842.993,1839.997,0.002,0.002
19.03.2020 08:32:30.829 GMT-0500,1842.993,1839.997,0.002,0.002
19.03.2020 08:32:30.880 GMT-0500,1842.1329999999998,1839.997,0.002,0.002
19.03.2020 08:32:32.094 GMT-0500,1842.1329999999998,1839.9979999999998,0.0008,0.0008
19.03.2020 08:32:32.145 GMT-0500,1842.842,1839.9979999999998,0.002,0.002
19.03.2020 08:32:32.288 GMT-0500,1842.2620000000002,1839.9979999999998,0.0008,0.002
19.03.2020 08:32:32.427 GMT-0500,1842.1820000000002,1839.997,0.0008,0.002
19.03.2020 08:32:32.777 GMT-0500,1842.203,1839.997,0.002,0.002
19.03.2020 08:32:33.071 GMT-0500,1842.842,1839.997,0.0008,0.002
19.03.2020 08:32:33.207 GMT-0500,1842.013,1839.997,0.0008,0.002
19.03.2020 08:32:33.307 GMT-0500,1842.0220000000002,1839.9979999999998,0.002,0.002
19.03.2020 08:32:33.358 GMT-0500,1842.013,1839.9979999999998,0.002,0.0008
19.03.2020 08:32:33.490 GMT-0500,1841.993,1839.997,0.002,0.002
19.03.2020 08:32:34.123 GMT-0500,1841.993,1839.9979999999998,0.0008,0.0008
19.03.2020 08:32:34.174 GMT-0500,1842.0020000000002,1839.9979999999998,0.002,0.002
19.03.2020 08:32:34.346 GMT-0500,1841.9920000000002,1839.9979999999998,0.002,0.002
19.03.2020 08:32:37.218 GMT-0500,1840.193,1838.757,0.002,0.002
19.03.2020 08:32:37.268 GMT-0500,1841.622,1839.098,0.002,0.002
19.03.2020 08:32:37.883 GMT-0500,1841.112,1839.098,0.0008,0.002
19.03.2020 08:32:38.888 GMT-0500,1841.0929999999998,1839.0970000000002,0.002,0.002
19.03.2020 08:32:39.280 GMT-0500,1841.0929999999998,1839.098,0.002,0.0008
19.03.2020 08:32:39.478 GMT-0500,1841.112,1839.098,0.002,0.002
19.03.2020 08:32:39.938 GMT-0500,1840.6229999999998,1838.747,0.002,0.002
19.03.2020 08:32:41.485 GMT-0500,1840.693,1838.207,0.002,0.002
19.03.2020 08:32:42.459 GMT-0500,1842.8429999999998,1839.007,0.002,0.0008
19.03.2020 08:32:45.318 GMT-0500,1840.6129999999998,1836.6779999999999,0.002,0.0008
19.03.2020 08:32:45.368 GMT-0500,1840.612,1837.9379999999999,0.002,0.002
19.03.2020 08:32:45.603 GMT-0500,1840.0020000000002,1836.608,0.002,0.002
19.03.2020 08:32:46.505 GMT-0500,1840.003,1838.017,0.0008,0.002
19.03.2020 08:32:49.746 GMT-0500,1839.9920000000002,1838.1970000000001,0.0008,0.0008
19.03.2020 08:32:50.351 GMT-0500,1839.892,1838.1970000000001,0.0008,0.002
19.03.2020 08:32:51.414 GMT-0500,1839.0420000000001,1838.0320000000002,0.0008,0.0008
19.03.2020 08:32:52.394 GMT-0500,1839.0420000000001,1837.997,0.0008,0.002
19.03.2020 08:32:52.444 GMT-0500,1838.2620000000002,1834.9979999999998,0.002,0.002
19.03.2020 08:32:53.207 GMT-0500,1839.9120000000003,1836.7579999999998,0.002,0.0008
19.03.2020 08:32:54.205 GMT-0500,1838.993,1837.027,0.002,0.002
19.03.2020 08:32:54.329 GMT-0500,1838.993,1837.038,0.002,0.0008
19.03.2020 08:32:54.479 GMT-0500,1838.8029999999999,1834.997,0.002,0.002
19.03.2020 08:32:54.736 GMT-0500,1838.95,1837.078,0.0008,0.0008
19.03.2020 08:32:55.600 GMT-0500,1838.773,1837.098,0.002,0.0008
19.03.2020 08:32:55.933 GMT-0500,1838.753,1837.098,0.002,0.0008
19.03.2020 08:32:56.542 GMT-0500,1838.7320000000002,1837.118,0.002,0.002
19.03.2020 08:32:57.189 GMT-0500,1838.8020000000001,1837.1270000000002,0.0008,0.002
19.03.2020 08:32:57.395 GMT-0500,1839.9420000000002,1837.1270000000002,0.0008,0.002
19.03.2020 08:32:57.737 GMT-0500,1839.892,1837.007,0.0008,0.002
19.03.2020 08:32:58.122 GMT-0500,1839.893,1837.007,0.002,0.002
19.03.2020 08:32:58.485 GMT-0500,1839.893,1837.098,0.002,0.0008
19.03.2020 08:32:58.685 GMT-0500,1839.892,1837.6970000000001,0.0008,0.002
19.03.2020 08:32:59.150 GMT-0500,1839.892,1837.6970000000001,0.002,0.002
19.03.2020 08:33:01.420 GMT-0500,1838.5529999999999,1834.997,0.0008,0.002
19.03.2020 08:33:02.125 GMT-0500,1838.033,1834.9979999999998,0.002,0.0008
19.03.2020 08:33:02.274 GMT-0500,1838.033,1837.007,0.0008,0.0008
19.03.2020 08:33:02.324 GMT-0500,1838.0729999999999,1834.9979999999998,0.002,0.0008
19.03.2020 08:33:02.382 GMT-0500,1837.8229999999999,1834.9979999999998,0.0008,0.0008
19.03.2020 08:33:02.526 GMT-0500,1838.0729999999999,1834.997,0.002,0.002
19.03.2020 08:33:02.576 GMT-0500,1838.0729999999999,1836.3970000000002,0.002,0.002
19.03.2020 08:33:03.688 GMT-0500,1837.8129999999999,1834.9979999999998,0.002,0.0008
19.03.2020 08:33:03.887 GMT-0500,1837.2320000000002,1834.9979999999998,0.0008,0.002
19.03.2020 08:33:04.014 GMT-0500,1837.2320000000002,1834.997,0.002,0.002
19.03.2020 08:33:04.115 GMT-0500,1836.523,1834.9979999999998,0.002,0.0008
19.03.2020 08:33:04.165 GMT-0500,1837.223,1834.997,0.002,0.002
19.03.2020 08:33:04.243 GMT-0500,1837.203,1834.9979999999998,0.002,0.0008
19.03.2020 08:33:06.585 GMT-0500,1837.1820000000002,1834.9979999999998,0.0008,0.002
19.03.2020 08:33:07.919 GMT-0500,1836.832,1834.9979999999998,0.0008,0.002
19.03.2020 08:33:08.344 GMT-0500,1839.0020000000002,1836.747,0.0008,0.002
19.03.2020 08:33:08.638 GMT-0500,1838.893,1836.747,0.002,0.002
19.03.2020 08:33:08.746 GMT-0500,1838.893,1836.268,0.002,0.002
19.03.2020 08:33:08.797 GMT-0500,1838.8829999999998,1836.268,0.002,0.0008
19.03.2020 08:33:09.161 GMT-0500,1838.882,1834.997,0.0008,0.002
19.03.2020 08:33:09.211 GMT-0500,1838.8829999999998,1836.1070000000002,0.002,0.002
19.03.2020 08:33:09.557 GMT-0500,1838.0020000000002,1834.997,0.0008,0.002
19.03.2020 08:33:09.906 GMT-0500,1838.0020000000002,1835.4779999999998,0.002,0.002
19.03.2020 08:33:10.588 GMT-0500,1839.003,1835.477,0.002,0.002
19.03.2020 08:33:10.892 GMT-0500,1839.003,1836.1070000000002,0.002,0.0008
19.03.2020 08:33:10.992 GMT-0500,1839.0020000000002,1836.1070000000002,0.0008,0.002
19.03.2020 08:33:11.096 GMT-0500,1839.0020000000002,1837.278,0.002,0.0008
19.03.2020 08:33:11.147 GMT-0500,1838.7920000000001,1836.9579999999999,0.002,0.002
19.03.2020 08:33:11.281 GMT-0500,1838.7920000000001,1835.4779999999998,0.002,0.002
19.03.2020 08:33:11.932 GMT-0500,1838.7920000000001,1837.3470000000002,0.0008,0.0008
19.03.2020 08:33:11.983 GMT-0500,1840.7720000000002,1837.6370000000002,0.0008,0.002
19.03.2020 08:33:12.209 GMT-0500,1839.523,1837.6370000000002,0.0008,0.002
19.03.2020 08:33:12.593 GMT-0500,1839.523,1838.6070000000002,0.0008,0.0008
19.03.2020 08:33:12.643 GMT-0500,1839.642,1838.038,0.002,0.002
19.03.2020 08:33:12.985 GMT-0500,1839.642,1838.398,0.002,0.002
19.03.2020 08:33:13.170 GMT-0500,1840.7220000000002,1837.3470000000002,0.0008,0.002
19.03.2020 08:33:13.378 GMT-0500,1839.0120000000002,1835.4779999999998,0.002,0.002
19.03.2020 08:33:14.054 GMT-0500,1839.003,1835.477,0.002,0.002
19.03.2020 08:33:14.104 GMT-0500,1837.6720000000003,1835.4779999999998,0.002,0.002
19.03.2020 08:33:14.155 GMT-0500,1838.2920000000001,1835.4779999999998,0.002,0.002
19.03.2020 08:33:14.305 GMT-0500,1838.2920000000001,1836.118,0.002,0.0008
19.03.2020 08:33:14.675 GMT-0500,1838.5620000000001,1836.1170000000002,0.0008,0.002
19.03.2020 08:33:14.840 GMT-0500,1838.523,1836.1170000000002,0.0008,0.002
19.03.2020 08:33:15.087 GMT-0500,1838.513,1836.118,0.0008,0.0008
19.03.2020 08:33:15.437 GMT-0500,1838.4920000000002,1836.118,0.0008,0.002
19.03.2020 08:33:15.777 GMT-0500,1838.4920000000002,1836.1170000000002,0.002,0.002
19.03.2020 08:33:16.006 GMT-0500,1838.3029999999999,1836.5770000000002,0.002,0.002
19.03.2020 08:33:16.174 GMT-0500,1838.3020000000001,1836.578,0.002,0.0008
19.03.2020 08:33:16.225 GMT-0500,1838.3020000000001,1836.128,0.002,0.002
19.03.2020 08:33:16.275 GMT-0500,1838.293,1836.1270000000002,0.002,0.002
19.03.2020 08:33:17.161 GMT-0500,1838.2920000000001,1836.1270000000002,0.0008,0.002
19.03.2020 08:33:17.907 GMT-0500,1838.3029999999999,1836.128,0.002,0.0008
19.03.2020 08:33:19.041 GMT-0500,1838.2920000000001,1836.128,0.0008,0.002
19.03.2020 08:33:19.269 GMT-0500,1838.2920000000001,1835.4779999999998,0.002,0.002
19.03.2020 08:33:19.553 GMT-0500,1838.2920000000001,1835.477,0.002,0.002
19.03.2020 08:33:19.604 GMT-0500,1836.8629999999998,1835.4779999999998,0.002,0.0008
19.03.2020 08:33:19.733 GMT-0500,1837.42,1835.4779999999998,0.0008,0.0008
19.03.2020 08:33:21.605 GMT-0500,1838.463,1834.9979999999998,0.002,0.0008
19.03.2020 08:33:21.655 GMT-0500,1836.862,1834.997,0.0008,0.002
19.03.2020 08:33:22.779 GMT-0500,1835.913,1833.007,0.002,0.002
19.03.2020 08:33:23.157 GMT-0500,1835.9320000000002,1833.007,0.002,0.002
19.03.2020 08:33:24.412 GMT-0500,1835.9320000000002,1833.0079999999998,0.002,0.002
19.03.2020 08:33:24.462 GMT-0500,1835.913,1833.007,0.002,0.002
19.03.2020 08:33:25.109 GMT-0500,1835.913,1833.0079999999998,0.002,0.0008
19.03.2020 08:33:25.758 GMT-0500,1835.9320000000002,1833.0079999999998,0.002,0.002
19.03.2020 08:33:26.080 GMT-0500,1835.852,1833.0079999999998,0.0008,0.002
19.03.2020 08:33:29.520 GMT-0500,1835.933,1833.0079999999998,0.002,0.0008
19.03.2020 08:33:29.671 GMT-0500,1836.723,1834.4479999999999,0.002,0.0008
19.03.2020 08:33:29.943 GMT-0500,1836.723,1833.007,0.0008,0.002
19.03.2020 08:33:32.365 GMT-0500,1835.852,1833.0079999999998,0.0008,0.002
19.03.2020 08:33:34.559 GMT-0500,1834.993,1833.007,0.002,0.002
19.03.2020 08:33:35.109 GMT-0500,1835.398,1833.0079999999998,0.0008,0.0008
19.03.2020 08:33:35.631 GMT-0500,1834.993,1833.0079999999998,0.002,0.0008
19.03.2020 08:33:39.591 GMT-0500,1834.443,1833.007,0.002,0.002
19.03.2020 08:33:39.642 GMT-0500,1834.7220000000002,1833.007,0.0008,0.002
19.03.2020 08:33:41.052 GMT-0500,1835.393,1833.8770000000002,0.002,0.002
19.03.2020 08:33:41.724 GMT-0500,1834.5729999999999,1833.0079999999998,0.0008,0.0008
19.03.2020 08:33:42.536 GMT-0500,1835.1029999999998,1833.0079999999998,0.0008,0.0008
19.03.2020 08:33:43.065 GMT-0500,1834.033,1833.0079999999998,0.0008,0.0008
19.03.2020 08:33:43.115 GMT-0500,1835.102,1833.007,0.0008,0.002
19.03.2020 08:33:44.493 GMT-0500,1835.102,1833.007,0.0008,0.002
19.03.2020 08:33:44.543 GMT-0500,1835.1029999999998,1833.0079999999998,0.002,0.0008
19.03.2020 08:33:44.764 GMT-0500,1835.1029999999998,1833.0079999999998,0.002,0.002
19.03.2020 08:33:44.815 GMT-0500,1835.1029999999998,1833.4979999999998,0.002,0.0008
19.03.2020 08:33:44.865 GMT-0500,1835.0020000000002,1833.6070000000002,0.0008,0.002
19.03.2020 08:33:44.915 GMT-0500,1835.0020000000002,1833.007,0.0008,0.002
19.03.2020 08:33:45.045 GMT-0500,1834.592,1833.007,0.0008,0.002
19.03.2020 08:33:45.342 GMT-0500,1834.9920000000002,1833.007,0.002,0.002
19.03.2020 08:33:45.492 GMT-0500,1835.6229999999998,1833.4470000000001,0.002,0.002
19.03.2020 08:33:45.753 GMT-0500,1835.173,1833.018,0.002,0.0008
19.03.2020 08:33:45.909 GMT-0500,1834.993,1833.018,0.002,0.0008
19.03.2020 08:33:46.407 GMT-0500,1834.993,1833.0079999999998,0.002,0.002
19.03.2020 08:33:46.457 GMT-0500,1834.993,1833.0079999999998,0.002,0.0008
19.03.2020 08:33:47.485 GMT-0500,1834.993,1833.767,0.0008,0.0008
19.03.2020 08:33:49.674 GMT-0500,1835.8629999999998,1834.1879999999999,0.0008,0.0008
19.03.2020 08:33:51.126 GMT-0500,1836.4120000000003,1834.1879999999999,0.002,0.002
19.03.2020 08:33:52.103 GMT-0500,1835.463,1833.007,0.002,0.002
19.03.2020 08:33:52.177 GMT-0500,1835.4620000000002,1833.808,0.002,0.002
19.03.2020 08:33:52.979 GMT-0500,1835.4620000000002,1833.0079999999998,0.002,0.002
19.03.2020 08:33:53.030 GMT-0500,1835.243,1833.007,0.002,0.002
19.03.2020 08:33:53.166 GMT-0500,1835.2420000000002,1833.0079999999998,0.002,0.002
19.03.2020 08:33:53.495 GMT-0500,1835.4879999999998,1834.4270000000001,0.0008,0.0008
19.03.2020 08:33:53.596 GMT-0500,1837.9620000000002,1835.717,0.0008,0.002
19.03.2020 08:33:53.896 GMT-0500,1837.5529999999999,1835.7179999999998,0.002,0.0008
19.03.2020 08:33:54.695 GMT-0500,1837.7220000000002,1835.778,0.002,0.002
19.03.2020 08:33:54.958 GMT-0500,1837.7220000000002,1836.418,0.002,0.0008
19.03.2020 08:33:55.009 GMT-0500,1840.003,1836.6070000000002,0.002,0.002
19.03.2020 08:33:56.632 GMT-0500,1838.8220000000001,1836.6070000000002,0.0008,0.002
19.03.2020 08:33:56.733 GMT-0500,1840.0020000000002,1836.6070000000002,0.0008,0.002
19.03.2020 08:33:56.864 GMT-0500,1838.663,1836.608,0.002,0.0008
19.03.2020 08:33:57.224 GMT-0500,1838.6620000000003,1836.608,0.002,0.002
19.03.2020 08:33:57.275 GMT-0500,1841.283,1839.007,0.002,0.002
19.03.2020 08:33:58.151 GMT-0500,1839.902,1837.078,0.002,0.002
19.03.2020 08:34:00.079 GMT-0500,1839.8120000000001,1836.977,0.0008,0.002
19.03.2020 08:34:00.266 GMT-0500,1839.903,1836.977,0.0008,0.002
19.03.2020 08:34:03.594 GMT-0500,1836.372,1833.4370000000001,0.0008,0.002
19.03.2020 08:34:03.645 GMT-0500,1836.9920000000002,1833.4379999999999,0.002,0.002
19.03.2020 08:34:04.366 GMT-0500,1836.9920000000002,1833.4370000000001,0.002,0.002
19.03.2020 08:34:06.790 GMT-0500,1836.9420000000002,1833.4379999999999,0.002,0.002
19.03.2020 08:34:06.942 GMT-0500,1836.273,1833.4370000000001,0.002,0.002
19.03.2020 08:34:07.999 GMT-0500,1836.862,1834.298,0.0008,0.002
19.03.2020 08:34:08.049 GMT-0500,1836.8729999999998,1834.298,0.002,0.0008
19.03.2020 08:34:08.505 GMT-0500,1836.8729999999998,1833.4379999999999,0.002,0.0008
19.03.2020 08:34:08.744 GMT-0500,1836.872,1833.4379999999999,0.002,0.002
19.03.2020 08:34:09.202 GMT-0500,1839.3829999999998,1836.227,0.002,0.002
19.03.2020 08:34:10.590 GMT-0500,1838.9920000000002,1836.207,0.0008,0.002
19.03.2020 08:34:11.497 GMT-0500,1838.9720000000002,1836.2079999999999,0.002,0.002
19.03.2020 08:34:13.833 GMT-0500,1838.913,1834.997,0.002,0.002
19.03.2020 08:34:13.884 GMT-0500,1838.9320000000002,1834.9979999999998,0.002,0.002
19.03.2020 08:34:14.493 GMT-0500,1836.0829999999999,1835.2970000000003,0.002,0.002
19.03.2020 08:34:14.963 GMT-0500,1837.082,1834.9979999999998,0.002,0.002
19.03.2020 08:34:15.617 GMT-0500,1837.0420000000001,1834.9979999999998,0.0008,0.002
19.03.2020 08:34:16.147 GMT-0500,1835.503,1833.4370000000001,0.002,0.002
19.03.2020 08:34:16.399 GMT-0500,1835.493,1833.4379999999999,0.002,0.0008
19.03.2020 08:34:16.565 GMT-0500,1835.043,1833.4370000000001,0.002,0.002
19.03.2020 08:34:17.317 GMT-0500,1835.993,1833.4479999999999,0.002,0.0008
19.03.2020 08:34:19.764 GMT-0500,1836.243,1835.007,0.002,0.002
19.03.2020 08:34:19.925 GMT-0500,1837.9820000000002,1835.4270000000001,0.0008,0.002
19.03.2020 08:34:20.307 GMT-0500,1837.9820000000002,1836.9579999999999,0.0008,0.0008
19.03.2020 08:34:20.357 GMT-0500,1839.003,1836.9579999999999,0.002,0.0008
19.03.2020 08:34:21.349 GMT-0500,1839.0020000000002,1836.967,0.0008,0.002
19.03.2020 08:34:21.450 GMT-0500,1839.003,1837.1870000000001,0.002,0.002
19.03.2020 08:34:21.580 GMT-0500,1839.003,1838.098,0.0008,0.0008
19.03.2020 08:34:21.631 GMT-0500,1841.293,1838.098,0.002,0.0008
19.03.2020 08:34:21.946 GMT-0500,1841.293,1839.4979999999998,0.002,0.0008
19.03.2020 08:34:22.046 GMT-0500,1841.0720000000001,1838.618,0.002,0.002
19.03.2020 08:34:22.820 GMT-0500,1841.0720000000001,1839.838,0.0008,0.0008
19.03.2020 08:34:31.429 GMT-0500,1843.5520000000001,1840.5079999999998,0.002,0.0008
19.03.2020 08:34:32.559 GMT-0500,1843.5520000000001,1839.6779999999999,0.002,0.0008
19.03.2020 08:34:33.947 GMT-0500,1843.5529999999999,1839.6779999999999,0.002,0.002
19.03.2020 08:34:33.998 GMT-0500,1843.5420000000001,1839.6779999999999,0.002,0.002
19.03.2020 08:34:34.168 GMT-0500,1843.5520000000001,1839.6770000000001,0.0008,0.002
19.03.2020 08:34:34.218 GMT-0500,1843.5420000000001,1839.6779999999999,0.002,0.002
19.03.2020 08:34:34.744 GMT-0500,1843.5420000000001,1840.8270000000002,0.0008,0.002
19.03.2020 08:34:35.708 GMT-0500,1843.423,1840.8270000000002,0.0008,0.0008
19.03.2020 08:34:35.758 GMT-0500,1843.423,1839.6779999999999,0.002,0.0008
19.03.2020 08:34:36.583 GMT-0500,1841.9220000000003,1838.1870000000001,0.0008,0.002
19.03.2020 08:34:36.690 GMT-0500,1841.9220000000003,1838.1870000000001,0.002,0.002
19.03.2020 08:34:36.945 GMT-0500,1840.393,1838.1870000000001,0.002,0.0008
19.03.2020 08:34:37.402 GMT-0500,1840.403,1838.1870000000001,0.002,0.002
19.03.2020 08:34:38.593 GMT-0500,1840.392,1838.1870000000001,0.0008,0.002
19.03.2020 08:34:39.929 GMT-0500,1839.913,1837.3070000000002,0.002,0.002
19.03.2020 08:34:40.628 GMT-0500,1839.9220000000003,1837.308,0.002,0.002
19.03.2020 08:34:40.765 GMT-0500,1839.9220000000003,1835.9879999999998,0.002,0.002
19.03.2020 08:34:41.252 GMT-0500,1839.9220000000003,1838.308,0.002,0.0008
19.03.2020 08:34:47.293 GMT-0500,1843.993,1839.9979999999998,0.002,0.0008
19.03.2020 08:34:47.591 GMT-0500,1843.993,1840.007,0.002,0.0008
19.03.2020 08:34:49.030 GMT-0500,1843.993,1839.997,0.002,0.002
19.03.2020 08:34:51.035 GMT-0500,1843.9920000000002,1841.018,0.002,0.002
19.03.2020 08:34:51.458 GMT-0500,1843.9920000000002,1841.027,0.0008,0.0008
19.03.2020 08:34:52.717 GMT-0500,1844.543,1843.3570000000002,0.002,0.002
19.03.2020 08:34:56.813 GMT-0500,1846.5420000000001,1843.747,0.0008,0.002
19.03.2020 08:35:01.383 GMT-0500,1845.0020000000002,1842.507,0.0008,0.0008
19.03.2020 08:35:01.434 GMT-0500,1845.0020000000002,1842.288,0.002,0.002
19.03.2020 08:35:01.875 GMT-0500,1844.5120000000002,1842.2870000000003,0.0008,0.002
19.03.2020 08:35:01.925 GMT-0500,1845.0020000000002,1842.288,0.002,0.002
19.03.2020 08:35:02.386 GMT-0500,1845.003,1842.298,0.002,0.0008
19.03.2020 08:35:02.505 GMT-0500,1845.003,1842.298,0.002,0.0008
19.03.2020 08:35:02.555 GMT-0500,1845.0020000000002,1842.298,0.002,0.002
19.03.2020 08:35:03.495 GMT-0500,1845.0020000000002,1843.148,0.002,0.0008
19.03.2020 08:35:03.595 GMT-0500,1845.0020000000002,1842.517,0.0008,0.002
19.03.2020 08:35:04.831 GMT-0500,1846.5120000000002,1843.1870000000001,0.0008,0.002
19.03.2020 08:35:06.670 GMT-0500,1844.402,1842.518,0.002,0.002
19.03.2020 08:35:07.743 GMT-0500,1844.403,1840.838,0.002,0.0008
19.03.2020 08:35:07.982 GMT-0500,1844.392,1840.838,0.002,0.002
19.03.2020 08:35:08.144 GMT-0500,1844.402,1840.8370000000002,0.0008,0.002
19.03.2020 08:35:08.920 GMT-0500,1844.402,1843.2420000000002,0.0008,0.0008
19.03.2020 08:35:08.970 GMT-0500,1844.5829999999999,1843.3270000000002,0.002,0.002
19.03.2020 08:35:09.282 GMT-0500,1846.513,1843.888,0.002,0.0008
19.03.2020 08:35:09.333 GMT-0500,1845.923,1843.888,0.002,0.0008
19.03.2020 08:35:09.714 GMT-0500,1845.923,1843.8870000000002,0.0008,0.002
19.03.2020 08:35:09.765 GMT-0500,1846.513,1843.8870000000002,0.002,0.002
19.03.2020 08:35:10.659 GMT-0500,1846.5120000000002,1845.4979999999998,0.002,0.002
19.03.2020 08:35:10.710 GMT-0500,1847.6329999999998,1846.2179999999998,0.002,0.0008
19.03.2020 08:35:11.926 GMT-0500,1848.842,1845.6270000000002,0.0008,0.0008
19.03.2020 08:35:12.260 GMT-0500,1847.993,1845.618,0.002,0.0008
19.03.2020 08:35:12.506 GMT-0500,1847.9920000000002,1845.788,0.002,0.0008
19.03.2020 08:35:12.788 GMT-0500,1847.372,1845.618,0.002,0.002
19.03.2020 08:35:16.099 GMT-0500,1850.0020000000002,1846.6779999999999,0.002,0.0008
19.03.2020 08:35:16.216 GMT-0500,1850.003,1847.648,0.002,0.0008
19.03.2020 08:35:16.266 GMT-0500,1850.003,1846.527,0.002,0.002
19.03.2020 08:35:16.821 GMT-0500,1850.003,1846.6979999999999,0.002,0.0008
19.03.2020 08:35:16.972 GMT-0500,1850.003,1846.378,0.002,0.0008
19.03.2020 08:35:17.302 GMT-0500,1850.003,1846.1170000000002,0.002,0.002
19.03.2020 08:35:17.352 GMT-0500,1848.423,1846.1170000000002,0.002,0.002
19.03.2020 08:35:17.620 GMT-0500,1848.4320000000002,1846.1170000000002,0.002,0.002
19.03.2020 08:35:20.460 GMT-0500,1848.4320000000002,1845.9479999999999,0.002,0.002
19.03.2020 08:35:20.510 GMT-0500,1847.2820000000002,1843.4579999999999,0.002,0.002
19.03.2020 08:35:20.561 GMT-0500,1847.2820000000002,1845.028,0.002,0.002
19.03.2020 08:35:21.452 GMT-0500,1847.0829999999999,1845.028,0.0008,0.0008
19.03.2020 08:35:22.261 GMT-0500,1847.0929999999998,1845.028,0.0008,0.0008
19.03.2020 08:35:24.263 GMT-0500,1847.092,1845.028,0.002,0.002
19.03.2020 08:35:24.558 GMT-0500,1847.092,1844.5079999999998,0.002,0.002
19.03.2020 08:35:24.690 GMT-0500,1847.0929999999998,1844.5079999999998,0.002,0.002
19.03.2020 08:35:25.545 GMT-0500,1846.9220000000003,1845.308,0.002,0.0008
19.03.2020 08:35:25.595 GMT-0500,1846.923,1845.0470000000003,0.002,0.002
19.03.2020 08:35:25.925 GMT-0500,1846.923,1845.0079999999998,0.002,0.002
19.03.2020 08:35:26.075 GMT-0500,1846.3329999999999,1845.007,0.002,0.002
19.03.2020 08:35:26.824 GMT-0500,1846.332,1845.007,0.0008,0.0008
19.03.2020 08:35:27.067 GMT-0500,1846.5520000000001,1844.6879999999999,0.002,0.002
19.03.2020 08:35:28.124 GMT-0500,1846.5529999999999,1845.0470000000003,0.002,0.002
19.03.2020 08:35:28.851 GMT-0500,1845.793,1842.4070000000002,0.002,0.002
19.03.2020 08:35:28.902 GMT-0500,1846.2720000000002,1844.1670000000001,0.0008,0.002
19.03.2020 08:35:29.338 GMT-0500,1846.2720000000002,1844.1870000000001,0.0008,0.0008
19.03.2020 08:35:29.389 GMT-0500,1846.2820000000002,1844.1870000000001,0.0008,0.002
19.03.2020 08:35:29.884 GMT-0500,1846.2820000000002,1844.1879999999999,0.002,0.002
19.03.2020 08:35:30.356 GMT-0500,1850.0020000000002,1846.5570000000002,0.0008,0.002
19.03.2020 08:35:30.440 GMT-0500,1850.0020000000002,1846.558,0.002,0.002
19.03.2020 08:35:30.612 GMT-0500,1848.4820000000002,1847.658,0.002,0.002
19.03.2020 08:35:30.662 GMT-0500,1850.0020000000002,1846.568,0.002,0.002
19.03.2020 08:35:30.983 GMT-0500,1850.0020000000002,1847.1370000000002,0.0008,0.0008
19.03.2020 08:35:31.323 GMT-0500,1850.0020000000002,1848.528,0.002,0.0008
19.03.2020 08:35:31.374 GMT-0500,1850.003,1847.527,0.002,0.002
19.03.2020 08:35:32.278 GMT-0500,1850.003,1849.528,0.0008,0.0008
19.03.2020 08:35:32.329 GMT-0500,1852.003,1849.528,0.002,0.0008
19.03.2020 08:35:32.880 GMT-0500,1852.003,1849.918,0.002,0.0008
19.03.2020 08:35:33.213 GMT-0500,1852.0020000000002,1849.5970000000002,0.0008,0.002
19.03.2020 08:35:33.829 GMT-0500,1852.0020000000002,1850.6570000000002,0.0008,0.002
19.03.2020 08:35:34.031 GMT-0500,1852.733,1849.598,0.002,0.0008
19.03.2020 08:35:34.193 GMT-0500,1853.453,1849.5970000000002,0.002,0.002
19.03.2020 08:35:34.300 GMT-0500,1853.453,1849.5970000000002,0.002,0.002
19.03.2020 08:35:34.407 GMT-0500,1853.0529999999999,1849.598,0.0008,0.0008
19.03.2020 08:35:34.458 GMT-0500,1853.3129999999999,1849.598,0.002,0.0008
19.03.2020 08:35:34.534 GMT-0500,1853.1129999999998,1849.598,0.0008,0.0008
19.03.2020 08:35:34.818 GMT-0500,1853.1129999999998,1850.6270000000002,0.002,0.0008
19.03.2020 08:35:34.868 GMT-0500,1852.5729999999999,1850.628,0.002,0.0008
19.03.2020 08:35:35.506 GMT-0500,1853.1129999999998,1849.598,0.002,0.0008
19.03.2020 08:35:35.638 GMT-0500,1853.1129999999998,1849.5970000000002,0.002,0.002
19.03.2020 08:35:35.843 GMT-0500,1852.443,1849.598,0.002,0.0008
19.03.2020 08:35:36.678 GMT-0500,1852.6920000000002,1849.598,0.002,0.002
19.03.2020 08:35:36.834 GMT-0500,1852.15,1849.598,0.0008,0.0008
19.03.2020 08:35:38.390 GMT-0500,1850.3129999999999,1848.1879999999999,0.002,0.0008
19.03.2020 08:35:39.168 GMT-0500,1850.3129999999999,1848.1770000000001,0.002,0.002
19.03.2020 08:35:39.218 GMT-0500,1850.3129999999999,1848.1770000000001,0.002,0.002
19.03.2020 08:35:39.417 GMT-0500,1850.3129999999999,1848.1879999999999,0.002,0.0008
19.03.2020 08:35:40.768 GMT-0500,1850.882,1848.3770000000002,0.002,0.0008
19.03.2020 08:35:40.818 GMT-0500,1850.233,1848.1779999999999,0.002,0.0008
19.03.2020 08:35:41.596 GMT-0500,1847.6720000000003,1843.997,0.0008,0.002
19.03.2020 08:35:41.876 GMT-0500,1848.1920000000002,1845.9170000000001,0.0008,0.002
19.03.2020 08:35:42.000 GMT-0500,1848.1920000000002,1845.768,0.002,0.002
19.03.2020 08:35:42.051 GMT-0500,1848.1920000000002,1845.467,0.0008,0.002
19.03.2020 08:35:42.727 GMT-0500,1848.193,1845.3170000000002,0.002,0.002
19.03.2020 08:35:42.777 GMT-0500,1847.0929999999998,1845.3170000000002,0.002,0.002
19.03.2020 08:35:43.975 GMT-0500,1846.033,1845.018,0.002,0.0008
19.03.2020 08:35:44.080 GMT-0500,1847.132,1845.027,0.0008,0.002
19.03.2020 08:35:44.205 GMT-0500,1847.943,1845.027,0.002,0.002
19.03.2020 08:35:44.256 GMT-0500,1847.943,1845.027,0.002,0.002
19.03.2020 08:35:45.808 GMT-0500,1845.903,1845.018,0.002,0.0008
19.03.2020 08:35:46.037 GMT-0500,1845.9920000000002,1844.997,0.0008,0.002
19.03.2020 08:35:46.137 GMT-0500,1845.9520000000002,1844.1770000000001,0.0008,0.002
19.03.2020 08:35:46.346 GMT-0500,1845.9520000000002,1844.1879999999999,0.002,0.0008
19.03.2020 08:35:46.467 GMT-0500,1845.953,1844.1870000000001,0.002,0.002
19.03.2020 08:35:46.681 GMT-0500,1845.5929999999998,1844.1879999999999,0.0008,0.0008
19.03.2020 08:35:46.972 GMT-0500,1845.5929999999998,1844.207,0.002,0.0008
19.03.2020 08:35:47.239 GMT-0500,1845.893,1844.217,0.002,0.002
19.03.2020 08:35:47.685 GMT-0500,1846.085,1844.227,0.0008,0.0008
19.03.2020 08:35:48.043 GMT-0500,1845.592,1844.207,0.0008,0.002
19.03.2020 08:35:48.653 GMT-0500,1846.0079999999998,1844.227,0.0008,0.0008
19.03.2020 08:35:49.291 GMT-0500,1845.5929999999998,1844.2079999999999,0.002,0.0008
19.03.2020 08:35:49.891 GMT-0500,1846.9220000000003,1845.1270000000002,0.0008,0.002
19.03.2020 08:35:50.005 GMT-0500,1846.9220000000003,1845.1270000000002,0.0008,0.0008
19.03.2020 08:35:50.055 GMT-0500,1846.9220000000003,1845.1170000000002,0.0008,0.002
19.03.2020 08:35:50.267 GMT-0500,1846.9220000000003,1845.1270000000002,0.0008,0.0008
19.03.2020 08:35:50.480 GMT-0500,1846.8629999999998,1845.128,0.002,0.0008
19.03.2020 08:35:50.909 GMT-0500,1846.8629999999998,1845.128,0.0008,0.0008
19.03.2020 08:35:51.444 GMT-0500,1846.862,1845.118,0.002,0.002
19.03.2020 08:35:51.566 GMT-0500,1846.8629999999998,1845.118,0.002,0.002
19.03.2020 08:35:51.617 GMT-0500,1846.8629999999998,1845.1170000000002,0.002,0.002
19.03.2020 08:35:52.112 GMT-0500,1846.8629999999998,1845.128,0.002,0.0008
19.03.2020 08:35:52.163 GMT-0500,1846.862,1845.1170000000002,0.0008,0.002
19.03.2020 08:35:52.213 GMT-0500,1846.6029999999998,1845.1170000000002,0.002,0.002
19.03.2020 08:35:52.745 GMT-0500,1846.602,1845.1170000000002,0.0008,0.002
19.03.2020 08:35:52.846 GMT-0500,1846.602,1845.1170000000002,0.0008,0.002
19.03.2020 08:35:53.429 GMT-0500,1846.602,1845.1170000000002,0.0008,0.002
19.03.2020 08:35:53.479 GMT-0500,1846.6029999999998,1845.1170000000002,0.002,0.002
19.03.2020 08:35:53.894 GMT-0500,1845.4720000000002,1844.1770000000001,0.0008,0.002
19.03.2020 08:35:55.122 GMT-0500,1845.592,1844.1779999999999,0.002,0.002
19.03.2020 08:35:55.433 GMT-0500,1844.5420000000001,1843.997,0.0008,0.002
19.03.2020 08:35:55.483 GMT-0500,1845.592,1843.997,0.0008,0.002
19.03.2020 08:35:55.637 GMT-0500,1845.243,1841.9979999999998,0.002,0.0008
19.03.2020 08:35:56.220 GMT-0500,1845.243,1843.4779999999998,0.0008,0.0008
19.03.2020 08:35:56.271 GMT-0500,1845.9220000000003,1843.4779999999998,0.002,0.002
19.03.2020 08:35:56.358 GMT-0500,1845.763,1843.4779999999998,0.0008,0.0008
19.03.2020 08:35:57.096 GMT-0500,1845.7620000000002,1843.477,0.0008,0.002
19.03.2020 08:35:57.467 GMT-0500,1845.7620000000002,1843.4979999999998,0.002,0.002
19.03.2020 08:36:01.894 GMT-0500,1845.9120000000003,1843.8170000000002,0.0008,0.002
19.03.2020 08:36:03.409 GMT-0500,1845.9920000000002,1843.8170000000002,0.002,0.002
19.03.2020 08:36:03.460 GMT-0500,1845.9920000000002,1843.8170000000002,0.0008,0.002
19.03.2020 08:36:05.104 GMT-0500,1846.503,1843.818,0.002,0.0008
19.03.2020 08:36:05.154 GMT-0500,1847.503,1845.467,0.002,0.002
19.03.2020 08:36:05.629 GMT-0500,1848.183,1845.487,0.002,0.002
19.03.2020 08:36:06.835 GMT-0500,1848.1920000000002,1845.487,0.002,0.002
19.03.2020 08:36:06.886 GMT-0500,1848.1920000000002,1846.118,0.002,0.002
19.03.2020 08:36:07.145 GMT-0500,1848.1920000000002,1846.118,0.002,0.002
19.03.2020 08:36:07.245 GMT-0500,1850.0020000000002,1846.158,0.002,0.002
19.03.2020 08:36:07.445 GMT-0500,1850.0020000000002,1846.158,0.002,0.002
19.03.2020 08:36:08.168 GMT-0500,1849.9920000000002,1847.9979999999998,0.0008,0.002
19.03.2020 08:36:08.218 GMT-0500,1851.783,1849.0670000000002,0.002,0.002
19.03.2020 08:36:11.335 GMT-0500,1850.132,1846.717,0.0008,0.002
19.03.2020 08:36:12.428 GMT-0500,1850.132,1846.7179999999998,0.002,0.002
19.03.2020 08:36:15.870 GMT-0500,1847.6029999999998,1845.007,0.002,0.0008
19.03.2020 08:36:16.890 GMT-0500,1847.6029999999998,1845.0079999999998,0.0008,0.0008
19.03.2020 08:36:16.940 GMT-0500,1848.0620000000001,1845.0079999999998,0.002,0.002
19.03.2020 08:36:18.731 GMT-0500,1848.0629999999999,1845.0079999999998,0.002,0.002
19.03.2020 08:36:19.066 GMT-0500,1847.393,1845.017,0.002,0.002
19.03.2020 08:36:19.448 GMT-0500,1847.393,1845.018,0.0008,0.0008
19.03.2020 08:36:21.914 GMT-0500,1847.2520000000002,1845.018,0.0008,0.002
19.03.2020 08:36:22.191 GMT-0500,1847.253,1845.768,0.002,0.0008
19.03.2020 08:36:22.241 GMT-0500,1848.0629999999999,1845.018,0.002,0.0008
19.03.2020 08:36:22.362 GMT-0500,1848.0629999999999,1845.018,0.0008,0.0008
19.03.2020 08:36:22.580 GMT-0500,1847.852,1845.017,0.0008,0.002
19.03.2020 08:36:23.077 GMT-0500,1847.852,1845.018,0.002,0.002
19.03.2020 08:36:23.894 GMT-0500,1847.8529999999998,1845.018,0.002,0.0008
19.03.2020 08:36:24.342 GMT-0500,1847.8529999999998,1845.0370000000003,0.002,0.0008
19.03.2020 08:36:25.133 GMT-0500,1847.852,1845.0370000000003,0.002,0.002
19.03.2020 08:36:25.633 GMT-0500,1847.253,1845.0370000000003,0.0008,0.002
19.03.2020 08:36:25.683 GMT-0500,1847.663,1845.0370000000003,0.002,0.002
19.03.2020 08:36:26.035 GMT-0500,1847.663,1845.0370000000003,0.002,0.002
19.03.2020 08:36:26.857 GMT-0500,1847.003,1844.9979999999998,0.002,0.0008
19.03.2020 08:36:27.259 GMT-0500,1847.483,1844.997,0.002,0.002
19.03.2020 08:36:28.068 GMT-0500,1848.105,1845.997,0.0008,0.0008
19.03.2020 08:36:28.219 GMT-0500,1848.983,1846.8070000000002,0.002,0.002
19.03.2020 08:36:28.597 GMT-0500,1848.983,1847.6979999999999,0.002,0.0008
19.03.2020 08:36:28.647 GMT-0500,1849.582,1846.9879999999998,0.002,0.002
19.03.2020 08:36:28.993 GMT-0500,1848.143,1844.9979999999998,0.002,0.0008
19.03.2020 08:36:29.256 GMT-0500,1849.582,1846.8170000000002,0.0008,0.002
19.03.2020 08:36:29.454 GMT-0500,1849.5829999999999,1846.8170000000002,0.002,0.002
19.03.2020 08:36:29.581 GMT-0500,1848.5020000000002,1846.818,0.002,0.002
19.03.2020 08:36:29.631 GMT-0500,1848.493,1844.9979999999998,0.002,0.0008
19.03.2020 08:36:30.279 GMT-0500,1848.493,1844.997,0.002,0.002
19.03.2020 08:36:31.886 GMT-0500,1847.913,1844.997,0.0008,0.002
19.03.2020 08:36:32.352 GMT-0500,1848.6720000000003,1844.997,0.0008,0.002
19.03.2020 08:36:32.455 GMT-0500,1848.493,1844.997,0.0008,0.002
19.03.2020 08:36:32.609 GMT-0500,1848.4820000000002,1844.997,0.0008,0.002
19.03.2020 08:36:32.808 GMT-0500,1848.4820000000002,1847.342,0.002,0.0008
19.03.2020 08:36:32.908 GMT-0500,1849.582,1846.707,0.0008,0.002
19.03.2020 08:36:32.977 GMT-0500,1849.582,1847.4070000000002,0.0008,0.0008
19.03.2020 08:36:33.231 GMT-0500,1849.5829999999999,1848.487,0.002,0.0008
19.03.2020 08:36:33.451 GMT-0500,1850.003,1848.5670000000002,0.002,0.002
19.03.2020 08:36:33.576 GMT-0500,1850.47,1849.2279999999998,0.0008,0.0008
19.03.2020 08:36:36.918 GMT-0500,1848.402,1844.9979999999998,0.002,0.002
19.03.2020 08:36:38.077 GMT-0500,1847.652,1845.1170000000002,0.0008,0.002
19.03.2020 08:36:38.659 GMT-0500,1847.653,1845.1170000000002,0.002,0.0008
19.03.2020 08:36:38.709 GMT-0500,1847.653,1844.997,0.002,0.002
19.03.2020 08:36:39.142 GMT-0500,1847.3220000000001,1844.997,0.0008,0.002
19.03.2020 08:36:39.655 GMT-0500,1847.3220000000001,1845.0670000000002,0.0008,0.0008
19.03.2020 08:36:41.003 GMT-0500,1847.3220000000001,1844.9979999999998,0.002,0.002
19.03.2020 08:36:41.067 GMT-0500,1847.3220000000001,1844.9979999999998,0.002,0.002
19.03.2020 08:36:42.568 GMT-0500,1847.493,1845.078,0.002,0.0008
19.03.2020 08:36:43.886 GMT-0500,1847.503,1845.8670000000002,0.0008,0.002
19.03.2020 08:36:43.937 GMT-0500,1848.673,1846.257,0.002,0.002
19.03.2020 08:36:44.056 GMT-0500,1848.673,1846.2579999999998,0.002,0.0008
19.03.2020 08:36:44.176 GMT-0500,1848.673,1846.578,0.002,0.0008
19.03.2020 08:36:44.226 GMT-0500,1848.6720000000003,1846.548,0.002,0.002
19.03.2020 08:36:44.277 GMT-0500,1848.203,1844.9979999999998,0.002,0.0008
19.03.2020 08:36:45.121 GMT-0500,1848.2020000000002,1844.9979999999998,0.002,0.002
19.03.2020 08:36:45.896 GMT-0500,1847.953,1845.997,0.002,0.002
19.03.2020 08:36:46.938 GMT-0500,1847.953,1846.0079999999998,0.002,0.0008
19.03.2020 08:36:48.543 GMT-0500,1849.0020000000002,1846.9279999999999,0.0008,0.002
19.03.2020 08:36:48.683 GMT-0500,1849.0020000000002,1848.247,0.0008,0.0008
19.03.2020 08:36:48.835 GMT-0500,1851.8020000000001,1848.2179999999998,0.002,0.002
19.03.2020 08:36:49.302 GMT-0500,1849.653,1848.517,0.002,0.002
19.03.2020 08:36:49.788 GMT-0500,1849.653,1848.9379999999999,0.002,0.0008
19.03.2020 08:36:49.838 GMT-0500,1849.653,1848.5570000000002,0.002,0.002
19.03.2020 08:36:50.438 GMT-0500,1850.5320000000002,1849.1170000000002,0.0008,0.002
19.03.2020 08:36:50.539 GMT-0500,1853.533,1849.548,0.002,0.0008
19.03.2020 08:36:50.831 GMT-0500,1850.993,1848.8770000000002,0.002,0.002
19.03.2020 08:36:50.942 GMT-0500,1850.993,1848.8770000000002,0.002,0.002
19.03.2020 08:36:51.111 GMT-0500,1850.902,1848.8770000000002,0.0008,0.002
19.03.2020 08:36:51.162 GMT-0500,1850.903,1848.227,0.002,0.002
19.03.2020 08:36:51.341 GMT-0500,1850.7720000000002,1849.997,0.0008,0.002
19.03.2020 08:36:51.641 GMT-0500,1853.933,1849.9979999999998,0.002,0.0008
19.03.2020 08:36:51.851 GMT-0500,1853.9320000000002,1849.9979999999998,0.002,0.002
19.03.2020 08:36:51.901 GMT-0500,1851.102,1849.997,0.0008,0.002
19.03.2020 08:36:52.021 GMT-0500,1851.122,1849.9979999999998,0.002,0.002
19.03.2020 08:36:52.100 GMT-0500,1851.122,1849.997,0.002,0.002
19.03.2020 08:36:52.205 GMT-0500,1851.26,1849.997,0.0008,0.002
19.03.2020 08:36:52.256 GMT-0500,1851.6820000000002,1849.997,0.0008,0.002
19.03.2020 08:36:52.306 GMT-0500,1851.092,1849.997,0.0008,0.002
19.03.2020 08:36:52.594 GMT-0500,1851.092,1849.9979999999998,0.002,0.002
19.03.2020 08:36:52.644 GMT-0500,1850.453,1848.4370000000001,0.002,0.002
19.03.2020 08:36:52.695 GMT-0500,1851.0929999999998,1848.207,0.002,0.002
19.03.2020 08:36:52.795 GMT-0500,1850.7120000000002,1848.207,0.0008,0.002
19.03.2020 08:36:52.867 GMT-0500,1850.7120000000002,1848.2179999999998,0.002,0.0008
19.03.2020 08:36:53.158 GMT-0500,1850.973,1848.217,0.002,0.002
19.03.2020 08:36:53.208 GMT-0500,1850.973,1848.217,0.002,0.002
19.03.2020 08:36:53.326 GMT-0500,1850.332,1848.217,0.0008,0.002
19.03.2020 08:36:53.602 GMT-0500,1850.3220000000001,1848.207,0.0008,0.002
19.03.2020 08:36:53.829 GMT-0500,1850.3220000000001,1848.217,0.0008,0.0008
19.03.2020 08:36:54.420 GMT-0500,1850.253,1848.2079999999999,0.002,0.002
19.03.2020 08:36:54.470 GMT-0500,1850.2520000000002,1848.207,0.0008,0.002
19.03.2020 08:36:54.988 GMT-0500,1850.2520000000002,1848.207,0.0008,0.002
19.03.2020 08:36:55.088 GMT-0500,1850.2520000000002,1848.207,0.0008,0.002
19.03.2020 08:36:55.336 GMT-0500,1851.153,1849.717,0.002,0.002
19.03.2020 08:36:55.386 GMT-0500,1852.0020000000002,1849.4370000000001,0.0008,0.002
19.03.2020 08:36:56.556 GMT-0500,1850.892,1849.4370000000001,0.0008,0.0008
19.03.2020 08:36:56.607 GMT-0500,1850.892,1848.757,0.0008,0.002
19.03.2020 08:36:56.657 GMT-0500,1850.5729999999999,1848.7179999999998,0.002,0.0008
19.03.2020 08:36:56.708 GMT-0500,1850.893,1848.717,0.002,0.002
19.03.2020 08:36:56.932 GMT-0500,1851.213,1848.717,0.002,0.002
19.03.2020 08:36:56.991 GMT-0500,1851.213,1848.7179999999998,0.002,0.0008
19.03.2020 08:36:57.404 GMT-0500,1851.1129999999998,1848.207,0.002,0.002
19.03.2020 08:36:57.546 GMT-0500,1850.753,1848.207,0.0008,0.002
19.03.2020 08:36:57.872 GMT-0500,1850.4520000000002,1848.4379999999999,0.0008,0.0008
19.03.2020 08:36:57.923 GMT-0500,1850.753,1848.3970000000002,0.002,0.002
19.03.2020 08:36:58.110 GMT-0500,1850.753,1848.5470000000003,0.002,0.0008
19.03.2020 08:36:58.318 GMT-0500,1851.143,1848.5470000000003,0.002,0.002
19.03.2020 08:36:58.369 GMT-0500,1851.143,1849.1979999999999,0.002,0.0008
19.03.2020 08:36:59.197 GMT-0500,1851.143,1849.098,0.002,0.002
19.03.2020 08:36:59.247 GMT-0500,1850.892,1849.098,0.002,0.002
19.03.2020 08:36:59.863 GMT-0500,1850.892,1849.098,0.002,0.002
19.03.2020 08:36:59.964 GMT-0500,1850.892,1849.098,0.002,0.002
19.03.2020 08:37:00.685 GMT-0500,1850.892,1846.9270000000001,0.002,0.002
19.03.2020 08:37:00.736 GMT-0500,1849.913,1846.9270000000001,0.002,0.002
19.03.2020 08:37:00.842 GMT-0500,1849.913,1848.217,0.002,0.0008
19.03.2020 08:37:00.951 GMT-0500,1849.6620000000003,1848.2179999999998,0.002,0.002
19.03.2020 08:37:01.261 GMT-0500,1849.632,1848.2179999999998,0.002,0.002
19.03.2020 08:37:01.583 GMT-0500,1849.652,1848.2179999999998,0.002,0.002
19.03.2020 08:37:01.815 GMT-0500,1849.652,1848.2179999999998,0.002,0.002
19.03.2020 08:37:02.099 GMT-0500,1849.592,1848.217,0.002,0.002
19.03.2020 08:37:02.200 GMT-0500,1849.582,1848.2179999999998,0.002,0.002
19.03.2020 08:37:03.166 GMT-0500,1849.5829999999999,1848.217,0.002,0.002
19.03.2020 08:37:03.267 GMT-0500,1849.5620000000001,1846.9270000000001,0.0008,0.002
19.03.2020 08:37:03.317 GMT-0500,1849.5620000000001,1848.227,0.0008,0.002
19.03.2020 08:37:03.772 GMT-0500,1850.4420000000002,1846.9270000000001,0.0008,0.002
19.03.2020 08:37:03.822 GMT-0500,1849.493,1846.9279999999999,0.002,0.0008
19.03.2020 08:37:04.309 GMT-0500,1851.173,1849.507,0.002,0.002
19.03.2020 08:37:04.359 GMT-0500,1852.003,1849.5079999999998,0.002,0.0008
19.03.2020 08:37:04.410 GMT-0500,1852.003,1850.0079999999998,0.002,0.0008
19.03.2020 08:37:04.759 GMT-0500,1852.0020000000002,1850.007,0.002,0.002
19.03.2020 08:37:04.916 GMT-0500,1851.233,1850.007,0.0008,0.002
19.03.2020 08:37:04.966 GMT-0500,1852.0020000000002,1850.007,0.0008,0.002
19.03.2020 08:37:05.420 GMT-0500,1852.0020000000002,1850.007,0.0008,0.0008
19.03.2020 08:37:08.114 GMT-0500,1850.892,1846.9279999999999,0.002,0.002
19.03.2020 08:37:08.761 GMT-0500,1850.892,1849.1070000000002,0.0008,0.002
19.03.2020 08:37:09.101 GMT-0500,1850.893,1849.1070000000002,0.002,0.002
19.03.2020 08:37:09.302 GMT-0500,1850.893,1849.168,0.002,0.0008
19.03.2020 08:37:09.402 GMT-0500,1852.0020000000002,1849.1670000000001,0.0008,0.002
19.03.2020 08:37:09.452 GMT-0500,1850.902,1849.5670000000002,0.0008,0.002
19.03.2020 08:37:09.503 GMT-0500,1850.893,1846.9279999999999,0.002,0.0008
19.03.2020 08:37:09.667 GMT-0500,1850.893,1846.9279999999999,0.0008,0.0008
19.03.2020 08:37:09.841 GMT-0500,1849.253,1846.9279999999999,0.0008,0.0008
19.03.2020 08:37:09.943 GMT-0500,1849.632,1846.9270000000001,0.0008,0.002
19.03.2020 08:37:10.082 GMT-0500,1849.632,1848.2179999999998,0.0008,0.0008
19.03.2020 08:37:10.133 GMT-0500,1850.043,1848.2179999999998,0.002,0.0008
19.03.2020 08:37:10.198 GMT-0500,1850.043,1848.2179999999998,0.002,0.0008
19.03.2020 08:37:10.298 GMT-0500,1849.993,1846.9270000000001,0.002,0.002
19.03.2020 08:37:10.407 GMT-0500,1850.0520000000001,1846.9270000000001,0.0008,0.002
19.03.2020 08:37:10.677 GMT-0500,1850.0520000000001,1846.9279999999999,0.002,0.002
19.03.2020 08:37:10.728 GMT-0500,1850.902,1846.9270000000001,0.0008,0.002
19.03.2020 08:37:11.440 GMT-0500,1849.003,1846.9279999999999,0.002,0.0008
19.03.2020 08:37:11.653 GMT-0500,1849.003,1848.068,0.002,0.0008
19.03.2020 08:37:12.388 GMT-0500,1852.003,1848.527,0.002,0.002
19.03.2020 08:37:12.963 GMT-0500,1852.0020000000002,1848.0670000000002,0.0008,0.0008
19.03.2020 08:37:13.317 GMT-0500,1852.0020000000002,1848.2579999999998,0.002,0.0008
19.03.2020 08:37:13.661 GMT-0500,1850.642,1848.257,0.0008,0.0008
19.03.2020 08:37:14.132 GMT-0500,1851.503,1847.9979999999998,0.002,0.0008
19.03.2020 08:37:15.212 GMT-0500,1851.5020000000002,1847.9979999999998,0.002,0.002
19.03.2020 08:37:15.263 GMT-0500,1851.2520000000002,1847.9979999999998,0.002,0.002
19.03.2020 08:37:15.400 GMT-0500,1851.2520000000002,1847.997,0.002,0.002
19.03.2020 08:37:15.939 GMT-0500,1851.5420000000001,1847.997,0.0008,0.002
19.03.2020 08:37:16.019 GMT-0500,1851.5420000000001,1847.9979999999998,0.002,0.002
19.03.2020 08:37:16.121 GMT-0500,1850.892,1847.9979999999998,0.0008,0.002
19.03.2020 08:37:16.287 GMT-0500,1852.0020000000002,1850.7579999999998,0.002,0.002
19.03.2020 08:37:16.338 GMT-0500,1852.003,1849.987,0.002,0.002
19.03.2020 08:37:16.455 GMT-0500,1852.003,1849.9979999999998,0.002,0.0008
19.03.2020 08:37:18.286 GMT-0500,1853.993,1852.158,0.002,0.0008
19.03.2020 08:37:19.360 GMT-0500,1853.993,1852.1570000000002,0.002,0.002
19.03.2020 08:37:19.741 GMT-0500,1853.842,1852.1670000000001,0.0008,0.002
19.03.2020 08:37:21.450 GMT-0500,1853.993,1852.1770000000001,0.002,0.002
19.03.2020 08:37:23.423 GMT-0500,1853.9920000000002,1852.4279999999999,0.002,0.002
19.03.2020 08:37:23.473 GMT-0500,1854.1229999999998,1852.4270000000001,0.002,0.002
19.03.2020 08:37:25.535 GMT-0500,1854.1229999999998,1851.9370000000001,0.002,0.002
19.03.2020 08:37:25.586 GMT-0500,1854.1229999999998,1852.4370000000001,0.002,0.002
19.03.2020 08:37:26.044 GMT-0500,1854.1229999999998,1852.4479999999999,0.002,0.002
19.03.2020 08:37:26.095 GMT-0500,1854.122,1852.7079999999999,0.002,0.002
19.03.2020 08:37:27.621 GMT-0500,1854.1229999999998,1851.9370000000001,0.002,0.002
19.03.2020 08:37:27.684 GMT-0500,1853.602,1851.9370000000001,0.0008,0.002
19.03.2020 08:37:28.287 GMT-0500,1853.362,1851.5670000000002,0.0008,0.002
19.03.2020 08:37:28.393 GMT-0500,1853.362,1851.568,0.002,0.002
19.03.2020 08:37:29.251 GMT-0500,1853.362,1851.5670000000002,0.0008,0.0008
19.03.2020 08:37:29.351 GMT-0500,1853.403,1851.568,0.002,0.0008
19.03.2020 08:37:29.452 GMT-0500,1854.112,1852.1779999999999,0.002,0.002
19.03.2020 08:37:29.523 GMT-0500,1854.112,1852.1770000000001,0.002,0.002
19.03.2020 08:37:29.624 GMT-0500,1854.1129999999998,1852.1779999999999,0.002,0.0008
19.03.2020 08:37:31.644 GMT-0500,1853.8220000000001,1852.1779999999999,0.002,0.002
19.03.2020 08:37:32.605 GMT-0500,1853.8229999999999,1851.908,0.002,0.0008
19.03.2020 08:37:32.657 GMT-0500,1853.8229999999999,1851.908,0.002,0.002
19.03.2020 08:37:33.367 GMT-0500,1853.882,1851.977,0.0008,0.002
19.03.2020 08:37:34.242 GMT-0500,1853.882,1852.078,0.002,0.002
19.03.2020 08:37:34.570 GMT-0500,1853.893,1852.0770000000002,0.002,0.002
19.03.2020 08:37:34.743 GMT-0500,1853.882,1852.0770000000002,0.0008,0.002
19.03.2020 08:37:34.793 GMT-0500,1853.882,1851.9070000000002,0.0008,0.002
19.03.2020 08:37:35.082 GMT-0500,1853.882,1851.9070000000002,0.002,0.002
19.03.2020 08:37:36.830 GMT-0500,1853.403,1851.9070000000002,0.002,0.002
19.03.2020 08:37:36.880 GMT-0500,1853.403,1852.088,0.002,0.0008
19.03.2020 08:37:36.969 GMT-0500,1853.403,1851.908,0.002,0.002
19.03.2020 08:37:37.020 GMT-0500,1853.392,1851.908,0.002,0.002
19.03.2020 08:37:37.382 GMT-0500,1852.385,1851.908,0.0008,0.0008
19.03.2020 08:37:38.346 GMT-0500,1852.743,1851.018,0.002,0.0008
19.03.2020 08:37:38.721 GMT-0500,1853.0829999999999,1851.878,0.0008,0.0008
19.03.2020 08:37:38.771 GMT-0500,1853.4220000000003,1851.1979999999999,0.002,0.002
19.03.2020 08:37:39.231 GMT-0500,1853.423,1851.1979999999999,0.002,0.0008
19.03.2020 08:37:39.743 GMT-0500,1853.605,1852.558,0.0008,0.0008
19.03.2020 08:37:39.793 GMT-0500,1855.963,1852.5570000000002,0.002,0.002
19.03.2020 08:37:39.938 GMT-0500,1855.963,1852.558,0.002,0.0008
19.03.2020 08:37:40.038 GMT-0500,1854.112,1853.0970000000002,0.0008,0.002
19.03.2020 08:37:40.089 GMT-0500,1854.112,1852.217,0.0008,0.002
19.03.2020 08:37:40.170 GMT-0500,1855.963,1852.2179999999998,0.002,0.0008
19.03.2020 08:37:43.606 GMT-0500,1853.0529999999999,1849.997,0.002,0.002
19.03.2020 08:37:44.032 GMT-0500,1852.893,1849.9979999999998,0.002,0.0008
19.03.2020 08:37:44.130 GMT-0500,1852.893,1851.2479999999998,0.0008,0.0008
19.03.2020 08:37:44.180 GMT-0500,1853.1229999999998,1851.2479999999998,0.002,0.0008
19.03.2020 08:37:44.284 GMT-0500,1853.31,1851.247,0.0008,0.002
19.03.2020 08:37:44.440 GMT-0500,1853.273,1849.9979999999998,0.002,0.0008
19.03.2020 08:37:44.665 GMT-0500,1853.273,1849.997,0.002,0.002
19.03.2020 08:37:44.912 GMT-0500,1852.7620000000002,1849.997,0.0008,0.002
19.03.2020 08:37:45.027 GMT-0500,1852.7520000000002,1851.247,0.0008,0.0008
19.03.2020 08:37:45.078 GMT-0500,1852.7520000000002,1849.9979999999998,0.002,0.002
19.03.2020 08:37:45.260 GMT-0500,1853.0620000000001,1849.997,0.0008,0.002
19.03.2020 08:37:45.310 GMT-0500,1853.0620000000001,1851.2479999999998,0.002,0.002
19.03.2020 08:37:45.522 GMT-0500,1853.0629999999999,1849.9979999999998,0.0008,0.002
19.03.2020 08:37:45.623 GMT-0500,1853.273,1849.997,0.002,0.002
19.03.2020 08:37:46.919 GMT-0500,1853.2720000000002,1849.997,0.0008,0.002
19.03.2020 08:37:48.719 GMT-0500,1853.2720000000002,1850.997,0.002,0.002
19.03.2020 08:37:48.874 GMT-0500,1852.643,1850.9979999999998,0.002,0.0008
19.03.2020 08:37:49.047 GMT-0500,1852.6329999999998,1851.3270000000002,0.0008,0.0008
19.03.2020 08:37:49.098 GMT-0500,1853.102,1851.3270000000002,0.0008,0.002
19.03.2020 08:37:49.315 GMT-0500,1852.683,1851.328,0.002,0.0008
19.03.2020 08:37:49.365 GMT-0500,1853.273,1850.9979999999998,0.002,0.0008
19.03.2020 08:37:50.820 GMT-0500,1853.273,1850.997,0.002,0.002
19.03.2020 08:37:51.453 GMT-0500,1853.8329999999999,1853.0079999999998,0.002,0.0008
19.03.2020 08:37:51.505 GMT-0500,1853.8329999999999,1852.257,0.002,0.002
19.03.2020 08:37:51.786 GMT-0500,1853.8329999999999,1852.9279999999999,0.002,0.0008
19.03.2020 08:37:51.985 GMT-0500,1854.003,1853.6070000000002,0.0008,0.0008
19.03.2020 08:37:52.035 GMT-0500,1855.642,1853.6070000000002,0.0008,0.002
19.03.2020 08:37:52.139 GMT-0500,1857.0929999999998,1853.608,0.002,0.0008
19.03.2020 08:37:52.285 GMT-0500,1857.0929999999998,1853.6070000000002,0.002,0.002
19.03.2020 08:37:52.451 GMT-0500,1855.663,1854.1670000000001,0.002,0.002
19.03.2020 08:37:52.502 GMT-0500,1857.582,1855.3070000000002,0.0008,0.002
19.03.2020 08:37:52.558 GMT-0500,1856.233,1854.798,0.002,0.0008
19.03.2020 08:37:52.660 GMT-0500,1856.2220000000002,1854.278,0.002,0.002
19.03.2020 08:37:53.890 GMT-0500,1855.882,1854.278,0.002,0.002
19.03.2020 08:37:54.076 GMT-0500,1855.872,1854.277,0.0008,0.002
19.03.2020 08:37:54.127 GMT-0500,1855.872,1853.9370000000001,0.0008,0.002
19.03.2020 08:37:54.467 GMT-0500,1855.8120000000001,1853.9370000000001,0.0008,0.0008
19.03.2020 08:37:55.778 GMT-0500,1855.8129999999999,1852.507,0.002,0.002
19.03.2020 08:37:56.446 GMT-0500,1855.8129999999999,1853.9379999999999,0.002,0.0008
19.03.2020 08:37:56.496 GMT-0500,1855.8129999999999,1852.5079999999998,0.002,0.0008
19.03.2020 08:37:57.450 GMT-0500,1855.8220000000001,1852.507,0.0008,0.002
19.03.2020 08:37:57.589 GMT-0500,1854.993,1852.507,0.0008,0.002
19.03.2020 08:37:58.515 GMT-0500,1855.3329999999999,1852.5079999999998,0.002,0.0008
19.03.2020 08:37:58.565 GMT-0500,1855.3329999999999,1852.507,0.002,0.002
19.03.2020 08:37:58.761 GMT-0500,1855.3329999999999,1853.237,0.002,0.002
19.03.2020 08:37:59.084 GMT-0500,1855.3329999999999,1852.5079999999998,0.002,0.002
19.03.2020 08:37:59.134 GMT-0500,1855.332,1852.5079999999998,0.002,0.002
19.03.2020 08:37:59.771 GMT-0500,1855.3329999999999,1854.1570000000002,0.002,0.002
19.03.2020 08:38:00.048 GMT-0500,1855.872,1855.0670000000002,0.0008,0.002
19.03.2020 08:38:00.099 GMT-0500,1855.8729999999998,1854.1570000000002,0.002,0.002
19.03.2020 08:38:00.502 GMT-0500,1855.893,1855.467,0.0008,0.0008
19.03.2020 08:38:00.553 GMT-0500,1856.4420000000002,1854.9279999999999,0.002,0.002
19.03.2020 08:38:00.795 GMT-0500,1856.473,1854.9270000000001,0.002,0.002
19.03.2020 08:38:01.280 GMT-0500,1856.473,1854.9270000000001,0.002,0.002
19.03.2020 08:38:01.331 GMT-0500,1857.622,1855.4879999999998,0.002,0.002
19.03.2020 08:38:01.875 GMT-0500,1857.622,1855.4879999999998,0.002,0.002
19.03.2020 08:38:01.925 GMT-0500,1857.6229999999998,1855.7079999999999,0.002,0.0008
19.03.2020 08:38:02.275 GMT-0500,1857.6229999999998,1856.3470000000002,0.002,0.0008
19.03.2020 08:38:02.325 GMT-0500,1857.6229999999998,1854.028,0.002,0.0008
19.03.2020 08:38:02.477 GMT-0500,1857.6229999999998,1854.027,0.002,0.002
19.03.2020 08:38:02.910 GMT-0500,1856.8429999999998,1854.027,0.002,0.002
19.03.2020 08:38:03.016 GMT-0500,1856.582,1854.288,0.002,0.002
19.03.2020 08:38:03.067 GMT-0500,1856.582,1854.288,0.002,0.002
19.03.2020 08:38:03.240 GMT-0500,1856.582,1854.028,0.002,0.002
19.03.2020 08:38:03.291 GMT-0500,1856.9820000000002,1854.027,0.0008,0.002
19.03.2020 08:38:03.457 GMT-0500,1856.9820000000002,1854.6770000000001,0.0008,0.0008
19.03.2020 08:38:03.558 GMT-0500,1856.9820000000002,1854.027,0.0008,0.002
19.03.2020 08:38:03.962 GMT-0500,1856.9820000000002,1854.9279999999999,0.002,0.0008
19.03.2020 08:38:04.062 GMT-0500,1856.9820000000002,1854.6570000000002,0.0008,0.002
19.03.2020 08:38:05.162 GMT-0500,1856.9920000000002,1854.6570000000002,0.0008,0.002
19.03.2020 08:38:05.286 GMT-0500,1855.9920000000002,1854.6570000000002,0.0008,0.002
19.03.2020 08:38:05.336 GMT-0500,1855.4520000000002,1853.9279999999999,0.002,0.002
19.03.2020 08:38:06.401 GMT-0500,1855.4520000000002,1853.9279999999999,0.002,0.002
19.03.2020 08:38:06.501 GMT-0500,1855.9920000000002,1853.9279999999999,0.002,0.002
19.03.2020 08:38:06.568 GMT-0500,1855.9920000000002,1853.9279999999999,0.002,0.002
19.03.2020 08:38:07.504 GMT-0500,1856.122,1854.1879999999999,0.002,0.002
19.03.2020 08:38:07.613 GMT-0500,1855.0020000000002,1852.477,0.0008,0.002
19.03.2020 08:38:07.664 GMT-0500,1855.003,1852.8770000000002,0.002,0.002
19.03.2020 08:38:07.764 GMT-0500,1854.903,1852.4270000000001,0.002,0.002
19.03.2020 08:38:07.963 GMT-0500,1854.903,1853.027,0.002,0.0008
19.03.2020 08:38:08.330 GMT-0500,1854.902,1853.538,0.002,0.0008
19.03.2020 08:38:08.436 GMT-0500,1855.0020000000002,1853.538,0.002,0.002
19.03.2020 08:38:08.487 GMT-0500,1855.0020000000002,1853.5470000000003,0.0008,0.002
19.03.2020 08:38:08.539 GMT-0500,1855.0020000000002,1853.548,0.002,0.002
19.03.2020 08:38:08.639 GMT-0500,1854.9920000000002,1853.277,0.0008,0.002
19.03.2020 08:38:08.689 GMT-0500,1854.9920000000002,1853.548,0.002,0.002
19.03.2020 08:38:08.801 GMT-0500,1854.9920000000002,1852.798,0.002,0.002
19.03.2020 08:38:08.851 GMT-0500,1854.2620000000002,1850.9979999999998,0.002,0.002
19.03.2020 08:38:08.901 GMT-0500,1854.2620000000002,1852.4279999999999,0.002,0.002
19.03.2020 08:38:09.112 GMT-0500,1854.263,1852.4279999999999,0.002,0.002
19.03.2020 08:38:09.242 GMT-0500,1854.263,1852.8370000000002,0.0008,0.002
19.03.2020 08:38:09.293 GMT-0500,1854.9920000000002,1852.8370000000002,0.0008,0.002
19.03.2020 08:38:09.773 GMT-0500,1854.9920000000002,1852.838,0.002,0.002
19.03.2020 08:38:09.824 GMT-0500,1854.913,1850.9979999999998,0.002,0.0008
19.03.2020 08:38:09.892 GMT-0500,1854.913,1852.3870000000002,0.002,0.0008
19.03.2020 08:38:09.993 GMT-0500,1854.913,1852.8170000000002,0.002,0.002
19.03.2020 08:38:10.758 GMT-0500,1855.003,1852.838,0.002,0.0008
19.03.2020 08:38:10.809 GMT-0500,1855.0020000000002,1853.078,0.002,0.002
19.03.2020 08:38:10.893 GMT-0500,1854.503,1853.078,0.0008,0.0008
19.03.2020 08:38:10.943 GMT-0500,1855.0020000000002,1852.3870000000002,0.0008,0.002
19.03.2020 08:38:11.164 GMT-0500,1855.003,1852.3870000000002,0.002,0.002
19.03.2020 08:38:11.214 GMT-0500,1855.003,1853.017,0.002,0.002
19.03.2020 08:38:11.315 GMT-0500,1854.1720000000003,1850.9979999999998,0.002,0.002
19.03.2020 08:38:12.792 GMT-0500,1854.173,1850.997,0.002,0.002
19.03.2020 08:38:13.666 GMT-0500,1853.743,1850.9979999999998,0.002,0.0008
19.03.2020 08:38:13.717 GMT-0500,1854.1720000000003,1850.997,0.0008,0.002
19.03.2020 08:38:13.767 GMT-0500,1854.153,1850.997,0.002,0.002
19.03.2020 08:38:14.590 GMT-0500,1855.0020000000002,1852.7579999999998,0.002,0.002
19.03.2020 08:38:16.135 GMT-0500,1855.0020000000002,1852.757,0.002,0.002
19.03.2020 08:38:17.167 GMT-0500,1854.7220000000002,1853.457,0.0008,0.0008
19.03.2020 08:38:17.217 GMT-0500,1855.0020000000002,1853.1879999999999,0.002,0.002
19.03.2020 08:38:17.296 GMT-0500,1854.9920000000002,1853.1879999999999,0.0008,0.002
19.03.2020 08:38:17.593 GMT-0500,1854.9720000000002,1853.1879999999999,0.002,0.002
19.03.2020 08:38:18.983 GMT-0500,1854.683,1850.997,0.0008,0.002
19.03.2020 08:38:19.222 GMT-0500,1854.683,1850.9979999999998,0.0008,0.0008
19.03.2020 08:38:20.428 GMT-0500,1853.423,1851.3270000000002,0.002,0.002
19.03.2020 08:38:20.723 GMT-0500,1853.5320000000002,1851.7279999999998,0.002,0.002
19.03.2020 08:38:20.911 GMT-0500,1855.003,1851.3270000000002,0.002,0.002
19.03.2020 08:38:21.023 GMT-0500,1853.5320000000002,1851.3270000000002,0.0008,0.0008
19.03.2020 08:38:21.627 GMT-0500,1854.142,1850.9979999999998,0.002,0.002
19.03.2020 08:38:21.818 GMT-0500,1855.003,1851.957,0.002,0.0008
19.03.2020 08:38:21.920 GMT-0500,1853.5420000000001,1851.967,0.0008,0.002
19.03.2020 08:38:21.970 GMT-0500,1853.543,1850.997,0.002,0.002
19.03.2020 08:38:22.424 GMT-0500,1853.5420000000001,1850.997,0.0008,0.002
19.03.2020 08:38:22.780 GMT-0500,1853.5420000000001,1850.997,0.0008,0.002
19.03.2020 08:38:23.098 GMT-0500,1853.5420000000001,1851.3270000000002,0.002,0.0008
19.03.2020 08:38:23.198 GMT-0500,1853.3829999999998,1850.9979999999998,0.002,0.0008
19.03.2020 08:38:23.958 GMT-0500,1853.382,1850.9979999999998,0.002,0.002
19.03.2020 08:38:24.838 GMT-0500,1853.3829999999998,1850.997,0.002,0.002
19.03.2020 08:38:24.984 GMT-0500,1853.5829999999999,1852.1870000000001,0.002,0.002
19.03.2020 08:38:25.124 GMT-0500,1853.5420000000001,1850.997,0.0008,0.002
19.03.2020 08:38:25.252 GMT-0500,1853.3729999999998,1850.997,0.0008,0.002
19.03.2020 08:38:25.789 GMT-0500,1852.6820000000002,1850.997,0.0008,0.002
19.03.2020 08:38:25.962 GMT-0500,1852.342,1850.997,0.0008,0.002
19.03.2020 08:38:26.062 GMT-0500,1853.582,1850.997,0.0008,0.002
19.03.2020 08:38:26.849 GMT-0500,1853.582,1850.997,0.002,0.002
19.03.2020 08:38:27.074 GMT-0500,1851.9920000000002,1849.9979999999998,0.002,0.002
19.03.2020 08:38:27.124 GMT-0500,1851.4920000000002,1849.9979999999998,0.002,0.002
19.03.2020 08:38:27.582 GMT-0500,1853.582,1849.997,0.0008,0.002
19.03.2020 08:38:28.430 GMT-0500,1853.582,1849.9979999999998,0.002,0.002
19.03.2020 08:38:28.481 GMT-0500,1853.582,1849.9979999999998,0.002,0.002
19.03.2020 08:38:28.580 GMT-0500,1853.582,1849.9979999999998,0.002,0.002
19.03.2020 08:38:29.400 GMT-0500,1853.5829999999999,1849.9979999999998,0.002,0.0008
19.03.2020 08:38:29.451 GMT-0500,1853.582,1850.8370000000002,0.0008,0.002
19.03.2020 08:38:29.501 GMT-0500,1853.582,1850.267,0.0008,0.002
19.03.2020 08:38:29.585 GMT-0500,1851.9920000000002,1850.268,0.002,0.002
19.03.2020 08:38:29.732 GMT-0500,1852.7420000000002,1851.1470000000002,0.0008,0.002
19.03.2020 08:38:29.968 GMT-0500,1852.7420000000002,1851.148,0.002,0.002
19.03.2020 08:38:30.018 GMT-0500,1852.7320000000002,1851.038,0.002,0.002
19.03.2020 08:38:30.209 GMT-0500,1852.7320000000002,1849.997,0.0008,0.002
19.03.2020 08:38:30.563 GMT-0500,1852.7220000000002,1851.1070000000002,0.0008,0.002
19.03.2020 08:38:30.967 GMT-0500,1852.7220000000002,1851.108,0.002,0.002
19.03.2020 08:38:31.018 GMT-0500,1853.2520000000002,1851.388,0.002,0.002
19.03.2020 08:38:31.790 GMT-0500,1853.402,1851.388,0.002,0.002
19.03.2020 08:38:32.230 GMT-0500,1853.402,1852.1870000000001,0.0008,0.0008
19.03.2020 08:38:32.330 GMT-0500,1853.582,1852.1979999999999,0.002,0.002
19.03.2020 08:38:32.419 GMT-0500,1853.5420000000001,1852.1979999999999,0.0008,0.0008
19.03.2020 08:38:32.586 GMT-0500,1853.543,1851.517,0.002,0.002
19.03.2020 08:38:32.814 GMT-0500,1853.5829999999999,1851.517,0.002,0.002
19.03.2020 08:38:32.865 GMT-0500,1853.023,1851.517,0.002,0.002
19.03.2020 08:38:32.916 GMT-0500,1853.0220000000002,1851.038,0.002,0.002
19.03.2020 08:38:34.319 GMT-0500,1853.5829999999999,1851.038,0.002,0.002
19.03.2020 08:38:34.370 GMT-0500,1853.5829999999999,1852.038,0.002,0.0008
19.03.2020 08:38:34.832 GMT-0500,1855.003,1852.038,0.002,0.002
19.03.2020 08:38:34.882 GMT-0500,1855.003,1852.6170000000002,0.002,0.002
19.03.2020 08:38:35.531 GMT-0500,1853.9220000000003,1852.6170000000002,0.0008,0.0008
19.03.2020 08:38:35.581 GMT-0500,1853.9220000000003,1852.0470000000003,0.0008,0.002
19.03.2020 08:38:35.993 GMT-0500,1853.9220000000003,1849.9979999999998,0.002,0.002
19.03.2020 08:38:36.402 GMT-0500,1853.9220000000003,1852.048,0.002,0.0008
19.03.2020 08:38:37.676 GMT-0500,1852.9720000000002,1852.048,0.0008,0.0008
19.03.2020 08:38:37.727 GMT-0500,1852.9720000000002,1851.038,0.002,0.002
19.03.2020 08:38:39.778 GMT-0500,1852.9720000000002,1849.9979999999998,0.002,0.002
19.03.2020 08:38:40.104 GMT-0500,1852.973,1851.0370000000003,0.002,0.002
19.03.2020 08:38:41.552 GMT-0500,1852.973,1849.997,0.002,0.002
19.03.2020 08:38:41.603 GMT-0500,1852.7920000000001,1849.997,0.0008,0.002
19.03.2020 08:38:41.913 GMT-0500,1852.7920000000001,1849.997,0.002,0.002
19.03.2020 08:38:42.753 GMT-0500,1852.2120000000002,1849.997,0.0008,0.002
19.03.2020 08:38:42.957 GMT-0500,1852.003,1851.0370000000003,0.0008,0.002
19.03.2020 08:38:43.464 GMT-0500,1852.003,1849.997,0.002,0.002
19.03.2020 08:38:43.628 GMT-0500,1855.0020000000002,1851.527,0.0008,0.002
19.03.2020 08:38:43.678 GMT-0500,1853.3129999999999,1851.528,0.002,0.0008
19.03.2020 08:38:46.105 GMT-0500,1853.3129999999999,1851.528,0.002,0.002
19.03.2020 08:38:46.156 GMT-0500,1855.0020000000002,1852.6170000000002,0.0008,0.002
19.03.2020 08:38:46.206 GMT-0500,1855.003,1852.788,0.002,0.0008
19.03.2020 08:38:46.324 GMT-0500,1853.8120000000001,1851.3570000000002,0.0008,0.002
19.03.2020 08:38:46.449 GMT-0500,1853.493,1851.3570000000002,0.0008,0.0008
19.03.2020 08:38:46.499 GMT-0500,1853.493,1851.2079999999999,0.002,0.0008
19.03.2020 08:38:47.739 GMT-0500,1853.4720000000002,1851.2079999999999,0.0008,0.002
19.03.2020 08:38:47.840 GMT-0500,1852.342,1849.997,0.0008,0.002
19.03.2020 08:38:47.890 GMT-0500,1851.6720000000003,1849.9979999999998,0.002,0.002
19.03.2020 08:38:48.532 GMT-0500,1851.6720000000003,1847.9979999999998,0.002,0.002
19.03.2020 08:38:48.583 GMT-0500,1850.5720000000001,1847.9979999999998,0.002,0.002
19.03.2020 08:38:48.896 GMT-0500,1851.6620000000003,1847.9979999999998,0.002,0.002
19.03.2020 08:38:48.947 GMT-0500,1851.6620000000003,1849.237,0.0008,0.002
19.03.2020 08:38:48.997 GMT-0500,1851.5629999999999,1849.4579999999999,0.002,0.0008
19.03.2020 08:38:49.048 GMT-0500,1851.5620000000001,1847.997,0.0008,0.002
19.03.2020 08:38:49.098 GMT-0500,1850.453,1847.9979999999998,0.002,0.0008
19.03.2020 08:38:49.527 GMT-0500,1850.4320000000002,1847.9979999999998,0.002,0.002
19.03.2020 08:38:49.628 GMT-0500,1850.423,1847.997,0.002,0.002
19.03.2020 08:38:49.753 GMT-0500,1850.4220000000003,1847.997,0.0008,0.002
19.03.2020 08:38:49.912 GMT-0500,1850.4120000000003,1847.9979999999998,0.0008,0.002
19.03.2020 08:38:50.317 GMT-0500,1850.4120000000003,1849.007,0.0008,0.002
19.03.2020 08:38:52.414 GMT-0500,1851.023,1847.997,0.0008,0.002
19.03.2020 08:38:52.949 GMT-0500,1852.023,1850.6070000000002,0.002,0.002
19.03.2020 08:38:53.248 GMT-0500,1852.023,1850.6070000000002,0.002,0.002
19.03.2020 08:38:53.713 GMT-0500,1852.023,1851.038,0.002,0.0008
19.03.2020 08:38:54.424 GMT-0500,1852.9920000000002,1851.2179999999998,0.002,0.002
19.03.2020 08:38:55.219 GMT-0500,1852.9720000000002,1850.798,0.002,0.002
19.03.2020 08:38:55.665 GMT-0500,1853.5520000000001,1850.798,0.002,0.002
19.03.2020 08:38:55.739 GMT-0500,1853.5520000000001,1852.6620000000003,0.002,0.0008
19.03.2020 08:38:55.789 GMT-0500,1853.5520000000001,1852.3170000000002,0.0008,0.002
19.03.2020 08:38:55.840 GMT-0500,1853.9220000000003,1852.018,0.002,0.002
19.03.2020 08:38:56.171 GMT-0500,1855.003,1852.018,0.002,0.0008
19.03.2020 08:38:56.289 GMT-0500,1855.003,1853.5870000000002,0.002,0.0008
19.03.2020 08:38:56.339 GMT-0500,1854.9720000000002,1853.2970000000003,0.0008,0.002
19.03.2020 08:38:56.485 GMT-0500,1855.0020000000002,1853.2970000000003,0.0008,0.002
19.03.2020 08:38:56.535 GMT-0500,1854.973,1853.298,0.002,0.0008
19.03.2020 08:38:56.967 GMT-0500,1855.003,1853.298,0.002,0.0008
19.03.2020 08:38:57.018 GMT-0500,1854.9720000000002,1853.2970000000003,0.0008,0.002
19.03.2020 08:38:57.277 GMT-0500,1854.9720000000002,1853.1620000000003,0.0008,0.0008
19.03.2020 08:38:57.746 GMT-0500,1854.4420000000002,1853.2970000000003,0.0008,0.002
19.03.2020 08:38:57.796 GMT-0500,1854.9720000000002,1853.2970000000003,0.0008,0.002
19.03.2020 08:38:57.846 GMT-0500,1853.713,1852.0870000000002,0.002,0.002
19.03.2020 08:38:58.187 GMT-0500,1853.713,1851.4279999999999,0.002,0.0008
19.03.2020 08:38:58.851 GMT-0500,1853.4920000000002,1851.4279999999999,0.0008,0.002
19.03.2020 08:38:59.096 GMT-0500,1855.0020000000002,1851.4279999999999,0.002,0.002
19.03.2020 08:39:00.233 GMT-0500,1855.003,1851.497,0.002,0.0008
19.03.2020 08:39:01.432 GMT-0500,1854.0020000000002,1850.5770000000002,0.0008,0.002
19.03.2020 08:39:01.907 GMT-0500,1854.0020000000002,1850.5770000000002,0.0008,0.002
19.03.2020 08:39:03.298 GMT-0500,1854.0020000000002,1850.5770000000002,0.002,0.002
19.03.2020 08:39:03.754 GMT-0500,1854.003,1850.5770000000002,0.002,0.002
19.03.2020 08:39:03.804 GMT-0500,1854.003,1850.5770000000002,0.002,0.002
19.03.2020 08:39:03.977 GMT-0500,1852.7520000000002,1851.4379999999999,0.002,0.002
19.03.2020 08:39:04.027 GMT-0500,1852.7520000000002,1851.068,0.002,0.002
19.03.2020 08:39:04.532 GMT-0500,1852.763,1851.068,0.002,0.0008
19.03.2020 08:39:04.582 GMT-0500,1854.0020000000002,1852.378,0.002,0.002
19.03.2020 08:39:04.632 GMT-0500,1854.0020000000002,1852.007,0.0008,0.002
19.03.2020 08:39:04.683 GMT-0500,1853.253,1852.007,0.002,0.002
19.03.2020 08:39:05.546 GMT-0500,1854.253,1853.2579999999998,0.002,0.0008
19.03.2020 08:39:05.596 GMT-0500,1854.8629999999998,1853.257,0.002,0.002
19.03.2020 08:39:05.647 GMT-0500,1854.8629999999998,1852.9979999999998,0.002,0.0008
19.03.2020 08:39:08.737 GMT-0500,1855.0020000000002,1852.9979999999998,0.002,0.002
19.03.2020 08:39:10.838 GMT-0500,1854.0020000000002,1852.858,0.002,0.002
19.03.2020 08:39:10.888 GMT-0500,1854.862,1850.997,0.0008,0.002
19.03.2020 08:39:12.138 GMT-0500,1854.862,1850.997,0.002,0.002
19.03.2020 08:39:12.501 GMT-0500,1854.0629999999999,1850.997,0.002,0.002
19.03.2020 08:39:14.083 GMT-0500,1853.6129999999998,1850.997,0.002,0.002
19.03.2020 08:39:15.503 GMT-0500,1853.6129999999998,1850.997,0.002,0.002
19.03.2020 08:39:15.793 GMT-0500,1853.6129999999998,1852.158,0.0008,0.0008
19.03.2020 08:39:15.844 GMT-0500,1853.8229999999999,1852.158,0.002,0.0008
19.03.2020 08:39:16.289 GMT-0500,1853.8229999999999,1852.3070000000002,0.002,0.002
19.03.2020 08:39:18.237 GMT-0500,1854.5929999999998,1852.3070000000002,0.002,0.002
19.03.2020 08:39:19.047 GMT-0500,1854.5929999999998,1852.1570000000002,0.002,0.002
19.03.2020 08:39:20.204 GMT-0500,1853.9120000000003,1852.1570000000002,0.0008,0.002
19.03.2020 08:39:20.385 GMT-0500,1853.9120000000003,1852.1570000000002,0.002,0.002
19.03.2020 08:39:21.246 GMT-0500,1853.6820000000002,1852.1570000000002,0.0008,0.002
19.03.2020 08:39:22.180 GMT-0500,1853.683,1852.1570000000002,0.002,0.002
19.03.2020 08:39:23.053 GMT-0500,1853.683,1852.1570000000002,0.002,0.002
19.03.2020 08:39:23.319 GMT-0500,1853.683,1852.1570000000002,0.002,0.002
19.03.2020 08:39:23.967 GMT-0500,1852.605,1852.1570000000002,0.0008,0.0008
19.03.2020 08:39:24.018 GMT-0500,1852.8120000000001,1850.9979999999998,0.002,0.002
19.03.2020 08:39:24.319 GMT-0500,1855.003,1851.518,0.002,0.0008
19.03.2020 08:39:24.483 GMT-0500,1852.8220000000001,1851.517,0.0008,0.002
19.03.2020 08:39:24.630 GMT-0500,1853.6229999999998,1850.997,0.002,0.002
19.03.2020 08:39:24.906 GMT-0500,1853.6229999999998,1850.9979999999998,0.002,0.0008
19.03.2020 08:39:25.482 GMT-0500,1852.993,1850.9979999999998,0.0008,0.0008
19.03.2020 08:39:25.674 GMT-0500,1852.993,1850.997,0.002,0.002
19.03.2020 08:39:26.067 GMT-0500,1852.402,1851.257,0.0008,0.0008
19.03.2020 08:39:26.117 GMT-0500,1853.352,1851.257,0.0008,0.002
19.03.2020 08:39:26.218 GMT-0500,1853.2920000000001,1850.997,0.0008,0.002
19.03.2020 08:39:26.286 GMT-0500,1853.2920000000001,1850.997,0.002,0.002
19.03.2020 08:39:26.394 GMT-0500,1853.293,1850.997,0.002,0.002
19.03.2020 08:39:26.495 GMT-0500,1852.4420000000002,1851.0079999999998,0.002,0.002
19.03.2020 08:39:27.457 GMT-0500,1851.6720000000003,1847.9979999999998,0.002,0.002
19.03.2020 08:39:29.369 GMT-0500,1855.003,1852.108,0.002,0.0008
19.03.2020 08:39:29.419 GMT-0500,1855.003,1851.6879999999999,0.002,0.0008
19.03.2020 08:39:29.640 GMT-0500,1855.003,1851.767,0.002,0.0008
19.03.2020 08:39:29.741 GMT-0500,1854.622,1851.768,0.002,0.002
19.03.2020 08:39:29.887 GMT-0500,1853.6920000000002,1851.768,0.002,0.002
19.03.2020 08:39:31.849 GMT-0500,1852.9120000000003,1851.4170000000001,0.0008,0.002
19.03.2020 08:39:32.613 GMT-0500,1852.913,1851.277,0.002,0.002
19.03.2020 08:39:32.823 GMT-0500,1852.832,1851.277,0.0008,0.002
19.03.2020 08:39:33.924 GMT-0500,1852.8329999999999,1851.268,0.002,0.0008
19.03.2020 08:39:37.167 GMT-0500,1855.0020000000002,1851.278,0.002,0.0008
19.03.2020 08:39:37.526 GMT-0500,1855.003,1851.5670000000002,0.002,0.002
19.03.2020 08:39:37.867 GMT-0500,1855.003,1851.418,0.002,0.0008
19.03.2020 08:39:38.167 GMT-0500,1853.143,1851.278,0.002,0.0008
19.03.2020 08:39:38.218 GMT-0500,1854.902,1851.278,0.002,0.002
19.03.2020 08:39:38.411 GMT-0500,1854.3129999999999,1851.278,0.0008,0.0008
19.03.2020 08:39:38.462 GMT-0500,1854.3129999999999,1851.257,0.002,0.002
19.03.2020 08:39:39.138 GMT-0500,1854.3129999999999,1852.707,0.002,0.0008
19.03.2020 08:39:39.189 GMT-0500,1854.903,1852.7079999999999,0.002,0.0008
19.03.2020 08:39:39.248 GMT-0500,1854.903,1852.7079999999999,0.002,0.0008
19.03.2020 08:39:40.131 GMT-0500,1854.2020000000002,1852.7079999999999,0.002,0.002
19.03.2020 08:39:40.678 GMT-0500,1854.193,1852.707,0.002,0.002
19.03.2020 08:39:41.570 GMT-0500,1854.903,1852.707,0.002,0.002
19.03.2020 08:39:41.975 GMT-0500,1854.903,1852.707,0.002,0.002
19.03.2020 08:39:42.187 GMT-0500,1853.9620000000002,1852.707,0.0008,0.0008
19.03.2020 08:39:42.238 GMT-0500,1853.9620000000002,1852.6979999999999,0.002,0.002
19.03.2020 08:39:42.848 GMT-0500,1853.963,1852.707,0.002,0.002
19.03.2020 08:39:43.096 GMT-0500,1853.963,1852.7079999999999,0.002,0.0008
19.03.2020 08:39:43.236 GMT-0500,1854.902,1852.908,0.002,0.002
19.03.2020 08:39:44.387 GMT-0500,1854.902,1852.8970000000002,0.002,0.002
19.03.2020 08:39:44.438 GMT-0500,1853.993,1852.8970000000002,0.002,0.002
19.03.2020 08:39:46.072 GMT-0500,1853.993,1851.257,0.002,0.002
19.03.2020 08:39:46.123 GMT-0500,1853.4520000000002,1851.257,0.0008,0.002
19.03.2020 08:39:46.623 GMT-0500,1853.372,1851.2579999999998,0.0008,0.002
19.03.2020 08:39:46.724 GMT-0500,1854.903,1851.257,0.002,0.002
19.03.2020 08:39:46.793 GMT-0500,1854.903,1851.257,0.002,0.002
19.03.2020 08:39:46.942 GMT-0500,1852.7220000000002,1851.2579999999998,0.0008,0.002
19.03.2020 08:39:46.992 GMT-0500,1853.872,1851.2579999999998,0.002,0.002
19.03.2020 08:39:47.278 GMT-0500,1853.8729999999998,1851.257,0.002,0.002
19.03.2020 08:39:48.070 GMT-0500,1853.8729999999998,1851.2579999999998,0.0008,0.0008
19.03.2020 08:39:48.122 GMT-0500,1853.733,1851.257,0.002,0.002
19.03.2020 08:39:48.172 GMT-0500,1854.902,1851.3470000000002,0.0008,0.002
19.03.2020 08:39:48.222 GMT-0500,1854.902,1851.348,0.002,0.002
19.03.2020 08:39:48.449 GMT-0500,1854.903,1851.257,0.002,0.002
19.03.2020 08:39:48.608 GMT-0500,1853.003,1851.257,0.0008,0.002
19.03.2020 08:39:48.726 GMT-0500,1853.003,1851.2579999999998,0.0008,0.0008
19.03.2020 08:39:48.776 GMT-0500,1854.003,1851.2579999999998,0.002,0.0008
19.03.2020 08:39:48.849 GMT-0500,1854.003,1851.257,0.002,0.002
19.03.2020 08:39:48.957 GMT-0500,1853.7820000000002,1851.257,0.0008,0.002
19.03.2020 08:39:49.008 GMT-0500,1853.983,1851.2579999999998,0.002,0.0008
19.03.2020 08:39:50.257 GMT-0500,1853.983,1851.257,0.002,0.002
19.03.2020 08:39:50.427 GMT-0500,1853.342,1851.257,0.0008,0.002
19.03.2020 08:39:50.477 GMT-0500,1854.903,1851.257,0.002,0.002
19.03.2020 08:39:50.528 GMT-0500,1852.6920000000002,1851.257,0.0008,0.002
19.03.2020 08:39:50.829 GMT-0500,1852.693,1851.257,0.002,0.002
19.03.2020 08:39:51.861 GMT-0500,1852.693,1851.2579999999998,0.002,0.0008
19.03.2020 08:39:52.402 GMT-0500,1852.6720000000003,1850.1870000000001,0.002,0.002
19.03.2020 08:39:52.452 GMT-0500,1852.023,1850.1870000000001,0.002,0.002
19.03.2020 08:39:52.994 GMT-0500,1852.0220000000002,1850.1879999999999,0.002,0.002
19.03.2020 08:39:53.579 GMT-0500,1851.993,1850.1870000000001,0.0008,0.002
19.03.2020 08:39:53.630 GMT-0500,1851.993,1850.018,0.002,0.0008
19.03.2020 08:39:55.414 GMT-0500,1852.4920000000002,1850.017,0.0008,0.002
19.03.2020 08:39:55.882 GMT-0500,1852.483,1850.018,0.002,0.0008
19.03.2020 08:39:55.933 GMT-0500,1852.693,1851.0770000000002,0.002,0.002
19.03.2020 08:39:56.726 GMT-0500,1852.6920000000002,1851.0770000000002,0.0008,0.0008
19.03.2020 08:39:56.777 GMT-0500,1852.6920000000002,1851.068,0.002,0.002
19.03.2020 08:39:56.828 GMT-0500,1852.693,1850.017,0.002,0.002
19.03.2020 08:39:57.122 GMT-0500,1852.693,1850.018,0.002,0.0008
19.03.2020 08:39:57.475 GMT-0500,1851.8829999999998,1850.018,0.0008,0.0008
19.03.2020 08:39:58.056 GMT-0500,1852.3020000000001,1850.017,0.0008,0.002
19.03.2020 08:39:58.323 GMT-0500,1851.882,1850.017,0.0008,0.002
19.03.2020 08:39:59.172 GMT-0500,1851.9920000000002,1850.018,0.002,0.002
19.03.2020 08:39:59.872 GMT-0500,1851.9920000000002,1850.017,0.002,0.002
19.03.2020 08:39:59.973 GMT-0500,1851.9820000000002,1850.207,0.0008,0.002
19.03.2020 08:40:00.102 GMT-0500,1852.6920000000002,1851.078,0.002,0.002
19.03.2020 08:40:00.679 GMT-0500,1852.6920000000002,1850.2079999999999,0.002,0.002
19.03.2020 08:40:00.729 GMT-0500,1852.683,1850.2079999999999,0.002,0.0008
19.03.2020 08:40:00.779 GMT-0500,1853.783,1852.148,0.002,0.0008
19.03.2020 08:40:00.900 GMT-0500,1853.7820000000002,1850.2079999999999,0.002,0.002
19.03.2020 08:40:01.011 GMT-0500,1853.8629999999998,1852.1470000000002,0.002,0.002
19.03.2020 08:40:01.062 GMT-0500,1853.862,1850.207,0.0008,0.002
19.03.2020 08:40:02.189 GMT-0500,1853.8629999999998,1852.1570000000002,0.002,0.002
19.03.2020 08:40:02.240 GMT-0500,1853.862,1849.997,0.0008,0.002
19.03.2020 08:40:02.375 GMT-0500,1853.862,1852.168,0.002,0.0008
19.03.2020 08:40:02.610 GMT-0500,1853.862,1849.997,0.0008,0.002
19.03.2020 08:40:02.838 GMT-0500,1853.8629999999998,1849.997,0.002,0.002
19.03.2020 08:40:03.164 GMT-0500,1853.8629999999998,1849.9979999999998,0.002,0.0008
19.03.2020 08:40:03.920 GMT-0500,1853.8429999999998,1849.9979999999998,0.002,0.0008
19.03.2020 08:40:03.970 GMT-0500,1852.983,1849.997,0.002,0.002
19.03.2020 08:40:04.084 GMT-0500,1852.983,1849.9979999999998,0.002,0.0008
19.03.2020 08:40:04.162 GMT-0500,1852.983,1850.1979999999999,0.002,0.0008
19.03.2020 08:40:04.567 GMT-0500,1852.983,1850.168,0.002,0.002
19.03.2020 08:40:04.617 GMT-0500,1852.983,1850.168,0.002,0.0008
19.03.2020 08:40:04.667 GMT-0500,1851.953,1849.997,0.002,0.002
19.03.2020 08:40:04.927 GMT-0500,1851.953,1850.1770000000001,0.002,0.0008
19.03.2020 08:40:05.234 GMT-0500,1851.9520000000002,1850.1779999999999,0.002,0.002
19.03.2020 08:40:05.903 GMT-0500,1851.9520000000002,1850.1779999999999,0.002,0.002
19.03.2020 08:40:06.003 GMT-0500,1851.7320000000002,1849.997,0.0008,0.002
19.03.2020 08:40:06.258 GMT-0500,1851.7320000000002,1849.9979999999998,0.002,0.002
19.03.2020 08:40:06.359 GMT-0500,1851.5929999999998,1850.217,0.002,0.002
19.03.2020 08:40:06.409 GMT-0500,1851.8729999999998,1850.2179999999998,0.002,0.0008
19.03.2020 08:40:06.459 GMT-0500,1851.872,1850.2279999999998,0.002,0.002
19.03.2020 08:40:06.968 GMT-0500,1851.8729999999998,1850.2179999999998,0.002,0.0008
19.03.2020 08:40:07.044 GMT-0500,1851.0620000000001,1850.217,0.0008,0.002
19.03.2020 08:40:07.499 GMT-0500,1851.9520000000002,1850.6370000000002,0.0008,0.002
19.03.2020 08:40:07.550 GMT-0500,1851.9520000000002,1850.2279999999998,0.002,0.002
19.03.2020 08:40:07.650 GMT-0500,1854.903,1851.1170000000002,0.002,0.002
19.03.2020 08:40:07.700 GMT-0500,1854.903,1851.3270000000002,0.002,0.002
19.03.2020 08:40:07.815 GMT-0500,1852.9820000000002,1851.3270000000002,0.0008,0.002
19.03.2020 08:40:08.234 GMT-0500,1854.902,1851.3270000000002,0.002,0.002
19.03.2020 08:40:08.285 GMT-0500,1854.902,1851.328,0.002,0.002
19.03.2020 08:40:08.403 GMT-0500,1852.173,1849.9979999999998,0.0008,0.0008
19.03.2020 08:40:08.455 GMT-0500,1852.143,1849.997,0.002,0.002
19.03.2020 08:40:08.801 GMT-0500,1852.143,1850.2279999999998,0.002,0.0008
19.03.2020 08:40:09.471 GMT-0500,1852.143,1849.9979999999998,0.002,0.002
19.03.2020 08:40:09.521 GMT-0500,1851.893,1849.9979999999998,0.002,0.0008
19.03.2020 08:40:10.510 GMT-0500,1851.893,1849.9979999999998,0.002,0.0008
19.03.2020 08:40:10.610 GMT-0500,1850.8829999999998,1849.0079999999998,0.002,0.0008
19.03.2020 08:40:10.710 GMT-0500,1850.9820000000002,1847.997,0.0008,0.002
19.03.2020 08:40:11.777 GMT-0500,1850.9820000000002,1848.058,0.002,0.0008
19.03.2020 08:40:12.330 GMT-0500,1849.983,1848.058,0.002,0.0008
19.03.2020 08:40:12.559 GMT-0500,1849.983,1848.068,0.002,0.0008
19.03.2020 08:40:13.933 GMT-0500,1849.3229999999999,1848.0570000000002,0.002,0.002
19.03.2020 08:40:14.020 GMT-0500,1849.3129999999999,1847.997,0.002,0.002
19.03.2020 08:40:14.200 GMT-0500,1848.653,1845.9979999999998,0.0008,0.0008
19.03.2020 08:40:14.251 GMT-0500,1849.3129999999999,1845.9979999999998,0.002,0.0008
19.03.2020 08:40:14.957 GMT-0500,1849.3129999999999,1845.9979999999998,0.002,0.002
19.03.2020 08:40:15.531 GMT-0500,1849.3020000000001,1847.7279999999998,0.0008,0.002
19.03.2020 08:40:15.631 GMT-0500,1849.3129999999999,1845.9979999999998,0.002,0.0008
19.03.2020 08:40:16.069 GMT-0500,1849.3129999999999,1845.997,0.002,0.002
19.03.2020 08:40:16.120 GMT-0500,1850.7320000000002,1849.727,0.0008,0.002
19.03.2020 08:40:17.276 GMT-0500,1851.923,1850.467,0.002,0.002
19.03.2020 08:40:18.642 GMT-0500,1851.923,1849.768,0.002,0.002
19.03.2020 08:40:18.693 GMT-0500,1851.923,1849.768,0.002,0.0008
19.03.2020 08:40:19.464 GMT-0500,1853.2820000000002,1849.768,0.002,0.002
19.03.2020 08:40:19.776 GMT-0500,1853.2820000000002,1850.007,0.0008,0.002
19.03.2020 08:40:23.857 GMT-0500,1851.8429999999998,1850.007,0.002,0.002
19.03.2020 08:40:24.030 GMT-0500,1851.8429999999998,1850.007,0.002,0.002
19.03.2020 08:40:24.182 GMT-0500,1851.8120000000001,1850.0079999999998,0.002,0.002
19.03.2020 08:40:24.295 GMT-0500,1851.8120000000001,1850.007,0.002,0.002
19.03.2020 08:40:24.396 GMT-0500,1851.7620000000002,1850.007,0.0008,0.002
19.03.2020 08:40:24.579 GMT-0500,1851.7620000000002,1850.0079999999998,0.002,0.002
19.03.2020 08:40:25.865 GMT-0500,1851.753,1850.007,0.002,0.002
19.03.2020 08:40:26.055 GMT-0500,1851.7220000000002,1850.0079999999998,0.002,0.002
19.03.2020 08:40:26.447 GMT-0500,1851.7220000000002,1850.6070000000002,0.0008,0.0008
19.03.2020 08:40:26.594 GMT-0500,1854.903,1851.268,0.002,0.0008
19.03.2020 08:40:26.711 GMT-0500,1853.8829999999998,1850.558,0.002,0.0008
19.03.2020 08:40:27.852 GMT-0500,1851.3429999999998,1850.217,0.002,0.002
19.03.2020 08:40:28.404 GMT-0500,1849.743,1848.138,0.002,0.0008
19.03.2020 08:40:28.530 GMT-0500,1849.743,1845.997,0.002,0.002
19.03.2020 08:40:28.651 GMT-0500,1849.283,1848.007,0.002,0.002
19.03.2020 08:40:28.766 GMT-0500,1851.082,1848.0079999999998,0.002,0.002
19.03.2020 08:40:29.294 GMT-0500,1851.082,1848.0079999999998,0.002,0.002
19.03.2020 08:40:29.344 GMT-0500,1851.082,1848.0079999999998,0.002,0.002
19.03.2020 08:40:30.386 GMT-0500,1851.0829999999999,1848.0079999999998,0.002,0.0008
19.03.2020 08:40:32.371 GMT-0500,1851.0829999999999,1848.007,0.0008,0.002
19.03.2020 08:40:32.601 GMT-0500,1848.382,1845.9979999999998,0.002,0.002
19.03.2020 08:40:32.775 GMT-0500,1849.253,1845.997,0.0008,0.002
19.03.2020 08:40:33.189 GMT-0500,1849.283,1845.9979999999998,0.002,0.0008
19.03.2020 08:40:33.286 GMT-0500,1849.283,1847.5470000000003,0.002,0.0008
19.03.2020 08:40:33.590 GMT-0500,1849.283,1845.9979999999998,0.002,0.002
19.03.2020 08:40:33.641 GMT-0500,1849.283,1845.9979999999998,0.002,0.0008
19.03.2020 08:40:33.966 GMT-0500,1849.283,1847.007,0.002,0.0008
19.03.2020 08:40:35.271 GMT-0500,1849.2820000000002,1847.007,0.0008,0.0008
19.03.2020 08:40:35.321 GMT-0500,1849.2820000000002,1845.997,0.0008,0.002
19.03.2020 08:40:36.149 GMT-0500,1849.2820000000002,1845.997,0.002,0.002
19.03.2020 08:40:36.582 GMT-0500,1848.0320000000002,1845.9979999999998,0.002,0.002
19.03.2020 08:40:36.901 GMT-0500,1848.033,1845.9979999999998,0.002,0.0008
19.03.2020 08:40:37.412 GMT-0500,1848.033,1845.9979999999998,0.0008,0.0008
19.03.2020 08:40:37.721 GMT-0500,1848.3229999999999,1845.997,0.0008,0.002
19.03.2020 08:40:38.558 GMT-0500,1848.3229999999999,1845.9979999999998,0.0008,0.0008
19.03.2020 08:40:38.609 GMT-0500,1848.793,1845.9979999999998,0.002,0.0008
19.03.2020 08:40:38.802 GMT-0500,1848.793,1847.4370000000001,0.002,0.0008
19.03.2020 08:40:39.039 GMT-0500,1849.9820000000002,1847.4370000000001,0.0008,0.002
19.03.2020 08:40:39.243 GMT-0500,1848.793,1847.4370000000001,0.0008,0.0008
19.03.2020 08:40:39.293 GMT-0500,1848.793,1845.9979999999998,0.002,0.0008
19.03.2020 08:40:39.405 GMT-0500,1848.793,1845.997,0.002,0.002
19.03.2020 08:40:39.508 GMT-0500,1848.513,1845.9979999999998,0.002,0.002
19.03.2020 08:40:39.558 GMT-0500,1848.5120000000002,1845.9979999999998,0.002,0.002
19.03.2020 08:40:39.728 GMT-0500,1848.1029999999998,1845.997,0.002,0.002
19.03.2020 08:40:41.364 GMT-0500,1849.9820000000002,1845.997,0.0008,0.002
19.03.2020 08:40:41.679 GMT-0500,1849.9820000000002,1845.9979999999998,0.002,0.002
19.03.2020 08:40:42.594 GMT-0500,1849.9820000000002,1845.9979999999998,0.002,0.002
19.03.2020 08:40:42.932 GMT-0500,1845.043,1843.4779999999998,0.002,0.0008
19.03.2020 08:40:42.983 GMT-0500,1845.7920000000001,1843.477,0.0008,0.002
19.03.2020 08:40:43.481 GMT-0500,1845.7920000000001,1843.4979999999998,0.002,0.002
19.03.2020 08:40:44.810 GMT-0500,1844.9920000000002,1843.4779999999998,0.002,0.002
19.03.2020 08:40:44.978 GMT-0500,1844.9920000000002,1840.997,0.0008,0.002
19.03.2020 08:40:45.820 GMT-0500,1844.9920000000002,1840.997,0.002,0.002
19.03.2020 08:40:45.921 GMT-0500,1843.943,1840.997,0.002,0.002
19.03.2020 08:40:47.202 GMT-0500,1843.943,1842.6070000000002,0.002,0.0008
19.03.2020 08:40:47.420 GMT-0500,1844.902,1840.9979999999998,0.002,0.002
19.03.2020 08:40:47.817 GMT-0500,1844.902,1842.628,0.002,0.0008
19.03.2020 08:40:48.727 GMT-0500,1844.513,1840.9979999999998,0.002,0.0008
19.03.2020 08:40:48.878 GMT-0500,1844.1229999999998,1840.9979999999998,0.0008,0.0008
19.03.2020 08:40:50.324 GMT-0500,1843.743,1842.007,0.002,0.0008
19.03.2020 08:40:51.278 GMT-0500,1844.0629999999999,1842.507,0.002,0.002
19.03.2020 08:40:51.329 GMT-0500,1844.7020000000002,1842.5079999999998,0.002,0.002
19.03.2020 08:40:53.448 GMT-0500,1844.7020000000002,1842.007,0.0008,0.002
19.03.2020 08:40:53.749 GMT-0500,1844.703,1840.997,0.002,0.002
19.03.2020 08:40:54.110 GMT-0500,1844.882,1840.997,0.002,0.002
19.03.2020 08:40:55.799 GMT-0500,1845.352,1842.9979999999998,0.002,0.0008
19.03.2020 08:40:55.940 GMT-0500,1844.882,1842.9979999999998,0.0008,0.002
19.03.2020 08:40:56.201 GMT-0500,1845.352,1842.9979999999998,0.002,0.002
19.03.2020 08:40:56.258 GMT-0500,1844.8829999999998,1842.997,0.002,0.002
19.03.2020 08:40:56.675 GMT-0500,1846.663,1842.997,0.002,0.002
19.03.2020 08:40:57.029 GMT-0500,1846.663,1843.868,0.002,0.0008
19.03.2020 08:40:57.200 GMT-0500,1846.663,1843.868,0.002,0.0008
19.03.2020 08:40:57.609 GMT-0500,1845.7420000000002,1843.8670000000002,0.0008,0.002
19.03.2020 08:40:57.966 GMT-0500,1845.652,1843.8670000000002,0.0008,0.002
19.03.2020 08:40:58.190 GMT-0500,1846.025,1843.878,0.0008,0.0008
19.03.2020 08:40:58.341 GMT-0500,1846.403,1844.4370000000001,0.002,0.002
19.03.2020 08:40:58.934 GMT-0500,1846.403,1844.9070000000002,0.002,0.0008
19.03.2020 08:40:59.109 GMT-0500,1846.003,1844.9070000000002,0.002,0.002
19.03.2020 08:40:59.230 GMT-0500,1845.9920000000002,1844.8970000000002,0.0008,0.002
19.03.2020 08:40:59.539 GMT-0500,1846.5829999999999,1845.7279999999998,0.002,0.0008
19.03.2020 08:41:00.224 GMT-0500,1847.013,1845.108,0.002,0.0008
19.03.2020 08:41:00.326 GMT-0500,1847.0120000000002,1844.898,0.002,0.002
19.03.2020 08:41:01.296 GMT-0500,1847.0120000000002,1844.9070000000002,0.0008,0.002
19.03.2020 08:41:01.495 GMT-0500,1847.0120000000002,1844.9270000000001,0.0008,0.0008
19.03.2020 08:41:02.906 GMT-0500,1847.013,1844.8970000000002,0.002,0.002
19.03.2020 08:41:02.956 GMT-0500,1847.0120000000002,1844.8970000000002,0.0008,0.002
19.03.2020 08:41:03.901 GMT-0500,1844.9920000000002,1842.9979999999998,0.002,0.002
19.03.2020 08:41:04.156 GMT-0500,1846.653,1844.4479999999999,0.002,0.0008
19.03.2020 08:41:04.869 GMT-0500,1846.653,1843.868,0.002,0.0008
19.03.2020 08:41:05.343 GMT-0500,1844.7620000000002,1842.997,0.0008,0.002
19.03.2020 08:41:06.255 GMT-0500,1845.7920000000001,1844.277,0.0008,0.002
19.03.2020 08:41:06.591 GMT-0500,1846.7120000000002,1844.1370000000002,0.0008,0.002
19.03.2020 08:41:06.758 GMT-0500,1846.7120000000002,1845.4270000000001,0.0008,0.0008
19.03.2020 08:41:14.115 GMT-0500,1848.3529999999998,1844.398,0.0008,0.0008
19.03.2020 08:41:16.910 GMT-0500,1848.3529999999998,1844.3970000000002,0.0008,0.002
19.03.2020 08:41:17.729 GMT-0500,1847.6029999999998,1844.1970000000001,0.002,0.0008
19.03.2020 08:41:18.029 GMT-0500,1847.6029999999998,1844.247,0.002,0.0008
19.03.2020 08:41:18.276 GMT-0500,1847.5929999999998,1844.237,0.002,0.002
19.03.2020 08:41:18.760 GMT-0500,1847.592,1843.9879999999998,0.002,0.002
19.03.2020 08:41:19.042 GMT-0500,1847.5929999999998,1844.128,0.002,0.0008
19.03.2020 08:41:19.120 GMT-0500,1847.5929999999998,1843.9979999999998,0.002,0.0008
19.03.2020 08:41:19.177 GMT-0500,1847.592,1844.078,0.002,0.002
19.03.2020 08:41:19.336 GMT-0500,1847.592,1844.078,0.002,0.002
19.03.2020 08:41:19.386 GMT-0500,1846.2920000000001,1842.997,0.0008,0.002
19.03.2020 08:41:20.339 GMT-0500,1846.2920000000001,1842.997,0.0008,0.002
19.03.2020 08:41:20.389 GMT-0500,1846.2820000000002,1842.997,0.0008,0.002
19.03.2020 08:41:21.411 GMT-0500,1846.2820000000002,1844.4070000000002,0.0008,0.0008
19.03.2020 08:41:21.463 GMT-0500,1846.3020000000001,1844.4070000000002,0.0008,0.002
19.03.2020 08:41:22.049 GMT-0500,1847.582,1845.0079999999998,0.002,0.0008
19.03.2020 08:41:22.760 GMT-0500,1847.5829999999999,1845.0079999999998,0.0008,0.0008
19.03.2020 08:41:23.088 GMT-0500,1847.602,1845.0079999999998,0.002,0.002
19.03.2020 08:41:23.701 GMT-0500,1847.6029999999998,1845.0079999999998,0.002,0.0008
19.03.2020 08:41:24.355 GMT-0500,1846.993,1845.0079999999998,0.0008,0.0008
19.03.2020 08:41:24.405 GMT-0500,1846.993,1842.9979999999998,0.002,0.0008
19.03.2020 08:41:25.020 GMT-0500,1846.0020000000002,1842.997,0.0008,0.002
19.03.2020 08:41:25.126 GMT-0500,1846.5629999999999,1842.9979999999998,0.002,0.0008
19.03.2020 08:41:25.408 GMT-0500,1846.5629999999999,1842.997,0.0008,0.002
19.03.2020 08:41:25.509 GMT-0500,1846.5520000000001,1844.4370000000001,0.0008,0.002
