Local time,Ask,Bid,AskVolume,BidVolume
17.03.2020 08:30:01.451 GMT-0500,1777.0020000000002,1774.477,0.0008,0.0008
17.03.2020 08:30:01.553 GMT-0500,1776.0220000000002,1774.477,0.0008,0.002
17.03.2020 08:30:02.043 GMT-0500,1775.2420000000002,1774.4479999999999,0.002,0.002
17.03.2020 08:30:02.095 GMT-0500,1776.0020000000002,1774.4470000000001,0.0008,0.002
17.03.2020 08:30:02.245 GMT-0500,1776.0020000000002,1774.4479999999999,0.002,0.002
17.03.2020 08:30:02.346 GMT-0500,1774.463,1771.038,0.002,0.0008
17.03.2020 08:30:02.402 GMT-0500,1774.463,1771.038,0.002,0.0008
17.03.2020 08:30:02.553 GMT-0500,1773.6720000000003,1771.038,0.0008,0.002
17.03.2020 08:30:02.741 GMT-0500,1776.003,1773.707,0.002,0.0008
17.03.2020 08:30:02.842 GMT-0500,1775.652,1774.0079999999998,0.002,0.002
17.03.2020 08:30:02.892 GMT-0500,1776.033,1774.007,0.002,0.002
17.03.2020 08:30:02.942 GMT-0500,1776.0320000000002,1774.4979999999998,0.002,0.002
17.03.2020 08:30:03.093 GMT-0500,1777.0529999999999,1773.9979999999998,0.002,0.0008
17.03.2020 08:30:03.143 GMT-0500,1780.003,1776.068,0.002,0.0008
17.03.2020 08:30:03.527 GMT-0500,1777.033,1774.207,0.002,0.002
17.03.2020 08:30:04.015 GMT-0500,1775.893,1773.9979999999998,0.002,0.0008
17.03.2020 08:30:04.117 GMT-0500,1775.902,1773.997,0.0008,0.002
17.03.2020 08:30:04.804 GMT-0500,1777.0520000000001,1773.9979999999998,0.002,0.002
17.03.2020 08:30:05.053 GMT-0500,1777.0529999999999,1774.788,0.002,0.0008
17.03.2020 08:30:05.209 GMT-0500,1777.0529999999999,1773.9979999999998,0.002,0.002
17.03.2020 08:30:05.714 GMT-0500,1777.0529999999999,1773.9979999999998,0.0008,0.002
17.03.2020 08:30:05.940 GMT-0500,1775.243,1773.997,0.002,0.002
17.03.2020 08:30:06.212 GMT-0500,1775.993,1773.997,0.002,0.002
17.03.2020 08:30:06.368 GMT-0500,1774.503,1772.997,0.002,0.002
17.03.2020 08:30:06.419 GMT-0500,1773.6129999999998,1771.0370000000003,0.002,0.002
17.03.2020 08:30:09.813 GMT-0500,1773.003,1771.0370000000003,0.002,0.002
17.03.2020 08:30:09.955 GMT-0500,1772.7820000000002,1771.0370000000003,0.0008,0.002
17.03.2020 08:30:11.765 GMT-0500,1773.673,1771.038,0.002,0.0008
17.03.2020 08:30:11.883 GMT-0500,1773.673,1771.048,0.002,0.0008
17.03.2020 08:30:12.123 GMT-0500,1773.673,1771.0370000000003,0.002,0.002
17.03.2020 08:30:12.482 GMT-0500,1773.653,1771.528,0.0008,0.0008
17.03.2020 08:30:12.533 GMT-0500,1773.653,1771.0370000000003,0.002,0.002
17.03.2020 08:30:13.271 GMT-0500,1771.2720000000002,1770.9979999999998,0.002,0.002
17.03.2020 08:30:13.322 GMT-0500,1771.993,1770.997,0.002,0.002
17.03.2020 08:30:13.799 GMT-0500,1771.543,1770.997,0.0008,0.002
17.03.2020 08:30:14.024 GMT-0500,1771.993,1770.997,0.002,0.002
17.03.2020 08:30:14.075 GMT-0500,1771.993,1770.9979999999998,0.002,0.0008
17.03.2020 08:30:14.214 GMT-0500,1772.6620000000003,1770.9979999999998,0.002,0.002
17.03.2020 08:30:15.023 GMT-0500,1772.6620000000003,1771.598,0.002,0.0008
17.03.2020 08:30:15.074 GMT-0500,1772.663,1771.588,0.002,0.0008
17.03.2020 08:30:15.125 GMT-0500,1773.6720000000003,1772.088,0.002,0.002
17.03.2020 08:30:15.225 GMT-0500,1774.0020000000002,1771.5970000000002,0.0008,0.002
17.03.2020 08:30:15.351 GMT-0500,1774.0020000000002,1772.027,0.0008,0.0008
17.03.2020 08:30:15.452 GMT-0500,1773.673,1772.028,0.002,0.0008
17.03.2020 08:30:17.347 GMT-0500,1774.402,1772.028,0.002,0.002
17.03.2020 08:30:17.397 GMT-0500,1774.402,1773.4479999999999,0.002,0.002
17.03.2020 08:30:17.613 GMT-0500,1774.402,1771.987,0.0008,0.002
17.03.2020 08:30:17.763 GMT-0500,1774.5720000000001,1771.987,0.0008,0.002
17.03.2020 08:30:18.094 GMT-0500,1774.5720000000001,1771.987,0.002,0.002
17.03.2020 08:30:19.575 GMT-0500,1774.402,1771.987,0.0008,0.002
17.03.2020 08:30:19.676 GMT-0500,1774.413,1771.987,0.002,0.002
17.03.2020 08:30:20.256 GMT-0500,1774.5729999999999,1771.987,0.002,0.002
17.03.2020 08:30:20.410 GMT-0500,1774.5729999999999,1771.987,0.002,0.002
17.03.2020 08:30:20.658 GMT-0500,1774.5720000000001,1772.207,0.0008,0.0008
17.03.2020 08:30:20.708 GMT-0500,1774.5720000000001,1772.048,0.002,0.002
17.03.2020 08:30:20.785 GMT-0500,1774.5720000000001,1772.048,0.002,0.002
17.03.2020 08:30:22.312 GMT-0500,1774.5729999999999,1772.578,0.002,0.0008
17.03.2020 08:30:22.413 GMT-0500,1774.403,1773.058,0.002,0.0008
17.03.2020 08:30:22.513 GMT-0500,1774.003,1772.2079999999999,0.002,0.0008
17.03.2020 08:30:23.070 GMT-0500,1774.403,1772.2079999999999,0.002,0.0008
17.03.2020 08:30:23.177 GMT-0500,1774.003,1772.2079999999999,0.0008,0.002
17.03.2020 08:30:23.227 GMT-0500,1774.0020000000002,1772.207,0.0008,0.002
17.03.2020 08:30:23.954 GMT-0500,1774.0020000000002,1772.1570000000002,0.0008,0.002
17.03.2020 08:30:24.060 GMT-0500,1774.003,1772.6070000000002,0.002,0.002
17.03.2020 08:30:24.110 GMT-0500,1774.0020000000002,1772.588,0.002,0.002
17.03.2020 08:30:24.800 GMT-0500,1773.9920000000002,1772.8170000000002,0.0008,0.002
17.03.2020 08:30:24.902 GMT-0500,1773.993,1772.5870000000002,0.002,0.002
17.03.2020 08:30:25.633 GMT-0500,1773.993,1772.608,0.002,0.0008
17.03.2020 08:30:25.949 GMT-0500,1773.993,1772.588,0.002,0.0008
17.03.2020 08:30:25.999 GMT-0500,1773.993,1772.5970000000002,0.002,0.002
17.03.2020 08:30:26.137 GMT-0500,1774.0020000000002,1772.598,0.002,0.002
17.03.2020 08:30:26.216 GMT-0500,1774.0020000000002,1773.0079999999998,0.002,0.002
17.03.2020 08:30:26.406 GMT-0500,1774.5720000000001,1772.5870000000002,0.0008,0.002
17.03.2020 08:30:26.548 GMT-0500,1774.013,1772.5870000000002,0.0008,0.002
17.03.2020 08:30:27.206 GMT-0500,1774.0120000000002,1772.5870000000002,0.0008,0.002
17.03.2020 08:30:27.471 GMT-0500,1774.0120000000002,1772.5870000000002,0.002,0.002
17.03.2020 08:30:28.073 GMT-0500,1773.852,1772.5870000000002,0.0008,0.002
17.03.2020 08:30:28.190 GMT-0500,1774.0120000000002,1772.5870000000002,0.002,0.002
17.03.2020 08:30:28.241 GMT-0500,1774.0120000000002,1772.9679999999998,0.002,0.002
17.03.2020 08:30:28.423 GMT-0500,1774.013,1772.5870000000002,0.002,0.002
17.03.2020 08:30:28.688 GMT-0500,1774.013,1773.0079999999998,0.002,0.0008
17.03.2020 08:30:29.106 GMT-0500,1774.0120000000002,1773.9,0.0008,0.0008
17.03.2020 08:30:29.156 GMT-0500,1776.003,1773.868,0.002,0.0008
17.03.2020 08:30:29.615 GMT-0500,1775.342,1773.868,0.0008,0.002
17.03.2020 08:30:29.716 GMT-0500,1776.0020000000002,1774.018,0.002,0.002
17.03.2020 08:30:29.973 GMT-0500,1776.9820000000002,1775.497,0.0008,0.002
17.03.2020 08:30:30.116 GMT-0500,1776.9820000000002,1774.9479999999999,0.002,0.002
17.03.2020 08:30:30.540 GMT-0500,1776.9920000000002,1774.9479999999999,0.002,0.002
17.03.2020 08:30:30.590 GMT-0500,1776.983,1774.9470000000001,0.002,0.002
17.03.2020 08:30:30.894 GMT-0500,1775.973,1772.9579999999999,0.002,0.0008
17.03.2020 08:30:30.945 GMT-0500,1775.5620000000001,1774.0079999999998,0.002,0.002
17.03.2020 08:30:31.149 GMT-0500,1775.5620000000001,1774.017,0.0008,0.002
17.03.2020 08:30:31.250 GMT-0500,1775.7720000000002,1774.017,0.0008,0.002
17.03.2020 08:30:31.434 GMT-0500,1775.773,1774.017,0.002,0.002
17.03.2020 08:30:31.535 GMT-0500,1777.003,1774.517,0.002,0.002
17.03.2020 08:30:32.662 GMT-0500,1775.773,1774.028,0.002,0.0008
17.03.2020 08:30:32.712 GMT-0500,1777.0020000000002,1774.017,0.0008,0.002
17.03.2020 08:30:32.871 GMT-0500,1777.0020000000002,1774.027,0.0008,0.0008
17.03.2020 08:30:34.386 GMT-0500,1775.5520000000001,1774.027,0.0008,0.002
17.03.2020 08:30:34.437 GMT-0500,1777.003,1774.027,0.002,0.002
17.03.2020 08:30:34.739 GMT-0500,1777.003,1774.3770000000002,0.002,0.002
17.03.2020 08:30:36.148 GMT-0500,1775.463,1774.348,0.002,0.0008
17.03.2020 08:30:36.257 GMT-0500,1777.0020000000002,1774.908,0.002,0.002
17.03.2020 08:30:36.801 GMT-0500,1777.0020000000002,1775.638,0.002,0.002
17.03.2020 08:30:36.905 GMT-0500,1776.3220000000001,1774.7279999999998,0.002,0.002
17.03.2020 08:30:37.012 GMT-0500,1776.9820000000002,1774.727,0.0008,0.002
17.03.2020 08:30:37.302 GMT-0500,1776.0420000000001,1775.798,0.002,0.002
17.03.2020 08:30:37.352 GMT-0500,1775.543,1774.727,0.002,0.002
17.03.2020 08:30:38.642 GMT-0500,1776.9820000000002,1775.0079999999998,0.002,0.002
17.03.2020 08:30:38.753 GMT-0500,1777.003,1775.007,0.002,0.002
17.03.2020 08:30:38.806 GMT-0500,1776.983,1775.0079999999998,0.002,0.0008
17.03.2020 08:30:39.214 GMT-0500,1776.153,1775.0079999999998,0.0008,0.0008
17.03.2020 08:30:39.315 GMT-0500,1776.142,1774.6879999999999,0.002,0.002
17.03.2020 08:30:40.418 GMT-0500,1776.142,1774.6870000000001,0.002,0.002
17.03.2020 08:30:40.469 GMT-0500,1775.923,1774.6870000000001,0.002,0.002
17.03.2020 08:30:40.754 GMT-0500,1775.923,1775.017,0.0008,0.0008
17.03.2020 08:30:40.805 GMT-0500,1777.003,1775.017,0.002,0.002
17.03.2020 08:30:41.952 GMT-0500,1777.003,1775.017,0.002,0.002
17.03.2020 08:30:42.145 GMT-0500,1776.983,1775.4679999999998,0.0008,0.002
17.03.2020 08:30:42.196 GMT-0500,1776.892,1775.2379999999998,0.002,0.002
17.03.2020 08:30:42.951 GMT-0500,1775.203,1774.997,0.002,0.002
17.03.2020 08:30:43.312 GMT-0500,1776.493,1774.328,0.002,0.0008
17.03.2020 08:30:44.151 GMT-0500,1776.4920000000002,1774.328,0.002,0.002
17.03.2020 08:30:44.495 GMT-0500,1776.533,1775.4270000000001,0.002,0.002
17.03.2020 08:30:44.964 GMT-0500,1776.5220000000002,1775.4270000000001,0.0008,0.002
17.03.2020 08:30:45.138 GMT-0500,1776.5220000000002,1775.4170000000001,0.0008,0.002
17.03.2020 08:30:45.665 GMT-0500,1776.5220000000002,1775.4279999999999,0.002,0.0008
17.03.2020 08:30:45.849 GMT-0500,1776.533,1775.4279999999999,0.002,0.0008
17.03.2020 08:30:46.967 GMT-0500,1776.533,1775.4279999999999,0.002,0.0008
17.03.2020 08:30:47.129 GMT-0500,1775.768,1775.4279999999999,0.0008,0.0008
17.03.2020 08:30:47.180 GMT-0500,1775.703,1774.3270000000002,0.002,0.002
17.03.2020 08:30:47.230 GMT-0500,1775.9920000000002,1775.418,0.002,0.002
17.03.2020 08:30:48.513 GMT-0500,1775.993,1773.507,0.002,0.002
17.03.2020 08:30:48.563 GMT-0500,1775.703,1773.507,0.002,0.002
17.03.2020 08:30:49.096 GMT-0500,1775.9920000000002,1773.507,0.0008,0.002
17.03.2020 08:30:49.202 GMT-0500,1775.9920000000002,1773.507,0.002,0.002
17.03.2020 08:30:49.337 GMT-0500,1775.493,1773.507,0.0008,0.002
17.03.2020 08:30:49.446 GMT-0500,1775.0620000000001,1773.4070000000002,0.002,0.0008
17.03.2020 08:30:51.683 GMT-0500,1776.013,1775.0670000000002,0.002,0.002
17.03.2020 08:30:52.184 GMT-0500,1775.872,1775.068,0.002,0.002
17.03.2020 08:30:53.223 GMT-0500,1776.9920000000002,1775.068,0.002,0.002
17.03.2020 08:30:53.415 GMT-0500,1776.9920000000002,1775.4170000000001,0.002,0.0008
17.03.2020 08:30:53.466 GMT-0500,1776.983,1775.308,0.002,0.0008
17.03.2020 08:30:53.766 GMT-0500,1776.983,1775.0670000000002,0.0008,0.002
17.03.2020 08:30:53.817 GMT-0500,1776.9920000000002,1775.0670000000002,0.0008,0.002
17.03.2020 08:30:53.981 GMT-0500,1776.9920000000002,1775.2379999999998,0.002,0.0008
17.03.2020 08:30:56.519 GMT-0500,1776.0020000000002,1774.997,0.0008,0.002
17.03.2020 08:30:56.623 GMT-0500,1776.003,1774.997,0.002,0.002
17.03.2020 08:30:57.007 GMT-0500,1776.003,1775.0370000000003,0.002,0.002
17.03.2020 08:30:57.253 GMT-0500,1776.003,1775.527,0.0008,0.0008
17.03.2020 08:30:57.303 GMT-0500,1776.983,1775.527,0.002,0.002
17.03.2020 08:30:57.551 GMT-0500,1776.983,1775.528,0.002,0.0008
17.03.2020 08:30:57.756 GMT-0500,1776.983,1775.527,0.002,0.002
17.03.2020 08:30:58.079 GMT-0500,1775.3129999999999,1774.5970000000002,0.002,0.002
17.03.2020 08:30:58.129 GMT-0500,1775.9920000000002,1774.598,0.002,0.002
17.03.2020 08:30:58.615 GMT-0500,1775.362,1773.987,0.0008,0.0008
17.03.2020 08:31:03.278 GMT-0500,1774.3120000000001,1771.997,0.0008,0.0008
17.03.2020 08:31:03.995 GMT-0500,1774.3129999999999,1771.997,0.002,0.002
17.03.2020 08:31:04.046 GMT-0500,1774.2920000000001,1771.997,0.0008,0.002
17.03.2020 08:31:04.749 GMT-0500,1773.152,1771.997,0.0008,0.0008
17.03.2020 08:31:05.568 GMT-0500,1772.9920000000002,1769.9979999999998,0.0008,0.002
17.03.2020 08:31:05.669 GMT-0500,1771.6129999999998,1769.997,0.002,0.002
17.03.2020 08:31:06.412 GMT-0500,1770.8120000000001,1769.9979999999998,0.0008,0.002
17.03.2020 08:31:06.462 GMT-0500,1770.0520000000001,1768.578,0.002,0.002
17.03.2020 08:31:07.517 GMT-0500,1769.7420000000002,1768.578,0.0008,0.002
17.03.2020 08:31:07.567 GMT-0500,1768.973,1765.3470000000002,0.002,0.002
17.03.2020 08:31:07.640 GMT-0500,1768.973,1764.997,0.002,0.002
17.03.2020 08:31:10.312 GMT-0500,1770.253,1768.1070000000002,0.002,0.002
17.03.2020 08:31:12.442 GMT-0500,1767.9120000000003,1765.798,0.002,0.002
17.03.2020 08:31:13.199 GMT-0500,1767.9120000000003,1764.9979999999998,0.002,0.002
17.03.2020 08:31:13.249 GMT-0500,1767.433,1764.9979999999998,0.002,0.0008
17.03.2020 08:31:13.388 GMT-0500,1767.433,1766.0079999999998,0.002,0.0008
17.03.2020 08:31:13.907 GMT-0500,1767.0929999999998,1764.997,0.002,0.002
17.03.2020 08:31:14.815 GMT-0500,1766.273,1764.997,0.0008,0.002
17.03.2020 08:31:15.958 GMT-0500,1766.273,1764.9979999999998,0.002,0.0008
17.03.2020 08:31:17.485 GMT-0500,1766.1229999999998,1764.9979999999998,0.0008,0.0008
17.03.2020 08:31:17.536 GMT-0500,1765.4320000000002,1762.078,0.002,0.002
17.03.2020 08:31:18.324 GMT-0500,1765.352,1762.078,0.0008,0.002
17.03.2020 08:31:18.451 GMT-0500,1765.352,1764.007,0.0008,0.0008
17.03.2020 08:31:18.501 GMT-0500,1765.352,1762.0770000000002,0.0008,0.002
17.03.2020 08:31:18.552 GMT-0500,1765.352,1764.007,0.0008,0.002
17.03.2020 08:31:18.674 GMT-0500,1765.6920000000002,1762.078,0.002,0.002
17.03.2020 08:31:18.958 GMT-0500,1765.6920000000002,1762.0770000000002,0.002,0.002
17.03.2020 08:31:19.662 GMT-0500,1764.693,1762.0770000000002,0.0008,0.002
17.03.2020 08:31:20.006 GMT-0500,1764.1029999999998,1762.078,0.0008,0.0008
17.03.2020 08:31:20.172 GMT-0500,1764.0929999999998,1762.078,0.0008,0.0008
17.03.2020 08:31:20.222 GMT-0500,1764.6920000000002,1762.078,0.002,0.002
17.03.2020 08:31:20.680 GMT-0500,1764.4920000000002,1762.0770000000002,0.0008,0.002
17.03.2020 08:31:20.972 GMT-0500,1764.4920000000002,1762.078,0.002,0.002
17.03.2020 08:31:21.827 GMT-0500,1764.293,1762.078,0.0008,0.0008
17.03.2020 08:31:23.379 GMT-0500,1764.0929999999998,1762.0770000000002,0.002,0.002
17.03.2020 08:31:23.430 GMT-0500,1764.693,1762.0770000000002,0.002,0.002
17.03.2020 08:31:23.675 GMT-0500,1764.693,1762.078,0.002,0.0008
17.03.2020 08:31:23.725 GMT-0500,1765.003,1762.088,0.002,0.0008
17.03.2020 08:31:23.825 GMT-0500,1762.592,1759.997,0.0008,0.002
17.03.2020 08:31:23.969 GMT-0500,1762.5929999999998,1761.118,0.002,0.0008
17.03.2020 08:31:24.359 GMT-0500,1762.5929999999998,1759.997,0.002,0.002
17.03.2020 08:31:24.409 GMT-0500,1762.5929999999998,1759.997,0.002,0.002
17.03.2020 08:31:24.477 GMT-0500,1762.5929999999998,1759.9979999999998,0.002,0.0008
17.03.2020 08:31:25.330 GMT-0500,1760.9820000000002,1759.997,0.0008,0.002
17.03.2020 08:31:28.864 GMT-0500,1763.592,1759.9979999999998,0.0008,0.002
17.03.2020 08:31:29.588 GMT-0500,1765.003,1761.497,0.002,0.0008
17.03.2020 08:31:32.621 GMT-0500,1763.592,1759.997,0.0008,0.002
17.03.2020 08:31:32.671 GMT-0500,1763.592,1761.4579999999999,0.002,0.002
17.03.2020 08:31:33.470 GMT-0500,1763.592,1759.997,0.002,0.002
17.03.2020 08:31:33.520 GMT-0500,1762.4820000000002,1759.997,0.0008,0.002
17.03.2020 08:31:33.591 GMT-0500,1762.4820000000002,1761.457,0.0008,0.0008
17.03.2020 08:31:33.641 GMT-0500,1762.733,1761.457,0.002,0.002
17.03.2020 08:31:33.692 GMT-0500,1762.403,1761.457,0.002,0.002
17.03.2020 08:31:33.965 GMT-0500,1762.5020000000002,1761.457,0.0008,0.002
17.03.2020 08:31:34.293 GMT-0500,1762.493,1761.457,0.002,0.002
17.03.2020 08:31:34.394 GMT-0500,1765.0020000000002,1761.457,0.0008,0.002
17.03.2020 08:31:34.881 GMT-0500,1762.57,1761.457,0.0008,0.002
17.03.2020 08:31:34.931 GMT-0500,1765.0020000000002,1762.3170000000002,0.0008,0.002
17.03.2020 08:31:35.019 GMT-0500,1763.5929999999998,1762.3170000000002,0.0008,0.0008
17.03.2020 08:31:35.070 GMT-0500,1763.5929999999998,1761.457,0.002,0.002
17.03.2020 08:31:35.657 GMT-0500,1763.592,1761.457,0.0008,0.002
17.03.2020 08:31:35.899 GMT-0500,1763.592,1760.9879999999998,0.002,0.002
17.03.2020 08:31:37.461 GMT-0500,1762.0020000000002,1760.4979999999998,0.002,0.002
17.03.2020 08:31:38.458 GMT-0500,1762.0020000000002,1760.8670000000002,0.0008,0.0008
17.03.2020 08:31:38.861 GMT-0500,1762.0020000000002,1761.0079999999998,0.002,0.002
17.03.2020 08:31:38.912 GMT-0500,1763.5929999999998,1761.7579999999998,0.002,0.0008
17.03.2020 08:31:39.288 GMT-0500,1763.5929999999998,1761.7579999999998,0.0008,0.0008
17.03.2020 08:31:39.339 GMT-0500,1765.003,1761.7579999999998,0.002,0.0008
17.03.2020 08:31:40.284 GMT-0500,1763.5929999999998,1761.7579999999998,0.002,0.0008
17.03.2020 08:31:41.105 GMT-0500,1763.592,1761.0079999999998,0.002,0.002
17.03.2020 08:31:42.351 GMT-0500,1762.8020000000001,1761.237,0.0008,0.002
17.03.2020 08:31:43.474 GMT-0500,1762.9920000000002,1760.4979999999998,0.002,0.0008
17.03.2020 08:31:43.926 GMT-0500,1762.993,1760.408,0.002,0.0008
17.03.2020 08:31:43.976 GMT-0500,1762.5020000000002,1760.497,0.0008,0.002
17.03.2020 08:31:44.026 GMT-0500,1762.983,1760.4979999999998,0.002,0.0008
17.03.2020 08:31:45.944 GMT-0500,1762.983,1760.9779999999998,0.0008,0.0008
17.03.2020 08:31:45.994 GMT-0500,1763.602,1760.9779999999998,0.002,0.002
17.03.2020 08:31:46.584 GMT-0500,1761.9920000000002,1760.9779999999998,0.0008,0.0008
17.03.2020 08:31:46.634 GMT-0500,1761.9920000000002,1760.408,0.002,0.002
17.03.2020 08:31:47.424 GMT-0500,1761.943,1760.4070000000002,0.002,0.002
17.03.2020 08:31:49.365 GMT-0500,1761.9320000000002,1760.3970000000002,0.0008,0.002
17.03.2020 08:31:51.190 GMT-0500,1761.9320000000002,1760.5470000000003,0.0008,0.0008
17.03.2020 08:31:51.290 GMT-0500,1761.923,1759.9979999999998,0.002,0.0008
17.03.2020 08:31:55.054 GMT-0500,1761.203,1759.9979999999998,0.002,0.0008
17.03.2020 08:31:55.228 GMT-0500,1761.102,1759.9979999999998,0.0008,0.002
17.03.2020 08:31:55.329 GMT-0500,1761.082,1759.9979999999998,0.002,0.002
17.03.2020 08:31:55.512 GMT-0500,1761.0629999999999,1759.997,0.0008,0.002
17.03.2020 08:31:55.858 GMT-0500,1760.8529999999998,1759.9979999999998,0.0008,0.0008
17.03.2020 08:31:57.460 GMT-0500,1760.433,1759.9979999999998,0.0008,0.0008
17.03.2020 08:31:57.510 GMT-0500,1760.963,1756.997,0.002,0.002
17.03.2020 08:31:57.561 GMT-0500,1760.842,1756.997,0.0008,0.002
17.03.2020 08:31:57.885 GMT-0500,1760.842,1756.9979999999998,0.002,0.002
17.03.2020 08:31:58.085 GMT-0500,1760.332,1756.9979999999998,0.0008,0.002
17.03.2020 08:31:58.289 GMT-0500,1760.2920000000001,1756.997,0.0008,0.002
17.03.2020 08:31:58.399 GMT-0500,1760.033,1756.9979999999998,0.002,0.0008
17.03.2020 08:31:58.509 GMT-0500,1759.642,1756.9979999999998,0.0008,0.002
17.03.2020 08:31:58.905 GMT-0500,1759.642,1759.318,0.002,0.0008
17.03.2020 08:31:58.956 GMT-0500,1759.643,1756.997,0.002,0.002
17.03.2020 08:31:59.265 GMT-0500,1759.643,1756.997,0.002,0.002
17.03.2020 08:31:59.371 GMT-0500,1759.1720000000003,1758.497,0.0008,0.002
17.03.2020 08:32:00.153 GMT-0500,1759.983,1758.497,0.002,0.002
17.03.2020 08:32:01.116 GMT-0500,1760.145,1758.4979999999998,0.0008,0.0008
17.03.2020 08:32:01.216 GMT-0500,1760.8429999999998,1759.977,0.002,0.002
17.03.2020 08:32:01.315 GMT-0500,1760.8529999999998,1759.977,0.002,0.002
17.03.2020 08:32:01.365 GMT-0500,1761.9220000000003,1760.7179999999998,0.002,0.002
17.03.2020 08:32:01.500 GMT-0500,1761.9220000000003,1759.987,0.0008,0.002
17.03.2020 08:32:01.806 GMT-0500,1761.953,1758.4979999999998,0.002,0.0008
17.03.2020 08:32:02.399 GMT-0500,1761.933,1758.4979999999998,0.0008,0.0008
17.03.2020 08:32:03.593 GMT-0500,1760.8429999999998,1758.497,0.002,0.002
17.03.2020 08:32:04.146 GMT-0500,1760.8220000000001,1758.497,0.0008,0.002
17.03.2020 08:32:04.196 GMT-0500,1761.933,1758.497,0.002,0.002
17.03.2020 08:32:05.300 GMT-0500,1761.933,1760.0079999999998,0.002,0.0008
17.03.2020 08:32:07.268 GMT-0500,1759.5220000000002,1758.777,0.0008,0.002
17.03.2020 08:32:08.493 GMT-0500,1759.993,1758.777,0.002,0.002
17.03.2020 08:32:08.633 GMT-0500,1762.5729999999999,1758.777,0.002,0.002
17.03.2020 08:32:09.094 GMT-0500,1759.9920000000002,1758.777,0.0008,0.0008
17.03.2020 08:32:09.145 GMT-0500,1759.9920000000002,1756.9979999999998,0.002,0.002
17.03.2020 08:32:10.716 GMT-0500,1759.3829999999998,1756.997,0.002,0.002
17.03.2020 08:32:10.766 GMT-0500,1758.273,1756.9979999999998,0.002,0.0008
17.03.2020 08:32:10.845 GMT-0500,1759.3829999999998,1756.9979999999998,0.002,0.0008
17.03.2020 08:32:12.234 GMT-0500,1760.003,1756.997,0.002,0.002
17.03.2020 08:32:12.284 GMT-0500,1760.003,1757.497,0.002,0.002
17.03.2020 08:32:12.335 GMT-0500,1760.003,1756.997,0.002,0.002
17.03.2020 08:32:12.440 GMT-0500,1760.003,1756.997,0.002,0.002
17.03.2020 08:32:12.491 GMT-0500,1760.003,1756.997,0.002,0.002
17.03.2020 08:32:14.651 GMT-0500,1760.003,1757.4479999999999,0.002,0.0008
17.03.2020 08:32:14.702 GMT-0500,1760.0020000000002,1756.9979999999998,0.002,0.002
17.03.2020 08:32:16.059 GMT-0500,1760.003,1756.997,0.002,0.002
17.03.2020 08:32:16.373 GMT-0500,1760.003,1758.3870000000002,0.002,0.0008
17.03.2020 08:32:16.424 GMT-0500,1760.0020000000002,1756.9979999999998,0.002,0.002
17.03.2020 08:32:20.199 GMT-0500,1760.993,1756.997,0.002,0.002
17.03.2020 08:32:20.250 GMT-0500,1760.9920000000002,1759.0079999999998,0.002,0.002
17.03.2020 08:32:21.312 GMT-0500,1761.0729999999999,1759.007,0.002,0.002
17.03.2020 08:32:22.207 GMT-0500,1761.0720000000001,1759.007,0.0008,0.0008
17.03.2020 08:32:22.362 GMT-0500,1761.0720000000001,1758.957,0.0008,0.002
17.03.2020 08:32:22.845 GMT-0500,1761.2379999999998,1760.548,0.0008,0.0008
17.03.2020 08:32:22.895 GMT-0500,1763.602,1761.378,0.002,0.002
17.03.2020 08:32:23.254 GMT-0500,1763.6029999999998,1761.078,0.002,0.0008
17.03.2020 08:32:25.460 GMT-0500,1763.3120000000001,1759.9979999999998,0.0008,0.002
17.03.2020 08:32:26.932 GMT-0500,1763.3129999999999,1759.9979999999998,0.002,0.002
17.03.2020 08:32:27.044 GMT-0500,1763.3129999999999,1760.2379999999998,0.0008,0.0008
17.03.2020 08:32:27.095 GMT-0500,1763.602,1760.2379999999998,0.002,0.002
17.03.2020 08:32:27.475 GMT-0500,1763.003,1760.2379999999998,0.0008,0.0008
17.03.2020 08:32:27.575 GMT-0500,1763.0020000000002,1759.9979999999998,0.002,0.002
17.03.2020 08:32:27.896 GMT-0500,1762.9720000000002,1759.9979999999998,0.0008,0.002
17.03.2020 08:32:28.086 GMT-0500,1762.973,1761.0670000000002,0.0008,0.002
17.03.2020 08:32:28.137 GMT-0500,1763.003,1761.0670000000002,0.002,0.002
17.03.2020 08:32:28.361 GMT-0500,1763.003,1761.528,0.002,0.0008
17.03.2020 08:32:28.412 GMT-0500,1763.003,1761.0770000000002,0.002,0.002
17.03.2020 08:32:28.643 GMT-0500,1763.003,1761.078,0.002,0.0008
17.03.2020 08:32:28.741 GMT-0500,1763.003,1761.0770000000002,0.002,0.002
17.03.2020 08:32:28.999 GMT-0500,1762.943,1761.0770000000002,0.0008,0.002
17.03.2020 08:32:29.150 GMT-0500,1762.963,1761.0770000000002,0.002,0.002
17.03.2020 08:32:29.200 GMT-0500,1762.953,1761.0770000000002,0.002,0.002
17.03.2020 08:32:29.250 GMT-0500,1762.9520000000002,1761.068,0.002,0.002
17.03.2020 08:32:29.671 GMT-0500,1762.9520000000002,1761.068,0.002,0.002
17.03.2020 08:32:29.721 GMT-0500,1762.963,1761.1670000000001,0.002,0.002
17.03.2020 08:32:30.050 GMT-0500,1762.953,1761.1670000000001,0.0008,0.002
17.03.2020 08:32:30.502 GMT-0500,1762.953,1761.1670000000001,0.002,0.002
17.03.2020 08:32:30.552 GMT-0500,1762.9120000000003,1761.0670000000002,0.0008,0.002
17.03.2020 08:32:30.738 GMT-0500,1762.9120000000003,1761.068,0.002,0.002
17.03.2020 08:32:31.188 GMT-0500,1762.872,1761.0670000000002,0.0008,0.002
17.03.2020 08:32:31.385 GMT-0500,1762.872,1761.0670000000002,0.0008,0.002
17.03.2020 08:32:31.963 GMT-0500,1762.872,1761.168,0.002,0.002
17.03.2020 08:32:32.515 GMT-0500,1762.832,1761.168,0.0008,0.002
17.03.2020 08:32:33.004 GMT-0500,1762.8120000000001,1761.168,0.002,0.002
17.03.2020 08:32:33.658 GMT-0500,1762.793,1761.1770000000001,0.002,0.002
17.03.2020 08:32:34.581 GMT-0500,1762.773,1761.1770000000001,0.0008,0.002
17.03.2020 08:32:34.981 GMT-0500,1762.763,1761.1779999999999,0.002,0.0008
17.03.2020 08:32:35.091 GMT-0500,1762.773,1761.018,0.002,0.0008
17.03.2020 08:32:35.141 GMT-0500,1764.223,1763.4579999999999,0.002,0.0008
17.03.2020 08:32:35.191 GMT-0500,1764.663,1761.9479999999999,0.002,0.0008
17.03.2020 08:32:35.521 GMT-0500,1765.0020000000002,1761.9470000000001,0.0008,0.0008
17.03.2020 08:32:35.572 GMT-0500,1765.0020000000002,1761.8970000000002,0.0008,0.002
17.03.2020 08:32:36.412 GMT-0500,1765.0020000000002,1761.8970000000002,0.002,0.002
17.03.2020 08:32:37.818 GMT-0500,1764.993,1762.878,0.002,0.0008
17.03.2020 08:32:38.353 GMT-0500,1764.993,1762.8770000000002,0.002,0.002
17.03.2020 08:32:39.345 GMT-0500,1764.983,1762.898,0.002,0.0008
17.03.2020 08:32:39.513 GMT-0500,1764.983,1762.8970000000002,0.0008,0.002
17.03.2020 08:32:39.563 GMT-0500,1767.0220000000002,1764.4579999999999,0.002,0.002
17.03.2020 08:32:40.036 GMT-0500,1766.5520000000001,1764.457,0.002,0.002
17.03.2020 08:32:40.409 GMT-0500,1766.173,1764.4579999999999,0.002,0.0008
17.03.2020 08:32:43.942 GMT-0500,1767.4420000000002,1764.9470000000001,0.0008,0.0008
17.03.2020 08:32:46.212 GMT-0500,1767.4420000000002,1764.9470000000001,0.0008,0.002
17.03.2020 08:32:47.043 GMT-0500,1770.003,1766.898,0.002,0.0008
17.03.2020 08:32:49.195 GMT-0500,1770.0020000000002,1767.457,0.0008,0.002
17.03.2020 08:32:56.035 GMT-0500,1770.402,1767.858,0.002,0.002
17.03.2020 08:33:01.807 GMT-0500,1770.402,1767.878,0.002,0.002
17.03.2020 08:33:02.551 GMT-0500,1770.403,1768.0079999999998,0.002,0.0008
17.03.2020 08:33:03.215 GMT-0500,1770.392,1768.007,0.0008,0.0008
17.03.2020 08:33:03.266 GMT-0500,1770.392,1767.8570000000002,0.0008,0.002
17.03.2020 08:33:05.029 GMT-0500,1770.393,1767.8570000000002,0.002,0.002
17.03.2020 08:33:05.491 GMT-0500,1770.393,1767.8570000000002,0.002,0.002
17.03.2020 08:33:05.541 GMT-0500,1769.9920000000002,1767.8570000000002,0.0008,0.002
17.03.2020 08:33:05.855 GMT-0500,1768.913,1765.267,0.002,0.002
17.03.2020 08:33:05.905 GMT-0500,1765.5629999999999,1762.2970000000003,0.002,0.002
17.03.2020 08:33:25.227 GMT-0500,1767.9620000000002,1764.487,0.0008,0.002
17.03.2020 08:33:30.839 GMT-0500,1767.9620000000002,1764.4879999999998,0.002,0.002
17.03.2020 08:33:30.889 GMT-0500,1767.9620000000002,1764.4879999999998,0.002,0.002
17.03.2020 08:33:31.119 GMT-0500,1767.8529999999998,1764.4879999999998,0.0008,0.0008
17.03.2020 08:33:31.778 GMT-0500,1767.8529999999998,1765.4979999999998,0.002,0.0008
17.03.2020 08:33:31.828 GMT-0500,1767.8529999999998,1764.4879999999998,0.002,0.0008
17.03.2020 08:33:32.370 GMT-0500,1767.9620000000002,1764.4879999999998,0.002,0.002
17.03.2020 08:33:32.989 GMT-0500,1767.9620000000002,1765.5970000000002,0.0008,0.0008
17.03.2020 08:33:33.146 GMT-0500,1767.963,1765.598,0.002,0.0008
17.03.2020 08:33:34.396 GMT-0500,1767.963,1764.487,0.002,0.002
17.03.2020 08:33:34.446 GMT-0500,1767.9520000000002,1764.4879999999998,0.002,0.002
17.03.2020 08:33:35.475 GMT-0500,1767.953,1766.1979999999999,0.002,0.0008
17.03.2020 08:33:35.526 GMT-0500,1767.9520000000002,1764.4879999999998,0.002,0.002
17.03.2020 08:33:36.410 GMT-0500,1768.8829999999998,1766.007,0.002,0.002
17.03.2020 08:33:36.514 GMT-0500,1767.963,1766.007,0.0008,0.002
17.03.2020 08:33:36.902 GMT-0500,1767.963,1764.4879999999998,0.002,0.002
17.03.2020 08:33:36.952 GMT-0500,1767.963,1764.4879999999998,0.002,0.0008
17.03.2020 08:33:37.768 GMT-0500,1767.963,1764.487,0.0008,0.002
17.03.2020 08:33:40.978 GMT-0500,1768.013,1764.4879999999998,0.0008,0.002
17.03.2020 08:33:43.012 GMT-0500,1767.9920000000002,1764.4879999999998,0.002,0.002
17.03.2020 08:33:43.166 GMT-0500,1767.993,1764.467,0.002,0.002
17.03.2020 08:33:43.788 GMT-0500,1766.112,1764.467,0.0008,0.002
17.03.2020 08:33:43.839 GMT-0500,1767.703,1764.467,0.002,0.002
17.03.2020 08:33:43.889 GMT-0500,1767.703,1764.4879999999998,0.002,0.0008
17.03.2020 08:33:44.311 GMT-0500,1767.703,1765.007,0.002,0.0008
17.03.2020 08:33:44.585 GMT-0500,1767.7020000000002,1764.487,0.0008,0.002
17.03.2020 08:33:44.635 GMT-0500,1767.7020000000002,1764.487,0.0008,0.002
17.03.2020 08:33:44.685 GMT-0500,1767.4920000000002,1764.487,0.0008,0.002
17.03.2020 08:33:45.493 GMT-0500,1767.4920000000002,1764.4879999999998,0.002,0.002
17.03.2020 08:33:45.985 GMT-0500,1764.842,1764.4879999999998,0.0008,0.0008
17.03.2020 08:33:46.035 GMT-0500,1764.6620000000003,1763.388,0.002,0.002
17.03.2020 08:33:46.820 GMT-0500,1766.793,1763.388,0.002,0.0008
17.03.2020 08:33:46.953 GMT-0500,1766.793,1763.3870000000002,0.002,0.002
17.03.2020 08:33:48.180 GMT-0500,1766.793,1763.3870000000002,0.002,0.002
17.03.2020 08:33:49.177 GMT-0500,1765.892,1763.3870000000002,0.0008,0.002
17.03.2020 08:33:49.227 GMT-0500,1765.9920000000002,1763.3870000000002,0.0008,0.002
17.03.2020 08:33:49.912 GMT-0500,1765.993,1763.3870000000002,0.002,0.002
17.03.2020 08:33:49.962 GMT-0500,1765.9720000000002,1763.388,0.002,0.002
17.03.2020 08:33:50.477 GMT-0500,1765.9820000000002,1763.497,0.0008,0.002
17.03.2020 08:33:50.527 GMT-0500,1765.9820000000002,1763.3870000000002,0.0008,0.002
17.03.2020 08:33:51.104 GMT-0500,1765.9920000000002,1763.388,0.002,0.002
17.03.2020 08:33:51.154 GMT-0500,1765.983,1763.388,0.002,0.0008
17.03.2020 08:33:52.268 GMT-0500,1765.9920000000002,1763.388,0.002,0.002
17.03.2020 08:33:53.637 GMT-0500,1764.9920000000002,1763.388,0.002,0.002
17.03.2020 08:33:54.972 GMT-0500,1765.983,1763.388,0.002,0.0008
17.03.2020 08:33:55.373 GMT-0500,1765.983,1763.388,0.002,0.0008
17.03.2020 08:33:55.543 GMT-0500,1765.52,1763.6979999999999,0.0008,0.0008
17.03.2020 08:33:55.658 GMT-0500,1764.003,1762.4879999999998,0.002,0.002
17.03.2020 08:33:55.708 GMT-0500,1763.5620000000001,1762.4879999999998,0.002,0.002
17.03.2020 08:33:55.975 GMT-0500,1764.503,1762.487,0.002,0.002
17.03.2020 08:33:57.222 GMT-0500,1764.4920000000002,1762.768,0.002,0.002
17.03.2020 08:33:57.273 GMT-0500,1764.493,1762.487,0.002,0.002
17.03.2020 08:33:58.277 GMT-0500,1764.4920000000002,1762.487,0.0008,0.002
17.03.2020 08:33:58.897 GMT-0500,1764.4920000000002,1762.7579999999998,0.002,0.002
17.03.2020 08:33:58.948 GMT-0500,1764.4920000000002,1762.4879999999998,0.002,0.002
17.03.2020 08:33:59.558 GMT-0500,1763.6029999999998,1762.487,0.002,0.002
17.03.2020 08:33:59.863 GMT-0500,1764.4920000000002,1762.0079999999998,0.002,0.002
17.03.2020 08:34:00.101 GMT-0500,1764.4920000000002,1762.0970000000002,0.0008,0.0008
17.03.2020 08:34:03.095 GMT-0500,1764.4820000000002,1762.007,0.0008,0.0008
17.03.2020 08:34:04.064 GMT-0500,1764.4820000000002,1762.0079999999998,0.002,0.0008
17.03.2020 08:34:05.624 GMT-0500,1764.483,1762.2870000000003,0.002,0.0008
17.03.2020 08:34:05.872 GMT-0500,1764.483,1762.2970000000003,0.002,0.002
17.03.2020 08:34:06.427 GMT-0500,1764.483,1763.6370000000002,0.0008,0.0008
17.03.2020 08:34:06.477 GMT-0500,1767.2520000000002,1764.3870000000002,0.0008,0.002
17.03.2020 08:34:07.921 GMT-0500,1767.2520000000002,1764.997,0.0008,0.002
17.03.2020 08:34:07.972 GMT-0500,1767.2520000000002,1763.6370000000002,0.0008,0.002
17.03.2020 08:34:09.094 GMT-0500,1767.253,1763.638,0.002,0.0008
17.03.2020 08:34:10.618 GMT-0500,1766.003,1762.298,0.002,0.0008
17.03.2020 08:34:11.162 GMT-0500,1766.003,1762.8370000000002,0.002,0.0008
17.03.2020 08:34:11.268 GMT-0500,1766.0020000000002,1762.8470000000002,0.0008,0.0008
17.03.2020 08:34:11.368 GMT-0500,1765.9920000000002,1762.247,0.0008,0.002
17.03.2020 08:34:11.584 GMT-0500,1763.793,1762.247,0.002,0.002
17.03.2020 08:34:12.713 GMT-0500,1765.4320000000002,1762.257,0.0008,0.002
17.03.2020 08:34:15.204 GMT-0500,1764.263,1762.318,0.002,0.0008
17.03.2020 08:34:15.405 GMT-0500,1764.0729999999999,1762.3170000000002,0.002,0.002
17.03.2020 08:34:17.979 GMT-0500,1766.023,1763.4979999999998,0.002,0.0008
17.03.2020 08:34:18.118 GMT-0500,1765.9520000000002,1762.1870000000001,0.0008,0.002
17.03.2020 08:34:19.755 GMT-0500,1764.8829999999998,1762.1870000000001,0.0008,0.002
17.03.2020 08:34:21.068 GMT-0500,1764.8729999999998,1761.997,0.002,0.002
17.03.2020 08:34:21.169 GMT-0500,1764.872,1762.018,0.002,0.002
17.03.2020 08:34:22.455 GMT-0500,1764.882,1762.017,0.0008,0.002
17.03.2020 08:34:22.514 GMT-0500,1764.882,1762.017,0.0008,0.002
17.03.2020 08:34:23.364 GMT-0500,1764.453,1762.298,0.0008,0.0008
17.03.2020 08:34:24.532 GMT-0500,1763.5829999999999,1759.6870000000001,0.002,0.002
17.03.2020 08:34:26.321 GMT-0500,1763.332,1759.6879999999999,0.002,0.002
17.03.2020 08:34:27.279 GMT-0500,1763.0929999999998,1759.6879999999999,0.0008,0.0008
17.03.2020 08:34:31.911 GMT-0500,1763.9120000000003,1761.9979999999998,0.002,0.002
17.03.2020 08:34:32.304 GMT-0500,1763.893,1761.9979999999998,0.0008,0.0008
17.03.2020 08:34:35.694 GMT-0500,1763.8729999999998,1760.2479999999998,0.002,0.0008
17.03.2020 08:34:35.845 GMT-0500,1763.8729999999998,1760.247,0.002,0.002
17.03.2020 08:34:36.189 GMT-0500,1763.8729999999998,1760.2479999999998,0.002,0.0008
17.03.2020 08:34:36.302 GMT-0500,1763.2420000000002,1760.3370000000002,0.0008,0.0008
17.03.2020 08:34:36.486 GMT-0500,1763.2420000000002,1759.6870000000001,0.0008,0.002
17.03.2020 08:34:36.848 GMT-0500,1763.2420000000002,1762.632,0.0008,0.0008
17.03.2020 08:34:36.899 GMT-0500,1764.5829999999999,1763.007,0.002,0.002
17.03.2020 08:34:40.159 GMT-0500,1763.862,1762.1070000000002,0.0008,0.0008
17.03.2020 08:34:40.209 GMT-0500,1765.5929999999998,1763.957,0.002,0.002
17.03.2020 08:34:40.259 GMT-0500,1767.003,1763.9579999999999,0.002,0.0008
17.03.2020 08:34:40.368 GMT-0500,1766.0020000000002,1763.9579999999999,0.002,0.002
17.03.2020 08:34:40.575 GMT-0500,1765.993,1763.9579999999999,0.0008,0.0008
17.03.2020 08:34:40.818 GMT-0500,1766.003,1763.9579999999999,0.002,0.0008
17.03.2020 08:34:41.973 GMT-0500,1766.0020000000002,1763.9579999999999,0.002,0.002
17.03.2020 08:34:42.074 GMT-0500,1767.003,1764.487,0.002,0.002
17.03.2020 08:34:42.132 GMT-0500,1767.003,1764.4879999999998,0.002,0.0008
17.03.2020 08:34:42.261 GMT-0500,1765.632,1764.4879999999998,0.0008,0.002
17.03.2020 08:34:43.099 GMT-0500,1764.8220000000001,1763.007,0.0008,0.002
17.03.2020 08:34:43.862 GMT-0500,1767.003,1764.1779999999999,0.002,0.0008
17.03.2020 08:34:44.111 GMT-0500,1765.642,1764.1270000000002,0.0008,0.0008
17.03.2020 08:34:45.084 GMT-0500,1767.0020000000002,1764.007,0.0008,0.002
17.03.2020 08:34:45.204 GMT-0500,1766.443,1764.0079999999998,0.002,0.0008
17.03.2020 08:34:45.359 GMT-0500,1767.003,1764.007,0.002,0.002
17.03.2020 08:34:45.689 GMT-0500,1767.003,1764.007,0.002,0.002
17.03.2020 08:34:45.795 GMT-0500,1766.7220000000002,1765.358,0.0008,0.0008
17.03.2020 08:34:45.846 GMT-0500,1767.003,1765.358,0.002,0.0008
17.03.2020 08:34:46.165 GMT-0500,1767.003,1766.1879999999999,0.0008,0.0008
17.03.2020 08:34:49.712 GMT-0500,1767.4120000000003,1763.768,0.002,0.002
17.03.2020 08:34:50.699 GMT-0500,1767.413,1763.768,0.002,0.0008
17.03.2020 08:34:52.010 GMT-0500,1768.0020000000002,1765.6370000000002,0.0008,0.002
17.03.2020 08:34:52.570 GMT-0500,1768.0020000000002,1765.648,0.002,0.0008
17.03.2020 08:34:52.776 GMT-0500,1767.4220000000003,1765.648,0.0008,0.002
17.03.2020 08:34:52.826 GMT-0500,1768.0020000000002,1765.648,0.002,0.002
17.03.2020 08:34:55.295 GMT-0500,1768.003,1765.6470000000002,0.002,0.002
17.03.2020 08:34:55.404 GMT-0500,1768.0020000000002,1765.6470000000002,0.0008,0.002
17.03.2020 08:34:57.922 GMT-0500,1770.003,1767.5079999999998,0.002,0.0008
17.03.2020 08:34:58.620 GMT-0500,1770.003,1766.1979999999999,0.002,0.0008
17.03.2020 08:35:00.939 GMT-0500,1769.0020000000002,1766.1970000000001,0.0008,0.002
17.03.2020 08:35:02.042 GMT-0500,1769.0020000000002,1766.1979999999999,0.002,0.002
17.03.2020 08:35:02.093 GMT-0500,1769.0020000000002,1766.1979999999999,0.002,0.002
17.03.2020 08:35:02.744 GMT-0500,1768.8829999999998,1766.1970000000001,0.002,0.002
17.03.2020 08:35:03.491 GMT-0500,1768.8829999999998,1766.1979999999999,0.0008,0.0008
17.03.2020 08:35:03.542 GMT-0500,1769.0020000000002,1766.1979999999999,0.002,0.002
17.03.2020 08:35:03.728 GMT-0500,1769.0020000000002,1766.8270000000002,0.0008,0.0008
17.03.2020 08:35:03.986 GMT-0500,1768.882,1766.8270000000002,0.0008,0.002
17.03.2020 08:35:04.255 GMT-0500,1769.003,1766.8270000000002,0.002,0.002
17.03.2020 08:35:04.306 GMT-0500,1769.003,1766.8270000000002,0.002,0.002
17.03.2020 08:35:04.356 GMT-0500,1768.533,1766.8270000000002,0.002,0.002
17.03.2020 08:35:04.456 GMT-0500,1770.0020000000002,1766.828,0.002,0.002
17.03.2020 08:35:04.507 GMT-0500,1769.0020000000002,1766.8270000000002,0.0008,0.002
17.03.2020 08:35:04.675 GMT-0500,1768.8829999999998,1766.8270000000002,0.0008,0.002
17.03.2020 08:35:05.331 GMT-0500,1768.882,1766.828,0.002,0.0008
17.03.2020 08:35:05.381 GMT-0500,1768.882,1766.1879999999999,0.002,0.002
17.03.2020 08:35:06.052 GMT-0500,1768.8829999999998,1766.1879999999999,0.002,0.002
17.03.2020 08:35:06.551 GMT-0500,1768.8829999999998,1766.1870000000001,0.002,0.002
17.03.2020 08:35:06.601 GMT-0500,1767.903,1766.1870000000001,0.002,0.002
17.03.2020 08:35:07.082 GMT-0500,1767.902,1765.638,0.002,0.002
17.03.2020 08:35:08.238 GMT-0500,1766.6920000000002,1765.638,0.0008,0.0008
17.03.2020 08:35:08.289 GMT-0500,1766.1620000000003,1763.767,0.0008,0.002
17.03.2020 08:35:08.803 GMT-0500,1766.1620000000003,1764.997,0.0008,0.0008
17.03.2020 08:35:09.079 GMT-0500,1765.3220000000001,1764.997,0.0008,0.0008
17.03.2020 08:35:09.715 GMT-0500,1767.632,1763.768,0.0008,0.002
17.03.2020 08:35:10.106 GMT-0500,1767.632,1764.4979999999998,0.002,0.002
17.03.2020 08:35:10.156 GMT-0500,1767.632,1763.768,0.002,0.002
17.03.2020 08:35:10.340 GMT-0500,1764.7220000000002,1763.767,0.0008,0.002
17.03.2020 08:35:20.169 GMT-0500,1765.0020000000002,1762.9470000000001,0.0008,0.002
17.03.2020 08:35:20.795 GMT-0500,1764.9920000000002,1762.9470000000001,0.0008,0.002
17.03.2020 08:35:23.480 GMT-0500,1764.862,1760.997,0.002,0.002
17.03.2020 08:35:24.073 GMT-0500,1764.842,1760.997,0.002,0.002
17.03.2020 08:35:24.714 GMT-0500,1763.903,1760.9979999999998,0.002,0.0008
17.03.2020 08:35:24.867 GMT-0500,1763.882,1760.9979999999998,0.0008,0.002
17.03.2020 08:35:24.968 GMT-0500,1763.862,1760.9979999999998,0.002,0.002
17.03.2020 08:35:25.095 GMT-0500,1763.8429999999998,1760.997,0.002,0.002
17.03.2020 08:35:25.196 GMT-0500,1763.4420000000002,1760.9979999999998,0.002,0.002
17.03.2020 08:35:25.246 GMT-0500,1764.4820000000002,1760.9979999999998,0.002,0.002
17.03.2020 08:35:27.064 GMT-0500,1763.003,1760.997,0.002,0.002
17.03.2020 08:35:27.115 GMT-0500,1764.463,1760.997,0.002,0.002
17.03.2020 08:35:28.076 GMT-0500,1762.7720000000002,1760.997,0.0008,0.002
17.03.2020 08:35:28.176 GMT-0500,1763.9920000000002,1760.9979999999998,0.002,0.002
17.03.2020 08:35:28.533 GMT-0500,1763.9920000000002,1761.5870000000002,0.0008,0.002
17.03.2020 08:35:29.148 GMT-0500,1764.483,1761.588,0.002,0.0008
17.03.2020 08:35:29.697 GMT-0500,1764.483,1760.9979999999998,0.002,0.002
17.03.2020 08:35:30.062 GMT-0500,1764.4620000000002,1760.9979999999998,0.002,0.002
17.03.2020 08:35:30.163 GMT-0500,1763.9920000000002,1761.5870000000002,0.0008,0.002
17.03.2020 08:35:32.678 GMT-0500,1763.9920000000002,1760.9979999999998,0.002,0.002
17.03.2020 08:35:33.517 GMT-0500,1763.9920000000002,1761.528,0.002,0.002
17.03.2020 08:35:35.164 GMT-0500,1763.9920000000002,1761.528,0.002,0.002
17.03.2020 08:35:35.265 GMT-0500,1763.493,1760.997,0.002,0.002
17.03.2020 08:35:35.529 GMT-0500,1762.963,1760.997,0.0008,0.002
17.03.2020 08:35:36.305 GMT-0500,1763.9720000000002,1760.9979999999998,0.002,0.002
17.03.2020 08:35:36.356 GMT-0500,1763.9720000000002,1760.997,0.0008,0.002
17.03.2020 08:35:36.519 GMT-0500,1763.592,1760.997,0.0008,0.002
17.03.2020 08:35:37.108 GMT-0500,1763.5929999999998,1760.997,0.002,0.002
17.03.2020 08:35:37.225 GMT-0500,1763.5720000000001,1760.997,0.0008,0.002
17.03.2020 08:35:38.031 GMT-0500,1763.5720000000001,1761.507,0.0008,0.0008
17.03.2020 08:35:38.229 GMT-0500,1763.5529999999999,1761.507,0.0008,0.002
17.03.2020 08:35:38.620 GMT-0500,1763.5529999999999,1760.9979999999998,0.002,0.002
17.03.2020 08:35:38.771 GMT-0500,1763.5529999999999,1761.6879999999999,0.002,0.0008
17.03.2020 08:35:39.434 GMT-0500,1763.533,1761.6870000000001,0.002,0.002
17.03.2020 08:35:39.565 GMT-0500,1763.513,1761.6879999999999,0.002,0.0008
17.03.2020 08:35:39.893 GMT-0500,1763.4920000000002,1761.6879999999999,0.0008,0.002
17.03.2020 08:35:40.590 GMT-0500,1763.5320000000002,1761.6879999999999,0.002,0.002
17.03.2020 08:35:40.641 GMT-0500,1765.003,1761.6870000000001,0.002,0.002
17.03.2020 08:35:40.821 GMT-0500,1764.0020000000002,1761.6870000000001,0.0008,0.002
17.03.2020 08:35:40.922 GMT-0500,1765.0020000000002,1761.6879999999999,0.002,0.002
17.03.2020 08:35:40.972 GMT-0500,1763.392,1761.6870000000001,0.0008,0.002
17.03.2020 08:35:41.510 GMT-0500,1763.253,1760.997,0.002,0.002
17.03.2020 08:35:41.560 GMT-0500,1763.253,1760.997,0.002,0.002
17.03.2020 08:35:41.716 GMT-0500,1761.5729999999999,1757.8770000000002,0.002,0.002
17.03.2020 08:35:41.862 GMT-0500,1761.5729999999999,1757.878,0.002,0.0008
17.03.2020 08:35:43.857 GMT-0500,1761.7620000000002,1757.878,0.002,0.002
17.03.2020 08:35:44.008 GMT-0500,1761.7620000000002,1760.118,0.002,0.0008
17.03.2020 08:35:45.444 GMT-0500,1761.743,1760.118,0.0008,0.0008
17.03.2020 08:35:45.775 GMT-0500,1761.7220000000002,1760.1170000000002,0.0008,0.002
17.03.2020 08:35:46.201 GMT-0500,1761.788,1760.308,0.0008,0.0008
17.03.2020 08:35:46.251 GMT-0500,1761.723,1760.1170000000002,0.002,0.002
17.03.2020 08:35:46.433 GMT-0500,1761.788,1760.308,0.0008,0.0008
17.03.2020 08:35:47.250 GMT-0500,1762.9920000000002,1761.018,0.002,0.002
17.03.2020 08:35:47.927 GMT-0500,1762.983,1760.8970000000002,0.002,0.002
17.03.2020 08:35:47.978 GMT-0500,1762.9820000000002,1760.3070000000002,0.0008,0.002
17.03.2020 08:35:48.877 GMT-0500,1762.963,1760.3070000000002,0.0008,0.002
17.03.2020 08:35:50.073 GMT-0500,1762.9620000000002,1760.3070000000002,0.0008,0.002
17.03.2020 08:35:50.238 GMT-0500,1762.943,1760.3070000000002,0.0008,0.002
17.03.2020 08:35:51.487 GMT-0500,1762.9220000000003,1760.308,0.0008,0.002
17.03.2020 08:35:51.639 GMT-0500,1762.9220000000003,1760.3470000000002,0.0008,0.0008
17.03.2020 08:35:52.070 GMT-0500,1762.9220000000003,1760.348,0.002,0.002
17.03.2020 08:35:52.178 GMT-0500,1762.903,1760.068,0.002,0.002
17.03.2020 08:35:52.229 GMT-0500,1762.903,1760.068,0.002,0.0008
17.03.2020 08:35:52.499 GMT-0500,1762.903,1760.068,0.002,0.0008
17.03.2020 08:35:53.412 GMT-0500,1762.8629999999998,1760.068,0.0008,0.0008
17.03.2020 08:35:53.666 GMT-0500,1760.3729999999998,1757.878,0.002,0.0008
17.03.2020 08:35:53.903 GMT-0500,1760.3629999999998,1757.878,0.002,0.0008
17.03.2020 08:35:53.954 GMT-0500,1760.1129999999998,1757.878,0.002,0.0008
17.03.2020 08:35:54.289 GMT-0500,1760.1129999999998,1757.8770000000002,0.002,0.002
17.03.2020 08:35:54.851 GMT-0500,1759.903,1757.8770000000002,0.002,0.002
17.03.2020 08:35:54.901 GMT-0500,1759.903,1758.027,0.002,0.002
17.03.2020 08:35:56.643 GMT-0500,1758.9920000000002,1758.017,0.0008,0.002
17.03.2020 08:35:56.922 GMT-0500,1758.9920000000002,1756.368,0.002,0.002
17.03.2020 08:35:56.972 GMT-0500,1758.503,1756.3670000000002,0.002,0.002
17.03.2020 08:35:57.789 GMT-0500,1757.7620000000002,1756.3670000000002,0.0008,0.002
17.03.2020 08:35:58.196 GMT-0500,1758.503,1756.3670000000002,0.002,0.002
17.03.2020 08:35:58.454 GMT-0500,1758.4820000000002,1756.3670000000002,0.0008,0.002
17.03.2020 08:35:59.063 GMT-0500,1758.463,1756.368,0.002,0.0008
17.03.2020 08:36:01.000 GMT-0500,1760.003,1756.9170000000001,0.002,0.002
17.03.2020 08:36:01.101 GMT-0500,1760.003,1756.918,0.002,0.0008
17.03.2020 08:36:01.472 GMT-0500,1760.003,1757.457,0.002,0.0008
17.03.2020 08:36:01.522 GMT-0500,1760.003,1756.918,0.002,0.0008
17.03.2020 08:36:03.214 GMT-0500,1760.003,1756.368,0.002,0.002
17.03.2020 08:36:03.264 GMT-0500,1758.5020000000002,1756.368,0.002,0.002
17.03.2020 08:36:03.314 GMT-0500,1758.483,1756.3670000000002,0.002,0.002
17.03.2020 08:36:03.815 GMT-0500,1758.483,1757.0079999999998,0.002,0.0008
17.03.2020 08:36:03.865 GMT-0500,1758.493,1757.0079999999998,0.002,0.0008
17.03.2020 08:36:03.979 GMT-0500,1758.4520000000002,1757.0079999999998,0.0008,0.002
17.03.2020 08:36:04.029 GMT-0500,1758.493,1757.007,0.002,0.002
17.03.2020 08:36:04.847 GMT-0500,1758.493,1756.368,0.002,0.002
17.03.2020 08:36:04.897 GMT-0500,1758.4920000000002,1756.3670000000002,0.0008,0.002
17.03.2020 08:36:04.947 GMT-0500,1758.4520000000002,1756.658,0.002,0.002
17.03.2020 08:36:04.998 GMT-0500,1758.4520000000002,1756.3670000000002,0.0008,0.002
17.03.2020 08:36:05.100 GMT-0500,1758.433,1756.3670000000002,0.0008,0.002
17.03.2020 08:36:05.201 GMT-0500,1758.4920000000002,1756.3670000000002,0.0008,0.002
17.03.2020 08:36:05.251 GMT-0500,1758.4320000000002,1756.368,0.002,0.002
17.03.2020 08:36:05.414 GMT-0500,1757.9920000000002,1756.368,0.002,0.002
17.03.2020 08:36:05.588 GMT-0500,1757.993,1755.9979999999998,0.002,0.0008
17.03.2020 08:36:06.356 GMT-0500,1757.993,1755.997,0.002,0.002
17.03.2020 08:36:06.407 GMT-0500,1757.983,1755.9979999999998,0.002,0.0008
17.03.2020 08:36:06.720 GMT-0500,1758.4920000000002,1755.997,0.0008,0.002
17.03.2020 08:36:06.770 GMT-0500,1757.983,1755.9979999999998,0.002,0.0008
17.03.2020 08:36:07.114 GMT-0500,1757.983,1755.9979999999998,0.002,0.0008
17.03.2020 08:36:07.311 GMT-0500,1757.973,1755.997,0.0008,0.002
17.03.2020 08:36:07.362 GMT-0500,1758.4920000000002,1755.997,0.0008,0.002
17.03.2020 08:36:07.925 GMT-0500,1758.4920000000002,1757.4679999999998,0.0008,0.0008
17.03.2020 08:36:07.976 GMT-0500,1760.003,1757.6879999999999,0.002,0.0008
17.03.2020 08:36:09.024 GMT-0500,1760.0020000000002,1757.6979999999999,0.002,0.0008
17.03.2020 08:36:09.074 GMT-0500,1760.003,1756.9979999999998,0.002,0.0008
17.03.2020 08:36:09.179 GMT-0500,1760.003,1756.997,0.002,0.002
17.03.2020 08:36:10.888 GMT-0500,1759.263,1756.997,0.002,0.002
17.03.2020 08:36:10.938 GMT-0500,1760.003,1756.997,0.002,0.002
17.03.2020 08:36:11.756 GMT-0500,1760.003,1756.997,0.002,0.002
17.03.2020 08:36:14.081 GMT-0500,1760.003,1756.997,0.002,0.002
17.03.2020 08:36:17.271 GMT-0500,1760.003,1756.3670000000002,0.002,0.002
17.03.2020 08:36:17.321 GMT-0500,1760.003,1757.007,0.002,0.002
17.03.2020 08:36:17.766 GMT-0500,1760.0020000000002,1757.007,0.0008,0.0008
17.03.2020 08:36:17.816 GMT-0500,1760.0020000000002,1756.997,0.0008,0.002
17.03.2020 08:36:17.990 GMT-0500,1760.0020000000002,1756.368,0.002,0.002
17.03.2020 08:36:18.345 GMT-0500,1760.003,1756.368,0.002,0.002
17.03.2020 08:36:18.480 GMT-0500,1760.003,1758.007,0.002,0.002
17.03.2020 08:36:18.581 GMT-0500,1760.0020000000002,1756.3670000000002,0.0008,0.002
17.03.2020 08:36:18.784 GMT-0500,1760.0020000000002,1756.368,0.002,0.002
17.03.2020 08:36:19.426 GMT-0500,1759.993,1756.388,0.002,0.0008
17.03.2020 08:36:20.369 GMT-0500,1759.993,1756.3870000000002,0.0008,0.002
17.03.2020 08:36:20.419 GMT-0500,1760.0020000000002,1756.3870000000002,0.0008,0.002
17.03.2020 08:36:20.470 GMT-0500,1760.003,1756.418,0.002,0.0008
17.03.2020 08:36:20.829 GMT-0500,1760.003,1756.418,0.002,0.002
17.03.2020 08:36:21.356 GMT-0500,1761.4920000000002,1759.6170000000002,0.0008,0.002
17.03.2020 08:36:22.322 GMT-0500,1760.473,1758.4579999999999,0.002,0.0008
17.03.2020 08:36:22.433 GMT-0500,1760.4720000000002,1758.518,0.002,0.002
17.03.2020 08:36:23.252 GMT-0500,1760.473,1758.517,0.002,0.002
17.03.2020 08:36:24.209 GMT-0500,1760.473,1758.5370000000003,0.002,0.0008
17.03.2020 08:36:24.309 GMT-0500,1762.0020000000002,1759.507,0.0008,0.002
17.03.2020 08:36:24.360 GMT-0500,1761.4920000000002,1759.507,0.0008,0.002
17.03.2020 08:36:24.474 GMT-0500,1761.4920000000002,1759.7379999999998,0.002,0.0008
17.03.2020 08:36:24.575 GMT-0500,1762.0020000000002,1759.7379999999998,0.002,0.002
17.03.2020 08:36:26.353 GMT-0500,1762.0020000000002,1759.9479999999999,0.002,0.0008
17.03.2020 08:36:26.635 GMT-0500,1762.0020000000002,1759.737,0.002,0.002
17.03.2020 08:36:26.686 GMT-0500,1762.0020000000002,1759.7379999999998,0.002,0.002
17.03.2020 08:36:26.997 GMT-0500,1762.0020000000002,1758.477,0.0008,0.002
17.03.2020 08:36:29.060 GMT-0500,1762.0020000000002,1758.4679999999998,0.002,0.002
17.03.2020 08:36:29.998 GMT-0500,1762.0020000000002,1758.487,0.0008,0.0008
17.03.2020 08:36:30.099 GMT-0500,1761.503,1758.4879999999998,0.002,0.0008
17.03.2020 08:36:31.156 GMT-0500,1761.503,1758.487,0.002,0.002
17.03.2020 08:36:31.426 GMT-0500,1761.503,1758.4879999999998,0.002,0.0008
17.03.2020 08:36:31.543 GMT-0500,1759.9920000000002,1755.997,0.002,0.002
17.03.2020 08:36:31.594 GMT-0500,1759.233,1755.997,0.002,0.002
17.03.2020 08:36:31.968 GMT-0500,1759.0529999999999,1755.9979999999998,0.0008,0.0008
17.03.2020 08:36:32.548 GMT-0500,1759.0620000000001,1755.997,0.0008,0.002
17.03.2020 08:36:37.101 GMT-0500,1758.993,1757.168,0.0008,0.0008
17.03.2020 08:36:37.327 GMT-0500,1758.3729999999998,1757.168,0.0008,0.0008
17.03.2020 08:36:37.482 GMT-0500,1757.872,1757.168,0.0008,0.0008
17.03.2020 08:36:37.532 GMT-0500,1757.8629999999998,1755.9979999999998,0.002,0.0008
17.03.2020 08:36:37.866 GMT-0500,1758.362,1756.4070000000002,0.0008,0.002
17.03.2020 08:36:38.591 GMT-0500,1759.9620000000002,1756.408,0.002,0.002
17.03.2020 08:36:39.201 GMT-0500,1757.9220000000003,1755.9979999999998,0.002,0.002
17.03.2020 08:36:39.678 GMT-0500,1757.902,1755.9979999999998,0.0008,0.002
17.03.2020 08:36:39.911 GMT-0500,1757.872,1755.997,0.0008,0.002
17.03.2020 08:36:40.323 GMT-0500,1759.9620000000002,1755.997,0.002,0.002
17.03.2020 08:36:40.374 GMT-0500,1759.9620000000002,1755.9979999999998,0.002,0.002
17.03.2020 08:36:40.424 GMT-0500,1756.143,1755.5079999999998,0.002,0.0008
17.03.2020 08:36:40.474 GMT-0500,1756.9720000000002,1755.5079999999998,0.002,0.002
17.03.2020 08:36:40.575 GMT-0500,1756.9720000000002,1755.507,0.002,0.002
17.03.2020 08:36:40.687 GMT-0500,1756.9320000000002,1755.507,0.0008,0.002
17.03.2020 08:36:40.844 GMT-0500,1756.893,1755.5079999999998,0.0008,0.0008
17.03.2020 08:36:40.945 GMT-0500,1756.872,1755.5079999999998,0.002,0.002
17.03.2020 08:36:41.064 GMT-0500,1756.872,1755.507,0.002,0.002
17.03.2020 08:36:41.347 GMT-0500,1756.8329999999999,1755.507,0.002,0.002
17.03.2020 08:36:41.507 GMT-0500,1756.8120000000001,1755.018,0.002,0.002
17.03.2020 08:36:43.408 GMT-0500,1756.9920000000002,1755.4170000000001,0.0008,0.002
17.03.2020 08:36:43.768 GMT-0500,1756.5020000000002,1755.418,0.0008,0.002
17.03.2020 08:36:43.818 GMT-0500,1759.003,1755.4170000000001,0.002,0.002
17.03.2020 08:36:43.868 GMT-0500,1756.993,1755.418,0.002,0.0008
17.03.2020 08:36:44.589 GMT-0500,1756.993,1755.4379999999999,0.002,0.0008
17.03.2020 08:36:44.957 GMT-0500,1758.293,1755.4379999999999,0.002,0.002
17.03.2020 08:36:45.008 GMT-0500,1758.293,1755.4579999999999,0.002,0.0008
17.03.2020 08:36:45.257 GMT-0500,1756.993,1755.4579999999999,0.0008,0.0008
17.03.2020 08:36:45.598 GMT-0500,1756.993,1755.4479999999999,0.002,0.002
17.03.2020 08:36:45.648 GMT-0500,1756.993,1755.4479999999999,0.002,0.0008
17.03.2020 08:36:45.730 GMT-0500,1756.993,1755.3670000000002,0.002,0.002
17.03.2020 08:36:47.325 GMT-0500,1756.9920000000002,1754.6979999999999,0.002,0.002
17.03.2020 08:36:47.376 GMT-0500,1753.683,1750.997,0.002,0.002
17.03.2020 08:36:47.476 GMT-0500,1754.8020000000001,1750.997,0.0008,0.002
17.03.2020 08:36:47.526 GMT-0500,1755.4420000000002,1751.9279999999999,0.002,0.002
17.03.2020 08:36:49.743 GMT-0500,1754.003,1751.1070000000002,0.002,0.002
17.03.2020 08:36:50.415 GMT-0500,1753.983,1751.1070000000002,0.002,0.002
17.03.2020 08:36:50.933 GMT-0500,1753.983,1751.118,0.002,0.0008
17.03.2020 08:36:51.162 GMT-0500,1753.963,1751.118,0.002,0.0008
17.03.2020 08:36:51.429 GMT-0500,1752.8120000000001,1751.118,0.002,0.002
17.03.2020 08:36:51.629 GMT-0500,1751.1820000000002,1750.497,0.0008,0.002
17.03.2020 08:36:51.739 GMT-0500,1751.503,1750.4979999999998,0.002,0.0008
17.03.2020 08:36:52.227 GMT-0500,1751.5020000000002,1750.497,0.002,0.002
17.03.2020 08:36:52.429 GMT-0500,1751.493,1749.997,0.002,0.002
17.03.2020 08:36:52.479 GMT-0500,1751.493,1749.9979999999998,0.002,0.0008
17.03.2020 08:36:52.786 GMT-0500,1751.483,1750.418,0.002,0.0008
17.03.2020 08:36:52.837 GMT-0500,1751.483,1747.8970000000002,0.002,0.002
17.03.2020 08:36:53.344 GMT-0500,1751.483,1747.898,0.002,0.0008
17.03.2020 08:36:53.445 GMT-0500,1750.832,1747.8970000000002,0.0008,0.002
17.03.2020 08:36:53.688 GMT-0500,1750.832,1747.8970000000002,0.002,0.002
17.03.2020 08:36:53.935 GMT-0500,1749.9920000000002,1747.8970000000002,0.0008,0.002
17.03.2020 08:36:54.040 GMT-0500,1749.9920000000002,1748.0470000000003,0.0008,0.002
17.03.2020 08:36:55.518 GMT-0500,1749.9920000000002,1748.0470000000003,0.0008,0.0008
17.03.2020 08:36:55.568 GMT-0500,1749.9920000000002,1747.997,0.0008,0.002
17.03.2020 08:36:56.709 GMT-0500,1749.993,1747.997,0.002,0.002
17.03.2020 08:36:56.810 GMT-0500,1749.993,1748.5670000000002,0.002,0.002
17.03.2020 08:36:56.931 GMT-0500,1751.503,1749.507,0.002,0.002
17.03.2020 08:36:57.661 GMT-0500,1751.513,1748.8070000000002,0.002,0.002
17.03.2020 08:36:58.182 GMT-0500,1751.5020000000002,1748.808,0.002,0.0008
17.03.2020 08:36:58.284 GMT-0500,1751.503,1748.8270000000002,0.002,0.0008
17.03.2020 08:36:58.545 GMT-0500,1751.503,1748.828,0.002,0.0008
17.03.2020 08:36:58.930 GMT-0500,1749.503,1748.828,0.0008,0.0008
17.03.2020 08:36:58.980 GMT-0500,1751.5020000000002,1747.898,0.002,0.002
17.03.2020 08:36:59.030 GMT-0500,1750.5220000000002,1747.8970000000002,0.0008,0.002
17.03.2020 08:36:59.377 GMT-0500,1750.5220000000002,1748.8070000000002,0.0008,0.0008
17.03.2020 08:36:59.960 GMT-0500,1749.6720000000003,1748.767,0.0008,0.002
17.03.2020 08:37:00.011 GMT-0500,1749.2320000000002,1747.8970000000002,0.0008,0.002
17.03.2020 08:37:00.094 GMT-0500,1749.2320000000002,1747.9979999999998,0.0008,0.0008
17.03.2020 08:37:00.144 GMT-0500,1750.5120000000002,1747.9979999999998,0.002,0.002
17.03.2020 08:37:00.221 GMT-0500,1750.5120000000002,1748.1070000000002,0.0008,0.0008
17.03.2020 08:37:00.371 GMT-0500,1750.493,1748.108,0.002,0.0008
17.03.2020 08:37:00.872 GMT-0500,1750.493,1747.9979999999998,0.002,0.002
17.03.2020 08:37:00.923 GMT-0500,1749.9920000000002,1747.9979999999998,0.002,0.002
17.03.2020 08:37:01.485 GMT-0500,1749.993,1747.997,0.002,0.002
17.03.2020 08:37:01.536 GMT-0500,1749.993,1748.1070000000002,0.002,0.002
17.03.2020 08:37:01.816 GMT-0500,1749.993,1748.108,0.002,0.0008
17.03.2020 08:37:01.945 GMT-0500,1749.983,1748.108,0.0008,0.0008
17.03.2020 08:37:03.811 GMT-0500,1749.983,1747.997,0.002,0.002
17.03.2020 08:37:03.861 GMT-0500,1749.9820000000002,1747.997,0.0008,0.002
17.03.2020 08:37:04.054 GMT-0500,1749.9820000000002,1747.9979999999998,0.002,0.002
17.03.2020 08:37:04.193 GMT-0500,1749.9720000000002,1748.3670000000002,0.0008,0.0008
17.03.2020 08:37:04.478 GMT-0500,1749.973,1748.3670000000002,0.002,0.002
17.03.2020 08:37:04.529 GMT-0500,1749.973,1748.108,0.002,0.0008
17.03.2020 08:37:04.716 GMT-0500,1748.7320000000002,1746.9979999999998,0.002,0.002
17.03.2020 08:37:04.832 GMT-0500,1748.0420000000001,1746.997,0.0008,0.002
17.03.2020 08:37:05.206 GMT-0500,1748.043,1746.017,0.002,0.002
17.03.2020 08:37:05.256 GMT-0500,1747.5120000000002,1746.017,0.0008,0.002
17.03.2020 08:37:05.688 GMT-0500,1747.263,1746.017,0.0008,0.002
17.03.2020 08:37:06.314 GMT-0500,1747.4920000000002,1745.257,0.0008,0.002
17.03.2020 08:37:06.919 GMT-0500,1747.493,1745.267,0.002,0.002
17.03.2020 08:37:07.669 GMT-0500,1747.493,1745.038,0.002,0.002
17.03.2020 08:37:07.719 GMT-0500,1747.4820000000002,1745.2579999999998,0.002,0.002
17.03.2020 08:37:08.584 GMT-0500,1747.4820000000002,1745.017,0.0008,0.002
17.03.2020 08:37:08.714 GMT-0500,1747.4820000000002,1745.2579999999998,0.002,0.0008
17.03.2020 08:37:11.026 GMT-0500,1746.8529999999998,1745.018,0.002,0.0008
17.03.2020 08:37:12.035 GMT-0500,1746.8529999999998,1745.017,0.002,0.002
17.03.2020 08:37:12.363 GMT-0500,1746.852,1745.267,0.0008,0.0008
17.03.2020 08:37:12.414 GMT-0500,1746.852,1745.018,0.002,0.002
17.03.2020 08:37:12.575 GMT-0500,1746.852,1745.168,0.002,0.002
17.03.2020 08:37:12.724 GMT-0500,1746.8529999999998,1745.1779999999999,0.002,0.0008
17.03.2020 08:37:13.068 GMT-0500,1746.8529999999998,1745.017,0.002,0.002
17.03.2020 08:37:13.118 GMT-0500,1746.8529999999998,1745.017,0.002,0.002
17.03.2020 08:37:13.199 GMT-0500,1746.8529999999998,1745.1879999999999,0.002,0.0008
17.03.2020 08:37:14.464 GMT-0500,1746.8529999999998,1745.018,0.002,0.002
17.03.2020 08:37:14.514 GMT-0500,1746.8529999999998,1745.018,0.002,0.0008
17.03.2020 08:37:14.855 GMT-0500,1749.003,1746.4270000000001,0.002,0.002
17.03.2020 08:37:14.906 GMT-0500,1747.943,1745.138,0.002,0.0008
17.03.2020 08:37:15.813 GMT-0500,1747.943,1745.1370000000002,0.002,0.002
17.03.2020 08:37:16.508 GMT-0500,1747.943,1745.018,0.002,0.002
17.03.2020 08:37:16.733 GMT-0500,1747.943,1745.1779999999999,0.002,0.0008
17.03.2020 08:37:17.033 GMT-0500,1747.943,1745.1779999999999,0.0008,0.0008
17.03.2020 08:37:17.083 GMT-0500,1747.9520000000002,1745.1779999999999,0.002,0.002
17.03.2020 08:37:17.745 GMT-0500,1747.953,1745.1779999999999,0.002,0.002
17.03.2020 08:37:19.335 GMT-0500,1747.953,1745.1870000000001,0.002,0.002
17.03.2020 08:37:19.385 GMT-0500,1746.9920000000002,1745.017,0.0008,0.002
17.03.2020 08:37:19.472 GMT-0500,1746.9920000000002,1745.1470000000002,0.0008,0.0008
17.03.2020 08:37:19.622 GMT-0500,1746.9920000000002,1745.1470000000002,0.0008,0.002
17.03.2020 08:37:19.758 GMT-0500,1745.4620000000002,1744.255,0.0008,0.0008
17.03.2020 08:37:19.808 GMT-0500,1745.183,1743.507,0.002,0.002
17.03.2020 08:37:19.917 GMT-0500,1745.2450000000001,1744.338,0.0008,0.0008
17.03.2020 08:37:20.335 GMT-0500,1747.9520000000002,1744.5970000000002,0.0008,0.002
17.03.2020 08:37:21.694 GMT-0500,1744.993,1743.497,0.002,0.002
17.03.2020 08:37:22.436 GMT-0500,1743.892,1739.9370000000001,0.0008,0.002
17.03.2020 08:37:23.482 GMT-0500,1743.892,1739.9370000000001,0.002,0.002
17.03.2020 08:37:25.467 GMT-0500,1741.882,1739.9370000000001,0.0008,0.002
17.03.2020 08:37:26.532 GMT-0500,1741.8729999999998,1739.9379999999999,0.002,0.0008
17.03.2020 08:37:27.221 GMT-0500,1741.8729999999998,1740.028,0.002,0.0008
17.03.2020 08:37:27.478 GMT-0500,1741.862,1740.018,0.002,0.002
17.03.2020 08:37:27.829 GMT-0500,1741.862,1740.017,0.002,0.002
17.03.2020 08:37:27.879 GMT-0500,1741.0120000000002,1740.017,0.0008,0.002
17.03.2020 08:37:27.930 GMT-0500,1738.663,1735.517,0.002,0.002
17.03.2020 08:37:30.125 GMT-0500,1741.3220000000001,1738.3070000000002,0.0008,0.002
17.03.2020 08:37:30.319 GMT-0500,1738.993,1735.517,0.002,0.002
17.03.2020 08:37:30.580 GMT-0500,1738.983,1735.518,0.002,0.0008
17.03.2020 08:37:31.636 GMT-0500,1738.993,1735.518,0.002,0.002
17.03.2020 08:37:32.074 GMT-0500,1736.993,1735.518,0.002,0.0008
17.03.2020 08:37:33.935 GMT-0500,1737.7420000000002,1735.518,0.002,0.002
17.03.2020 08:37:34.559 GMT-0500,1737.392,1735.518,0.0008,0.002
17.03.2020 08:37:34.660 GMT-0500,1737.183,1735.518,0.002,0.0008
17.03.2020 08:37:35.419 GMT-0500,1737.183,1733.888,0.002,0.002
17.03.2020 08:37:35.469 GMT-0500,1736.1820000000002,1733.888,0.0008,0.002
17.03.2020 08:37:36.394 GMT-0500,1737.193,1733.888,0.0008,0.0008
17.03.2020 08:37:36.547 GMT-0500,1736.332,1733.888,0.002,0.002
17.03.2020 08:37:37.551 GMT-0500,1735.143,1731.9979999999998,0.002,0.0008
17.03.2020 08:37:37.674 GMT-0500,1735.143,1731.9979999999998,0.002,0.0008
17.03.2020 08:37:39.511 GMT-0500,1733.1920000000002,1729.9979999999998,0.002,0.002
17.03.2020 08:37:39.612 GMT-0500,1732.0529999999999,1729.9979999999998,0.0008,0.0008
17.03.2020 08:37:39.950 GMT-0500,1732.565,1731.018,0.0008,0.0008
17.03.2020 08:37:42.591 GMT-0500,1736.0020000000002,1732.0079999999998,0.002,0.002
17.03.2020 08:37:43.811 GMT-0500,1736.003,1732.767,0.002,0.0008
17.03.2020 08:37:44.013 GMT-0500,1736.003,1733.527,0.002,0.0008
17.03.2020 08:37:44.114 GMT-0500,1736.0020000000002,1732.767,0.0008,0.002
17.03.2020 08:37:44.370 GMT-0500,1736.003,1732.767,0.002,0.002
17.03.2020 08:37:44.704 GMT-0500,1736.003,1732.768,0.002,0.0008
17.03.2020 08:37:45.080 GMT-0500,1734.7420000000002,1732.777,0.0008,0.002
17.03.2020 08:37:45.366 GMT-0500,1736.0020000000002,1732.777,0.0008,0.002
17.03.2020 08:37:45.416 GMT-0500,1734.7120000000002,1732.777,0.0008,0.002
17.03.2020 08:37:45.534 GMT-0500,1734.7020000000002,1732.778,0.002,0.002
17.03.2020 08:37:45.584 GMT-0500,1736.003,1732.778,0.002,0.0008
17.03.2020 08:37:45.634 GMT-0500,1734.7020000000002,1732.777,0.0008,0.002
17.03.2020 08:37:45.758 GMT-0500,1736.003,1732.777,0.002,0.0008
17.03.2020 08:37:45.859 GMT-0500,1734.693,1732.768,0.002,0.0008
17.03.2020 08:37:45.970 GMT-0500,1736.0020000000002,1732.767,0.0008,0.002
17.03.2020 08:37:46.545 GMT-0500,1736.0020000000002,1732.768,0.002,0.002
17.03.2020 08:37:47.336 GMT-0500,1734.6620000000003,1732.778,0.002,0.002
17.03.2020 08:37:47.530 GMT-0500,1736.0020000000002,1732.767,0.0008,0.002
17.03.2020 08:37:49.102 GMT-0500,1736.0020000000002,1732.767,0.002,0.002
17.03.2020 08:37:49.239 GMT-0500,1735.193,1732.767,0.0008,0.002
17.03.2020 08:37:49.290 GMT-0500,1736.0020000000002,1732.767,0.0008,0.002
17.03.2020 08:37:51.698 GMT-0500,1736.0020000000002,1733.9979999999998,0.002,0.002
17.03.2020 08:37:51.798 GMT-0500,1736.003,1733.4170000000001,0.002,0.002
17.03.2020 08:37:52.468 GMT-0500,1737.1920000000002,1734.7079999999999,0.002,0.002
17.03.2020 08:37:52.518 GMT-0500,1737.193,1733.4170000000001,0.002,0.002
17.03.2020 08:37:55.196 GMT-0500,1735.3129999999999,1733.4170000000001,0.0008,0.0008
17.03.2020 08:38:00.073 GMT-0500,1738.003,1736.308,0.002,0.0008
17.03.2020 08:38:00.263 GMT-0500,1740.003,1737.1570000000002,0.002,0.002
17.03.2020 08:38:00.573 GMT-0500,1740.003,1737.828,0.002,0.0008
17.03.2020 08:38:00.854 GMT-0500,1741.0020000000002,1739.4479999999999,0.002,0.002
17.03.2020 08:38:00.904 GMT-0500,1740.0020000000002,1737.828,0.002,0.002
17.03.2020 08:38:01.571 GMT-0500,1741.003,1737.828,0.002,0.002
17.03.2020 08:38:01.621 GMT-0500,1741.003,1738.9070000000002,0.002,0.002
17.03.2020 08:38:01.671 GMT-0500,1741.003,1738.9170000000001,0.002,0.002
17.03.2020 08:38:01.722 GMT-0500,1743.663,1740.4579999999999,0.002,0.0008
17.03.2020 08:38:05.038 GMT-0500,1743.013,1740.118,0.002,0.0008
17.03.2020 08:38:05.139 GMT-0500,1743.003,1740.1270000000002,0.002,0.002
17.03.2020 08:38:05.386 GMT-0500,1743.993,1740.338,0.002,0.0008
17.03.2020 08:38:05.552 GMT-0500,1743.993,1740.338,0.002,0.0008
17.03.2020 08:38:05.778 GMT-0500,1742.5220000000002,1740.3470000000002,0.002,0.002
17.03.2020 08:38:06.128 GMT-0500,1743.9920000000002,1740.3670000000002,0.0008,0.002
17.03.2020 08:38:06.279 GMT-0500,1742.523,1740.3670000000002,0.002,0.002
17.03.2020 08:38:06.670 GMT-0500,1742.523,1740.3670000000002,0.002,0.002
17.03.2020 08:38:06.770 GMT-0500,1743.9920000000002,1740.368,0.002,0.002
17.03.2020 08:38:10.594 GMT-0500,1745.683,1741.858,0.0008,0.0008
17.03.2020 08:38:10.957 GMT-0500,1744.582,1741.8570000000002,0.0008,0.002
17.03.2020 08:38:11.122 GMT-0500,1745.233,1741.8570000000002,0.002,0.002
17.03.2020 08:38:11.172 GMT-0500,1745.233,1741.858,0.002,0.0008
17.03.2020 08:38:11.549 GMT-0500,1745.233,1741.8570000000002,0.002,0.002
17.03.2020 08:38:12.746 GMT-0500,1743.983,1741.858,0.0008,0.0008
17.03.2020 08:38:13.287 GMT-0500,1743.8220000000001,1741.8570000000002,0.0008,0.002
17.03.2020 08:38:14.056 GMT-0500,1743.8229999999999,1741.858,0.002,0.0008
17.03.2020 08:38:14.106 GMT-0500,1743.8120000000001,1741.8570000000002,0.0008,0.002
17.03.2020 08:38:14.363 GMT-0500,1743.8120000000001,1741.868,0.0008,0.0008
17.03.2020 08:38:14.413 GMT-0500,1743.8329999999999,1741.868,0.002,0.0008
17.03.2020 08:38:14.565 GMT-0500,1743.8329999999999,1741.8670000000002,0.002,0.002
17.03.2020 08:38:14.775 GMT-0500,1742.3220000000001,1740.737,0.0008,0.002
17.03.2020 08:38:14.825 GMT-0500,1742.882,1739.9979999999998,0.002,0.002
17.03.2020 08:38:14.996 GMT-0500,1743.8129999999999,1739.997,0.002,0.002
17.03.2020 08:38:15.162 GMT-0500,1743.473,1739.997,0.002,0.002
17.03.2020 08:38:15.766 GMT-0500,1743.463,1741.0079999999998,0.002,0.0008
17.03.2020 08:38:18.028 GMT-0500,1743.4620000000002,1741.0079999999998,0.002,0.002
17.03.2020 08:38:18.195 GMT-0500,1743.453,1740.4270000000001,0.002,0.002
17.03.2020 08:38:18.245 GMT-0500,1743.463,1739.997,0.002,0.002
17.03.2020 08:38:18.304 GMT-0500,1743.4520000000002,1739.997,0.0008,0.002
17.03.2020 08:38:19.107 GMT-0500,1742.2220000000002,1739.9979999999998,0.0008,0.002
17.03.2020 08:38:22.087 GMT-0500,1742.2220000000002,1740.007,0.0008,0.0008
17.03.2020 08:38:22.137 GMT-0500,1742.963,1740.007,0.002,0.002
17.03.2020 08:38:22.200 GMT-0500,1741.862,1740.007,0.0008,0.002
17.03.2020 08:38:25.794 GMT-0500,1743.048,1741.318,0.0008,0.0008
17.03.2020 08:38:31.175 GMT-0500,1745.003,1741.017,0.0008,0.002
17.03.2020 08:38:31.512 GMT-0500,1745.003,1741.9979999999998,0.002,0.0008
17.03.2020 08:38:32.209 GMT-0500,1745.003,1742.007,0.002,0.0008
17.03.2020 08:38:32.790 GMT-0500,1745.0020000000002,1741.9979999999998,0.002,0.002
17.03.2020 08:38:32.840 GMT-0500,1745.003,1741.9979999999998,0.002,0.0008
17.03.2020 08:38:33.648 GMT-0500,1745.003,1741.9979999999998,0.002,0.002
17.03.2020 08:38:33.698 GMT-0500,1745.0020000000002,1741.997,0.0008,0.002
17.03.2020 08:38:33.895 GMT-0500,1745.0020000000002,1741.997,0.002,0.002
17.03.2020 08:38:35.029 GMT-0500,1743.8329999999999,1741.997,0.002,0.002
17.03.2020 08:38:35.080 GMT-0500,1742.6620000000003,1739.997,0.0008,0.002
17.03.2020 08:38:35.326 GMT-0500,1743.8220000000001,1739.9979999999998,0.002,0.002
17.03.2020 08:38:36.120 GMT-0500,1743.8329999999999,1739.9979999999998,0.002,0.0008
17.03.2020 08:38:36.498 GMT-0500,1743.832,1739.9979999999998,0.002,0.002
17.03.2020 08:38:37.391 GMT-0500,1742.003,1739.9979999999998,0.0008,0.0008
17.03.2020 08:38:41.243 GMT-0500,1739.6029999999998,1737.548,0.002,0.0008
17.03.2020 08:38:41.293 GMT-0500,1739.602,1736.007,0.0008,0.002
17.03.2020 08:38:41.579 GMT-0500,1739.602,1737.007,0.0008,0.002
17.03.2020 08:38:41.885 GMT-0500,1739.602,1737.1770000000001,0.0008,0.002
17.03.2020 08:38:44.036 GMT-0500,1739.0620000000001,1735.398,0.002,0.002
17.03.2020 08:38:45.734 GMT-0500,1739.0620000000001,1736.368,0.002,0.0008
17.03.2020 08:38:47.019 GMT-0500,1739.9720000000002,1737.018,0.002,0.002
17.03.2020 08:38:47.119 GMT-0500,1739.983,1737.018,0.002,0.0008
17.03.2020 08:38:47.625 GMT-0500,1739.9820000000002,1737.018,0.002,0.0008
17.03.2020 08:38:48.635 GMT-0500,1739.983,1736.908,0.002,0.0008
17.03.2020 08:38:48.996 GMT-0500,1739.9920000000002,1736.9070000000002,0.0008,0.002
17.03.2020 08:38:49.287 GMT-0500,1739.9920000000002,1736.9470000000001,0.0008,0.0008
17.03.2020 08:38:49.706 GMT-0500,1739.9920000000002,1737.9879999999998,0.002,0.002
17.03.2020 08:38:50.282 GMT-0500,1739.983,1737.9879999999998,0.0008,0.0008
17.03.2020 08:38:50.615 GMT-0500,1739.993,1737.9879999999998,0.002,0.0008
17.03.2020 08:38:50.666 GMT-0500,1739.993,1737.9879999999998,0.002,0.0008
17.03.2020 08:38:51.170 GMT-0500,1738.5020000000002,1736.368,0.002,0.002
17.03.2020 08:38:51.777 GMT-0500,1739.973,1735.997,0.002,0.002
17.03.2020 08:38:51.895 GMT-0500,1739.9720000000002,1735.997,0.0008,0.002
17.03.2020 08:38:51.996 GMT-0500,1739.953,1735.997,0.002,0.002
17.03.2020 08:38:52.495 GMT-0500,1739.953,1735.997,0.002,0.002
17.03.2020 08:38:53.142 GMT-0500,1739.953,1736.9979999999998,0.002,0.0008
17.03.2020 08:38:53.572 GMT-0500,1738.9520000000002,1736.997,0.0008,0.002
17.03.2020 08:38:53.712 GMT-0500,1738.953,1736.997,0.002,0.002
17.03.2020 08:38:53.941 GMT-0500,1738.9320000000002,1736.997,0.0008,0.0008
17.03.2020 08:38:53.991 GMT-0500,1738.9320000000002,1735.398,0.002,0.002
17.03.2020 08:38:54.774 GMT-0500,1738.9320000000002,1735.398,0.002,0.002
17.03.2020 08:38:55.448 GMT-0500,1738.9120000000003,1736.4979999999998,0.002,0.0008
17.03.2020 08:38:55.498 GMT-0500,1738.903,1735.3970000000002,0.002,0.002
17.03.2020 08:38:55.993 GMT-0500,1738.882,1735.3970000000002,0.0008,0.002
17.03.2020 08:38:56.595 GMT-0500,1738.882,1735.3970000000002,0.002,0.002
17.03.2020 08:38:56.696 GMT-0500,1737.8329999999999,1735.3970000000002,0.002,0.002
17.03.2020 08:38:56.837 GMT-0500,1737.8329999999999,1735.398,0.002,0.0008
17.03.2020 08:38:57.708 GMT-0500,1737.832,1735.3970000000002,0.002,0.002
17.03.2020 08:38:57.759 GMT-0500,1737.832,1736.0079999999998,0.002,0.002
17.03.2020 08:38:58.102 GMT-0500,1738.9220000000003,1736.9270000000001,0.0008,0.002
17.03.2020 08:38:59.442 GMT-0500,1738.9220000000003,1737.1870000000001,0.0008,0.0008
17.03.2020 08:39:00.206 GMT-0500,1738.923,1737.1879999999999,0.002,0.0008
17.03.2020 08:39:00.307 GMT-0500,1739.993,1737.898,0.002,0.0008
17.03.2020 08:39:00.503 GMT-0500,1739.9920000000002,1736.9270000000001,0.0008,0.002
17.03.2020 08:39:00.930 GMT-0500,1739.8629999999998,1736.9270000000001,0.0008,0.002
17.03.2020 08:39:01.544 GMT-0500,1739.872,1736.9270000000001,0.0008,0.002
17.03.2020 08:39:01.839 GMT-0500,1739.872,1737.1779999999999,0.002,0.0008
17.03.2020 08:39:01.890 GMT-0500,1738.993,1737.1770000000001,0.002,0.002
17.03.2020 08:39:02.154 GMT-0500,1738.993,1737.1779999999999,0.002,0.0008
17.03.2020 08:39:03.519 GMT-0500,1738.753,1737.1779999999999,0.0008,0.0008
17.03.2020 08:39:03.912 GMT-0500,1738.753,1735.398,0.002,0.002
17.03.2020 08:39:03.962 GMT-0500,1737.9320000000002,1735.398,0.002,0.002
17.03.2020 08:39:04.508 GMT-0500,1737.9320000000002,1737.1470000000002,0.0008,0.002
17.03.2020 08:39:04.660 GMT-0500,1740.0220000000002,1737.1470000000002,0.002,0.002
17.03.2020 08:39:04.711 GMT-0500,1740.0220000000002,1737.148,0.002,0.002
17.03.2020 08:39:04.761 GMT-0500,1738.5720000000001,1737.1470000000002,0.0008,0.002
17.03.2020 08:39:04.811 GMT-0500,1738.8629999999998,1737.148,0.002,0.0008
17.03.2020 08:39:05.045 GMT-0500,1738.8629999999998,1737.148,0.0008,0.0008
17.03.2020 08:39:05.095 GMT-0500,1738.8329999999999,1737.148,0.002,0.0008
17.03.2020 08:39:05.487 GMT-0500,1738.8329999999999,1737.1470000000002,0.0008,0.002
17.03.2020 08:39:05.537 GMT-0500,1740.023,1737.1470000000002,0.002,0.002
17.03.2020 08:39:08.801 GMT-0500,1742.0020000000002,1739.1570000000002,0.0008,0.002
17.03.2020 08:39:08.852 GMT-0500,1742.0020000000002,1739.1570000000002,0.0008,0.002
17.03.2020 08:39:12.774 GMT-0500,1742.783,1739.9979999999998,0.002,0.0008
17.03.2020 08:39:13.612 GMT-0500,1742.783,1739.997,0.002,0.002
17.03.2020 08:39:13.662 GMT-0500,1742.7820000000002,1739.997,0.0008,0.002
17.03.2020 08:39:14.705 GMT-0500,1742.783,1739.997,0.002,0.002
17.03.2020 08:39:14.942 GMT-0500,1742.7820000000002,1739.997,0.0008,0.002
17.03.2020 08:39:15.168 GMT-0500,1742.7820000000002,1740.5870000000002,0.0008,0.0008
17.03.2020 08:39:15.554 GMT-0500,1742.7820000000002,1739.9979999999998,0.002,0.002
17.03.2020 08:39:16.072 GMT-0500,1741.693,1738.398,0.002,0.002
17.03.2020 08:39:16.123 GMT-0500,1741.933,1739.1870000000001,0.002,0.002
17.03.2020 08:39:16.281 GMT-0500,1741.3129999999999,1738.3870000000002,0.0008,0.002
17.03.2020 08:39:16.590 GMT-0500,1741.473,1738.3870000000002,0.0008,0.002
17.03.2020 08:39:16.806 GMT-0500,1741.9420000000002,1738.3870000000002,0.0008,0.002
17.03.2020 08:39:17.499 GMT-0500,1741.943,1738.388,0.002,0.002
17.03.2020 08:39:18.328 GMT-0500,1742.783,1740.0970000000002,0.002,0.002
17.03.2020 08:39:18.378 GMT-0500,1742.783,1740.098,0.002,0.0008
17.03.2020 08:39:18.429 GMT-0500,1742.7820000000002,1740.108,0.002,0.002
17.03.2020 08:39:19.801 GMT-0500,1743.0020000000002,1740.108,0.002,0.002
17.03.2020 08:39:19.852 GMT-0500,1745.882,1742.2179999999998,0.002,0.002
17.03.2020 08:39:20.429 GMT-0500,1745.882,1742.2179999999998,0.002,0.002
17.03.2020 08:39:20.530 GMT-0500,1745.003,1742.548,0.002,0.0008
17.03.2020 08:39:20.737 GMT-0500,1745.0020000000002,1741.8870000000002,0.0008,0.002
17.03.2020 08:39:20.788 GMT-0500,1745.003,1742.007,0.002,0.002
17.03.2020 08:39:22.501 GMT-0500,1745.003,1741.8870000000002,0.002,0.002
17.03.2020 08:39:23.411 GMT-0500,1745.0020000000002,1741.8870000000002,0.0008,0.002
17.03.2020 08:39:23.860 GMT-0500,1743.612,1741.888,0.0008,0.002
17.03.2020 08:39:25.027 GMT-0500,1743.612,1741.8870000000002,0.002,0.002
17.03.2020 08:39:26.217 GMT-0500,1742.743,1739.1470000000002,0.002,0.002
17.03.2020 08:39:26.267 GMT-0500,1742.3229999999999,1739.1470000000002,0.002,0.002
17.03.2020 08:39:26.408 GMT-0500,1742.7420000000002,1741.4979999999998,0.002,0.0008
17.03.2020 08:39:26.458 GMT-0500,1742.743,1739.1470000000002,0.002,0.002
17.03.2020 08:39:28.683 GMT-0500,1744.8529999999998,1742.0370000000003,0.0008,0.002
17.03.2020 08:39:29.271 GMT-0500,1744.852,1742.0370000000003,0.0008,0.002
17.03.2020 08:39:30.044 GMT-0500,1744.8529999999998,1742.0370000000003,0.002,0.0008
17.03.2020 08:39:31.660 GMT-0500,1743.963,1742.027,0.0008,0.002
17.03.2020 08:39:31.762 GMT-0500,1744.5729999999999,1742.028,0.002,0.0008
17.03.2020 08:39:32.019 GMT-0500,1744.582,1742.027,0.0008,0.002
17.03.2020 08:39:32.196 GMT-0500,1744.5829999999999,1742.027,0.002,0.002
17.03.2020 08:39:32.382 GMT-0500,1744.5829999999999,1742.028,0.002,0.002
17.03.2020 08:39:33.101 GMT-0500,1743.1029999999998,1742.027,0.002,0.002
17.03.2020 08:39:33.151 GMT-0500,1743.7720000000002,1742.027,0.0008,0.002
17.03.2020 08:39:34.254 GMT-0500,1742.3629999999998,1739.1470000000002,0.002,0.002
17.03.2020 08:39:35.121 GMT-0500,1743.9920000000002,1742.4479999999999,0.002,0.002
17.03.2020 08:39:35.445 GMT-0500,1743.993,1742.368,0.002,0.0008
17.03.2020 08:39:35.918 GMT-0500,1744.5829999999999,1742.0079999999998,0.002,0.0008
17.03.2020 08:39:36.018 GMT-0500,1744.5829999999999,1743.398,0.002,0.0008
17.03.2020 08:39:36.069 GMT-0500,1744.582,1742.0079999999998,0.002,0.002
17.03.2020 08:39:36.223 GMT-0500,1744.582,1743.1270000000002,0.0008,0.0008
17.03.2020 08:39:36.447 GMT-0500,1744.582,1742.9370000000001,0.0008,0.002
17.03.2020 08:39:36.725 GMT-0500,1744.582,1742.9370000000001,0.0008,0.0008
17.03.2020 08:39:36.776 GMT-0500,1744.5829999999999,1742.007,0.002,0.002
17.03.2020 08:39:36.921 GMT-0500,1744.5829999999999,1742.0079999999998,0.002,0.0008
17.03.2020 08:39:37.286 GMT-0500,1743.703,1742.0079999999998,0.0008,0.0008
17.03.2020 08:39:41.027 GMT-0500,1743.683,1739.6870000000001,0.002,0.002
17.03.2020 08:39:41.805 GMT-0500,1743.683,1739.6870000000001,0.002,0.002
17.03.2020 08:39:41.906 GMT-0500,1742.8329999999999,1739.6879999999999,0.002,0.0008
17.03.2020 08:39:42.006 GMT-0500,1742.8329999999999,1739.4579999999999,0.002,0.0008
17.03.2020 08:39:42.057 GMT-0500,1742.832,1741.0079999999998,0.002,0.002
17.03.2020 08:39:42.399 GMT-0500,1743.142,1741.0079999999998,0.002,0.002
17.03.2020 08:39:42.449 GMT-0500,1743.142,1741.017,0.0008,0.002
17.03.2020 08:39:42.790 GMT-0500,1743.142,1741.017,0.0008,0.002
17.03.2020 08:39:44.243 GMT-0500,1743.143,1739.3270000000002,0.002,0.002
17.03.2020 08:39:44.293 GMT-0500,1742.293,1739.368,0.002,0.0008
17.03.2020 08:39:45.841 GMT-0500,1741.582,1739.368,0.0008,0.002
17.03.2020 08:39:45.991 GMT-0500,1740.7220000000002,1738.3870000000002,0.0008,0.002
17.03.2020 08:39:47.227 GMT-0500,1740.7220000000002,1738.388,0.002,0.002
17.03.2020 08:39:47.277 GMT-0500,1738.9920000000002,1737.1470000000002,0.0008,0.002
17.03.2020 08:39:49.114 GMT-0500,1737.152,1737.0720000000001,0.0008,0.0008
17.03.2020 08:39:49.165 GMT-0500,1737.152,1734.997,0.0008,0.002
17.03.2020 08:39:59.554 GMT-0500,1738.993,1734.997,0.002,0.002
17.03.2020 08:40:00.962 GMT-0500,1738.993,1736.168,0.002,0.0008
17.03.2020 08:40:01.297 GMT-0500,1738.493,1736.168,0.0008,0.0008
17.03.2020 08:40:02.700 GMT-0500,1736.7520000000002,1734.997,0.0008,0.002
17.03.2020 08:40:02.751 GMT-0500,1738.993,1734.997,0.002,0.002
17.03.2020 08:40:02.840 GMT-0500,1736.29,1734.997,0.0008,0.002
17.03.2020 08:40:03.037 GMT-0500,1736.173,1732.997,0.002,0.002
17.03.2020 08:40:03.087 GMT-0500,1735.963,1732.997,0.002,0.002
17.03.2020 08:40:03.254 GMT-0500,1736.173,1732.997,0.002,0.002
17.03.2020 08:40:03.355 GMT-0500,1736.173,1732.997,0.002,0.002
17.03.2020 08:40:03.511 GMT-0500,1735.9520000000002,1732.9979999999998,0.002,0.002
17.03.2020 08:40:04.055 GMT-0500,1735.8729999999998,1733.4070000000002,0.002,0.0008
17.03.2020 08:40:04.105 GMT-0500,1735.8729999999998,1732.9979999999998,0.002,0.0008
17.03.2020 08:40:04.197 GMT-0500,1735.8729999999998,1733.4170000000001,0.002,0.0008
17.03.2020 08:40:05.084 GMT-0500,1734.9820000000002,1732.997,0.0008,0.002
17.03.2020 08:40:05.690 GMT-0500,1734.9820000000002,1732.9979999999998,0.002,0.002
17.03.2020 08:40:06.422 GMT-0500,1734.963,1733.398,0.002,0.0008
17.03.2020 08:40:06.786 GMT-0500,1734.8229999999999,1733.398,0.0008,0.0008
17.03.2020 08:40:08.205 GMT-0500,1734.953,1733.398,0.002,0.0008
17.03.2020 08:40:08.255 GMT-0500,1734.9420000000002,1733.398,0.002,0.002
17.03.2020 08:40:08.609 GMT-0500,1734.1820000000002,1731.4479999999999,0.002,0.002
17.03.2020 08:40:10.466 GMT-0500,1733.393,1730.408,0.002,0.0008
17.03.2020 08:40:11.898 GMT-0500,1733.393,1730.4070000000002,0.002,0.002
17.03.2020 08:40:12.178 GMT-0500,1732.6920000000002,1730.4070000000002,0.0008,0.002
17.03.2020 08:40:13.856 GMT-0500,1732.673,1730.4070000000002,0.002,0.002
17.03.2020 08:40:16.408 GMT-0500,1732.693,1731.0079999999998,0.002,0.0008
17.03.2020 08:40:18.160 GMT-0500,1732.993,1732.298,0.0008,0.0008
17.03.2020 08:40:18.211 GMT-0500,1735.0020000000002,1732.2970000000003,0.0008,0.002
17.03.2020 08:40:21.225 GMT-0500,1734.9620000000002,1732.2970000000003,0.0008,0.002
17.03.2020 08:40:22.765 GMT-0500,1735.0020000000002,1733.0079999999998,0.002,0.0008
17.03.2020 08:40:24.296 GMT-0500,1734.9520000000002,1733.007,0.0008,0.002
17.03.2020 08:40:24.600 GMT-0500,1734.9520000000002,1733.007,0.002,0.002
17.03.2020 08:40:26.796 GMT-0500,1734.9320000000002,1731.9979999999998,0.002,0.0008
17.03.2020 08:40:27.149 GMT-0500,1734.9520000000002,1733.0470000000003,0.0008,0.002
17.03.2020 08:40:27.297 GMT-0500,1734.9520000000002,1733.048,0.002,0.002
17.03.2020 08:40:27.571 GMT-0500,1734.923,1731.9979999999998,0.002,0.0008
17.03.2020 08:40:27.621 GMT-0500,1734.903,1731.9979999999998,0.002,0.0008
17.03.2020 08:40:28.123 GMT-0500,1734.8829999999998,1731.9979999999998,0.0008,0.0008
17.03.2020 08:40:29.574 GMT-0500,1734.913,1731.997,0.002,0.002
17.03.2020 08:40:29.625 GMT-0500,1734.913,1733.027,0.002,0.002
17.03.2020 08:40:29.777 GMT-0500,1734.913,1733.027,0.002,0.002
17.03.2020 08:40:29.902 GMT-0500,1734.893,1731.9979999999998,0.002,0.002
17.03.2020 08:40:29.952 GMT-0500,1734.893,1731.9979999999998,0.002,0.0008
17.03.2020 08:40:30.469 GMT-0500,1734.893,1731.9979999999998,0.002,0.002
17.03.2020 08:40:30.569 GMT-0500,1734.892,1731.997,0.0008,0.002
17.03.2020 08:40:30.744 GMT-0500,1734.8729999999998,1731.997,0.002,0.002
17.03.2020 08:40:31.112 GMT-0500,1734.8729999999998,1733.007,0.002,0.0008
17.03.2020 08:40:31.661 GMT-0500,1734.8729999999998,1731.9979999999998,0.002,0.002
17.03.2020 08:40:31.712 GMT-0500,1734.8729999999998,1731.9979999999998,0.002,0.0008
17.03.2020 08:40:32.429 GMT-0500,1734.9120000000003,1731.9979999999998,0.002,0.002
17.03.2020 08:40:32.480 GMT-0500,1735.973,1731.997,0.002,0.002
17.03.2020 08:40:33.641 GMT-0500,1735.973,1733.9779999999998,0.0008,0.0008
17.03.2020 08:40:34.977 GMT-0500,1736.5320000000002,1735.0079999999998,0.002,0.0008
17.03.2020 08:40:35.085 GMT-0500,1736.923,1736.278,0.0008,0.0008
17.03.2020 08:40:35.136 GMT-0500,1739.872,1736.278,0.002,0.002
17.03.2020 08:40:35.998 GMT-0500,1737.993,1735.007,0.002,0.002
17.03.2020 08:40:36.132 GMT-0500,1737.0729999999999,1735.007,0.0008,0.002
17.03.2020 08:40:36.519 GMT-0500,1737.0729999999999,1735.018,0.0008,0.0008
17.03.2020 08:40:38.491 GMT-0500,1737.993,1735.017,0.0008,0.002
17.03.2020 08:40:40.076 GMT-0500,1738.3729999999998,1735.007,0.002,0.002
17.03.2020 08:40:41.156 GMT-0500,1738.3629999999998,1735.017,0.002,0.002
17.03.2020 08:40:43.085 GMT-0500,1738.3629999999998,1735.018,0.002,0.0008
17.03.2020 08:40:43.750 GMT-0500,1738.3429999999998,1735.018,0.0008,0.0008
17.03.2020 08:40:48.275 GMT-0500,1737.513,1735.017,0.0008,0.002
17.03.2020 08:40:48.325 GMT-0500,1738.3729999999998,1735.028,0.002,0.0008
17.03.2020 08:40:48.402 GMT-0500,1737.4920000000002,1735.028,0.0008,0.002
17.03.2020 08:40:48.673 GMT-0500,1737.503,1735.027,0.002,0.002
17.03.2020 08:40:48.723 GMT-0500,1737.5020000000002,1735.0370000000003,0.0008,0.002
17.03.2020 08:40:48.916 GMT-0500,1737.4820000000002,1735.038,0.002,0.002
17.03.2020 08:40:50.034 GMT-0500,1737.483,1735.0370000000003,0.002,0.002
17.03.2020 08:40:51.495 GMT-0500,1738.372,1735.0370000000003,0.002,0.002
17.03.2020 08:40:51.545 GMT-0500,1738.372,1735.0370000000003,0.0008,0.002
17.03.2020 08:40:51.596 GMT-0500,1736.893,1735.0370000000003,0.002,0.002
17.03.2020 08:40:51.780 GMT-0500,1736.872,1735.0370000000003,0.0008,0.002
17.03.2020 08:40:52.735 GMT-0500,1736.8729999999998,1735.0370000000003,0.0008,0.002
17.03.2020 08:40:52.786 GMT-0500,1736.893,1735.0370000000003,0.002,0.002
17.03.2020 08:40:53.729 GMT-0500,1736.893,1735.0370000000003,0.002,0.002
17.03.2020 08:40:54.171 GMT-0500,1736.893,1735.0570000000002,0.002,0.002
17.03.2020 08:40:54.478 GMT-0500,1738.3729999999998,1735.0570000000002,0.002,0.002
17.03.2020 08:40:54.743 GMT-0500,1736.223,1735.0570000000002,0.0008,0.002
17.03.2020 08:40:55.592 GMT-0500,1738.372,1735.0570000000002,0.0008,0.002
17.03.2020 08:40:56.132 GMT-0500,1738.372,1736.527,0.0008,0.002
17.03.2020 08:40:57.604 GMT-0500,1738.7920000000001,1736.5570000000002,0.0008,0.002
17.03.2020 08:40:58.392 GMT-0500,1739.9920000000002,1736.5670000000002,0.0008,0.002
17.03.2020 08:40:59.726 GMT-0500,1739.973,1736.5670000000002,0.0008,0.002
17.03.2020 08:40:59.777 GMT-0500,1739.9720000000002,1736.8870000000002,0.0008,0.002
17.03.2020 08:41:00.768 GMT-0500,1739.973,1736.8970000000002,0.0008,0.0008
17.03.2020 08:41:00.971 GMT-0500,1739.9920000000002,1736.898,0.002,0.002
17.03.2020 08:41:01.076 GMT-0500,1738.9820000000002,1736.898,0.002,0.002
17.03.2020 08:41:01.533 GMT-0500,1738.9820000000002,1736.908,0.002,0.0008
17.03.2020 08:41:01.791 GMT-0500,1738.9820000000002,1736.9170000000001,0.0008,0.0008
17.03.2020 08:41:01.841 GMT-0500,1739.993,1736.9170000000001,0.002,0.002
17.03.2020 08:41:01.949 GMT-0500,1739.9920000000002,1736.9170000000001,0.0008,0.002
17.03.2020 08:41:02.131 GMT-0500,1740.57,1738.4479999999999,0.0008,0.0008
17.03.2020 08:41:02.332 GMT-0500,1740.973,1738.4070000000002,0.002,0.002
17.03.2020 08:41:02.438 GMT-0500,1740.973,1740.4320000000002,0.0008,0.0008
17.03.2020 08:41:02.510 GMT-0500,1740.9920000000002,1738.9270000000001,0.0008,0.002
17.03.2020 08:41:02.737 GMT-0500,1740.993,1738.9270000000001,0.002,0.002
17.03.2020 08:41:04.537 GMT-0500,1740.993,1738.9979999999998,0.002,0.0008
17.03.2020 08:41:05.237 GMT-0500,1740.5929999999998,1738.9979999999998,0.002,0.0008
17.03.2020 08:41:05.502 GMT-0500,1740.5929999999998,1738.997,0.002,0.002
17.03.2020 08:41:05.651 GMT-0500,1739.5720000000001,1738.92,0.0008,0.0008
17.03.2020 08:41:05.701 GMT-0500,1739.5720000000001,1736.528,0.002,0.002
17.03.2020 08:41:05.764 GMT-0500,1739.5720000000001,1736.528,0.002,0.002
17.03.2020 08:41:06.052 GMT-0500,1741.8220000000001,1738.257,0.0008,0.002
17.03.2020 08:41:06.337 GMT-0500,1741.5720000000001,1738.257,0.0008,0.002
17.03.2020 08:41:06.476 GMT-0500,1741.5720000000001,1738.2579999999998,0.002,0.002
17.03.2020 08:41:06.602 GMT-0500,1739.5720000000001,1738.2579999999998,0.002,0.002
17.03.2020 08:41:06.990 GMT-0500,1739.5720000000001,1738.3970000000002,0.0008,0.002
17.03.2020 08:41:07.469 GMT-0500,1739.602,1738.398,0.002,0.002
17.03.2020 08:41:08.281 GMT-0500,1739.602,1738.408,0.002,0.0008
17.03.2020 08:41:08.406 GMT-0500,1741.423,1739.6979999999999,0.002,0.0008
17.03.2020 08:41:08.968 GMT-0500,1741.393,1739.6970000000001,0.002,0.002
17.03.2020 08:41:09.240 GMT-0500,1741.393,1739.6979999999999,0.0008,0.0008
17.03.2020 08:41:09.291 GMT-0500,1741.403,1739.6979999999999,0.002,0.0008
17.03.2020 08:41:09.422 GMT-0500,1741.403,1739.6979999999999,0.0008,0.0008
17.03.2020 08:41:09.525 GMT-0500,1741.173,1739.6970000000001,0.002,0.002
17.03.2020 08:41:09.575 GMT-0500,1741.3129999999999,1739.6970000000001,0.002,0.002
17.03.2020 08:41:09.651 GMT-0500,1741.3129999999999,1739.9070000000002,0.002,0.0008
17.03.2020 08:41:09.905 GMT-0500,1741.3129999999999,1739.918,0.002,0.0008
17.03.2020 08:41:09.956 GMT-0500,1741.8220000000001,1739.9170000000001,0.0008,0.002
17.03.2020 08:41:10.007 GMT-0500,1742.9320000000002,1741.4579999999999,0.002,0.002
17.03.2020 08:41:12.700 GMT-0500,1742.9920000000002,1739.9070000000002,0.0008,0.002
17.03.2020 08:41:13.853 GMT-0500,1742.9920000000002,1740.007,0.0008,0.0008
17.03.2020 08:41:13.905 GMT-0500,1743.632,1740.007,0.0008,0.002
17.03.2020 08:41:14.272 GMT-0500,1743.642,1740.0079999999998,0.002,0.002
17.03.2020 08:41:14.412 GMT-0500,1743.652,1740.0079999999998,0.002,0.002
17.03.2020 08:41:15.231 GMT-0500,1743.652,1741.0670000000002,0.0008,0.002
17.03.2020 08:41:15.282 GMT-0500,1744.503,1741.0670000000002,0.002,0.002
17.03.2020 08:41:15.337 GMT-0500,1744.503,1741.4379999999999,0.002,0.0008
17.03.2020 08:41:15.437 GMT-0500,1744.5020000000002,1741.007,0.0008,0.002
17.03.2020 08:41:16.752 GMT-0500,1743.653,1742.3270000000002,0.0008,0.0008
17.03.2020 08:41:16.853 GMT-0500,1745.8829999999998,1743.108,0.002,0.0008
17.03.2020 08:41:19.120 GMT-0500,1744.8229999999999,1741.6870000000001,0.0008,0.002
17.03.2020 08:41:21.473 GMT-0500,1744.8229999999999,1741.6870000000001,0.002,0.002
17.03.2020 08:41:21.609 GMT-0500,1744.8020000000001,1741.9979999999998,0.002,0.0008
17.03.2020 08:41:23.189 GMT-0500,1744.8229999999999,1744.3470000000002,0.002,0.002
17.03.2020 08:41:23.239 GMT-0500,1745.8829999999998,1743.298,0.002,0.0008
17.03.2020 08:41:23.326 GMT-0500,1745.8829999999998,1741.9979999999998,0.002,0.002
17.03.2020 08:41:23.376 GMT-0500,1745.882,1741.9979999999998,0.002,0.002
17.03.2020 08:41:23.737 GMT-0500,1745.882,1741.997,0.002,0.002
17.03.2020 08:41:25.025 GMT-0500,1744.9720000000002,1741.9979999999998,0.0008,0.002
17.03.2020 08:41:25.633 GMT-0500,1745.8829999999998,1742.957,0.002,0.002
17.03.2020 08:41:26.120 GMT-0500,1745.882,1743.068,0.002,0.002
17.03.2020 08:41:26.759 GMT-0500,1745.882,1743.068,0.002,0.002
17.03.2020 08:41:27.461 GMT-0500,1745.003,1743.0670000000002,0.002,0.002
17.03.2020 08:41:27.512 GMT-0500,1745.0020000000002,1743.0670000000002,0.0008,0.002
17.03.2020 08:41:27.841 GMT-0500,1745.8829999999998,1743.0670000000002,0.002,0.002
17.03.2020 08:41:27.891 GMT-0500,1745.8829999999998,1744.1879999999999,0.002,0.0008
17.03.2020 08:41:28.136 GMT-0500,1745.8829999999998,1743.078,0.002,0.0008
17.03.2020 08:41:28.513 GMT-0500,1745.8829999999998,1743.0770000000002,0.002,0.002
17.03.2020 08:41:29.539 GMT-0500,1744.793,1743.0670000000002,0.002,0.002
17.03.2020 08:41:29.618 GMT-0500,1744.793,1743.398,0.0008,0.0008
17.03.2020 08:41:29.669 GMT-0500,1745.872,1743.0670000000002,0.0008,0.002
17.03.2020 08:41:30.056 GMT-0500,1745.8829999999998,1743.0670000000002,0.002,0.002
17.03.2020 08:41:30.487 GMT-0500,1745.8829999999998,1741.997,0.002,0.002
17.03.2020 08:41:30.749 GMT-0500,1745.8729999999998,1741.9979999999998,0.002,0.0008
17.03.2020 08:41:30.799 GMT-0500,1745.8829999999998,1741.9979999999998,0.002,0.0008
17.03.2020 08:41:30.850 GMT-0500,1745.993,1743.9370000000001,0.002,0.002
17.03.2020 08:41:30.985 GMT-0500,1749.0020000000002,1745.0079999999998,0.002,0.002
17.03.2020 08:41:31.035 GMT-0500,1749.0020000000002,1745.007,0.0008,0.002
17.03.2020 08:41:35.893 GMT-0500,1746.993,1743.9170000000001,0.002,0.002
17.03.2020 08:41:36.822 GMT-0500,1746.993,1743.9170000000001,0.002,0.002
17.03.2020 08:41:37.785 GMT-0500,1745.763,1744.9979999999998,0.0008,0.0008
17.03.2020 08:41:37.835 GMT-0500,1745.763,1743.918,0.002,0.0008
17.03.2020 08:41:39.210 GMT-0500,1745.953,1742.997,0.002,0.002
17.03.2020 08:41:39.970 GMT-0500,1745.9520000000002,1742.997,0.0008,0.002
17.03.2020 08:41:40.364 GMT-0500,1745.953,1742.9979999999998,0.002,0.002
17.03.2020 08:41:40.500 GMT-0500,1745.9520000000002,1743.0079999999998,0.002,0.0008
17.03.2020 08:41:40.551 GMT-0500,1745.9520000000002,1742.9979999999998,0.002,0.002
17.03.2020 08:41:40.790 GMT-0500,1745.9520000000002,1743.007,0.0008,0.0008
17.03.2020 08:41:41.228 GMT-0500,1745.953,1743.007,0.002,0.002
17.03.2020 08:41:41.708 GMT-0500,1745.9520000000002,1743.007,0.0008,0.002
17.03.2020 08:41:42.225 GMT-0500,1745.9520000000002,1744.9470000000001,0.0008,0.0008
17.03.2020 08:41:42.275 GMT-0500,1747.0620000000001,1745.1570000000002,0.0008,0.002
17.03.2020 08:41:42.326 GMT-0500,1747.013,1744.3870000000002,0.002,0.002
17.03.2020 08:41:42.560 GMT-0500,1747.013,1744.388,0.002,0.0008
17.03.2020 08:41:42.817 GMT-0500,1747.013,1744.408,0.002,0.0008
17.03.2020 08:41:43.328 GMT-0500,1747.483,1744.818,0.002,0.0008
17.03.2020 08:41:44.140 GMT-0500,1747.4820000000002,1744.8370000000002,0.0008,0.0008
17.03.2020 08:41:44.918 GMT-0500,1747.483,1744.858,0.002,0.0008
17.03.2020 08:41:45.322 GMT-0500,1747.483,1744.8570000000002,0.002,0.002
17.03.2020 08:41:45.490 GMT-0500,1747.483,1744.8770000000002,0.002,0.0008
17.03.2020 08:41:46.307 GMT-0500,1747.483,1744.8770000000002,0.002,0.002
17.03.2020 08:41:46.643 GMT-0500,1747.483,1744.918,0.002,0.0008
17.03.2020 08:41:47.069 GMT-0500,1747.483,1744.918,0.002,0.002
17.03.2020 08:41:47.322 GMT-0500,1747.483,1744.957,0.002,0.0008
17.03.2020 08:41:47.830 GMT-0500,1747.483,1744.9779999999998,0.002,0.0008
17.03.2020 08:41:48.310 GMT-0500,1747.483,1744.997,0.002,0.002
17.03.2020 08:41:48.427 GMT-0500,1747.483,1744.9979999999998,0.002,0.0008
17.03.2020 08:41:48.702 GMT-0500,1746.9820000000002,1745.018,0.0008,0.002
17.03.2020 08:41:48.841 GMT-0500,1746.983,1744.9779999999998,0.002,0.002
17.03.2020 08:41:48.891 GMT-0500,1746.983,1744.9779999999998,0.002,0.0008
17.03.2020 08:41:48.942 GMT-0500,1746.9820000000002,1745.497,0.0008,0.002
17.03.2020 08:41:48.992 GMT-0500,1746.9820000000002,1744.9779999999998,0.002,0.002
17.03.2020 08:41:49.043 GMT-0500,1746.723,1744.977,0.002,0.002
17.03.2020 08:41:49.417 GMT-0500,1746.7220000000002,1745.058,0.002,0.002
17.03.2020 08:41:49.535 GMT-0500,1746.7420000000002,1745.058,0.002,0.002
17.03.2020 08:41:49.585 GMT-0500,1746.7420000000002,1745.0770000000002,0.0008,0.002
17.03.2020 08:41:49.673 GMT-0500,1747.493,1745.0770000000002,0.002,0.002
17.03.2020 08:41:49.723 GMT-0500,1751.1329999999998,1747.4679999999998,0.002,0.0008
17.03.2020 08:41:50.038 GMT-0500,1748.6329999999998,1746.727,0.002,0.002
17.03.2020 08:41:50.088 GMT-0500,1748.6329999999998,1747.158,0.002,0.0008
17.03.2020 08:41:50.280 GMT-0500,1749.882,1747.158,0.002,0.002
17.03.2020 08:41:50.331 GMT-0500,1749.882,1747.467,0.0008,0.002
17.03.2020 08:41:50.920 GMT-0500,1749.882,1747.4779999999998,0.002,0.002
17.03.2020 08:41:51.060 GMT-0500,1749.862,1747.4779999999998,0.0008,0.002
17.03.2020 08:41:54.276 GMT-0500,1747.543,1746.27,0.0008,0.0008
17.03.2020 08:41:55.349 GMT-0500,1748.6620000000003,1744.9979999999998,0.002,0.002
17.03.2020 08:41:56.416 GMT-0500,1748.6620000000003,1744.997,0.002,0.002
17.03.2020 08:41:56.956 GMT-0500,1747.4420000000002,1744.9979999999998,0.002,0.002
17.03.2020 08:41:57.006 GMT-0500,1746.6129999999998,1744.9979999999998,0.002,0.0008
17.03.2020 08:41:57.443 GMT-0500,1746.6129999999998,1744.997,0.0008,0.002
17.03.2020 08:41:59.108 GMT-0500,1746.622,1744.9979999999998,0.002,0.002
17.03.2020 08:41:59.208 GMT-0500,1746.6229999999998,1745.0079999999998,0.002,0.0008
17.03.2020 08:42:00.070 GMT-0500,1746.6229999999998,1745.027,0.002,0.0008
17.03.2020 08:42:01.207 GMT-0500,1747.953,1745.0670000000002,0.0008,0.002
17.03.2020 08:42:01.643 GMT-0500,1747.953,1745.088,0.002,0.0008
17.03.2020 08:42:02.357 GMT-0500,1746.3629999999998,1745.0870000000002,0.002,0.002
17.03.2020 08:42:02.497 GMT-0500,1746.352,1745.088,0.002,0.002
17.03.2020 08:42:02.717 GMT-0500,1746.0120000000002,1745.0870000000002,0.0008,0.002
17.03.2020 08:42:02.948 GMT-0500,1746.433,1745.0870000000002,0.002,0.002
17.03.2020 08:42:03.324 GMT-0500,1746.3220000000001,1745.118,0.002,0.002
17.03.2020 08:42:04.578 GMT-0500,1746.3220000000001,1745.1170000000002,0.0008,0.0008
17.03.2020 08:42:04.628 GMT-0500,1746.3220000000001,1745.128,0.002,0.002
17.03.2020 08:42:05.053 GMT-0500,1746.523,1745.717,0.002,0.002
17.03.2020 08:42:05.103 GMT-0500,1749.0120000000002,1745.138,0.002,0.002
17.03.2020 08:42:05.280 GMT-0500,1749.0120000000002,1745.158,0.002,0.0008
17.03.2020 08:42:05.483 GMT-0500,1747.173,1745.1570000000002,0.002,0.002
17.03.2020 08:42:05.533 GMT-0500,1749.013,1745.1570000000002,0.002,0.002
17.03.2020 08:42:05.585 GMT-0500,1749.013,1745.1570000000002,0.002,0.002
17.03.2020 08:42:05.685 GMT-0500,1749.013,1745.158,0.002,0.0008
17.03.2020 08:42:06.151 GMT-0500,1747.9520000000002,1745.588,0.002,0.002
17.03.2020 08:42:06.201 GMT-0500,1747.153,1745.588,0.002,0.0008
17.03.2020 08:42:06.385 GMT-0500,1747.152,1745.1779999999999,0.002,0.002
17.03.2020 08:42:06.443 GMT-0500,1747.152,1745.997,0.0008,0.0008
17.03.2020 08:42:06.739 GMT-0500,1747.152,1745.1770000000001,0.0008,0.002
17.03.2020 08:42:06.790 GMT-0500,1747.153,1745.1770000000001,0.002,0.002
17.03.2020 08:42:07.097 GMT-0500,1747.153,1745.158,0.002,0.0008
17.03.2020 08:42:07.315 GMT-0500,1747.153,1746.0670000000002,0.002,0.0008
17.03.2020 08:42:08.080 GMT-0500,1746.1229999999998,1746.0670000000002,0.0008,0.0008
17.03.2020 08:42:08.130 GMT-0500,1747.152,1744.997,0.0008,0.002
17.03.2020 08:42:08.585 GMT-0500,1747.153,1744.997,0.002,0.002
17.03.2020 08:42:08.689 GMT-0500,1747.153,1745.9070000000002,0.002,0.002
17.03.2020 08:42:10.068 GMT-0500,1748.003,1744.9979999999998,0.002,0.0008
17.03.2020 08:42:10.214 GMT-0500,1748.0020000000002,1746.0570000000002,0.0008,0.002
17.03.2020 08:42:10.264 GMT-0500,1748.003,1745.5970000000002,0.002,0.002
17.03.2020 08:42:10.661 GMT-0500,1748.0020000000002,1745.618,0.002,0.002
17.03.2020 08:42:10.866 GMT-0500,1748.003,1745.618,0.002,0.002
17.03.2020 08:42:11.077 GMT-0500,1747.9520000000002,1745.6270000000002,0.0008,0.002
17.03.2020 08:42:11.485 GMT-0500,1747.142,1745.6270000000002,0.0008,0.002
17.03.2020 08:42:11.965 GMT-0500,1748.0020000000002,1745.628,0.002,0.002
17.03.2020 08:42:12.016 GMT-0500,1748.003,1745.648,0.002,0.0008
17.03.2020 08:42:12.115 GMT-0500,1748.003,1745.648,0.002,0.0008
17.03.2020 08:42:12.244 GMT-0500,1747.943,1745.6470000000002,0.0008,0.002
17.03.2020 08:42:12.294 GMT-0500,1748.0020000000002,1745.6470000000002,0.0008,0.002
17.03.2020 08:42:12.345 GMT-0500,1748.0020000000002,1745.628,0.002,0.002
17.03.2020 08:42:12.955 GMT-0500,1748.0020000000002,1746.568,0.002,0.002
17.03.2020 08:42:13.196 GMT-0500,1747.9420000000002,1747.247,0.0008,0.0008
17.03.2020 08:42:13.246 GMT-0500,1749.0729999999999,1746.5870000000002,0.002,0.002
17.03.2020 08:42:13.376 GMT-0500,1750.0020000000002,1746.5870000000002,0.002,0.002
17.03.2020 08:42:13.427 GMT-0500,1750.0020000000002,1746.588,0.002,0.002
17.03.2020 08:42:13.657 GMT-0500,1749.1920000000002,1746.588,0.0008,0.002
17.03.2020 08:42:13.820 GMT-0500,1749.1920000000002,1746.5870000000002,0.002,0.002
17.03.2020 08:42:14.182 GMT-0500,1749.183,1746.5870000000002,0.002,0.002
17.03.2020 08:42:14.324 GMT-0500,1748.6029999999998,1746.588,0.002,0.0008
17.03.2020 08:42:14.525 GMT-0500,1750.0020000000002,1746.5870000000002,0.002,0.002
17.03.2020 08:42:14.575 GMT-0500,1750.0020000000002,1746.6070000000002,0.0008,0.002
17.03.2020 08:42:14.626 GMT-0500,1748.3129999999999,1746.588,0.002,0.0008
17.03.2020 08:42:14.676 GMT-0500,1747.433,1745.5970000000002,0.002,0.002
17.03.2020 08:42:14.956 GMT-0500,1747.433,1745.6070000000002,0.002,0.0008
17.03.2020 08:42:15.006 GMT-0500,1747.433,1745.5970000000002,0.002,0.002
17.03.2020 08:42:15.057 GMT-0500,1747.4320000000002,1745.6070000000002,0.0008,0.002
17.03.2020 08:42:15.107 GMT-0500,1747.433,1745.5970000000002,0.002,0.002
17.03.2020 08:42:16.046 GMT-0500,1747.2920000000001,1745.5970000000002,0.0008,0.002
17.03.2020 08:42:16.147 GMT-0500,1746.9920000000002,1745.5970000000002,0.0008,0.002
17.03.2020 08:42:16.601 GMT-0500,1746.9520000000002,1745.5970000000002,0.0008,0.002
17.03.2020 08:42:16.744 GMT-0500,1746.273,1745.598,0.0008,0.0008
17.03.2020 08:42:16.795 GMT-0500,1745.5120000000002,1743.3970000000002,0.0008,0.002
17.03.2020 08:42:17.757 GMT-0500,1746.9820000000002,1744.418,0.002,0.002
17.03.2020 08:42:17.848 GMT-0500,1746.963,1744.418,0.0008,0.0008
17.03.2020 08:42:19.350 GMT-0500,1746.963,1744.418,0.002,0.0008
17.03.2020 08:42:19.401 GMT-0500,1746.963,1743.9170000000001,0.002,0.002
17.03.2020 08:42:19.754 GMT-0500,1746.963,1743.9170000000001,0.002,0.002
17.03.2020 08:42:19.855 GMT-0500,1746.9420000000002,1743.398,0.002,0.002
17.03.2020 08:42:19.905 GMT-0500,1746.9420000000002,1743.987,0.0008,0.002
17.03.2020 08:42:20.153 GMT-0500,1746.943,1743.3970000000002,0.002,0.002
17.03.2020 08:42:20.203 GMT-0500,1746.943,1743.747,0.002,0.002
17.03.2020 08:42:20.274 GMT-0500,1746.943,1743.3970000000002,0.002,0.002
17.03.2020 08:42:20.420 GMT-0500,1747.153,1743.398,0.002,0.0008
17.03.2020 08:42:20.470 GMT-0500,1746.7620000000002,1743.3970000000002,0.0008,0.002
17.03.2020 08:42:20.571 GMT-0500,1746.7620000000002,1743.9979999999998,0.002,0.002
17.03.2020 08:42:20.738 GMT-0500,1746.743,1743.9979999999998,0.0008,0.0008
17.03.2020 08:42:20.788 GMT-0500,1746.7420000000002,1743.918,0.002,0.002
17.03.2020 08:42:20.838 GMT-0500,1746.7220000000002,1743.9979999999998,0.002,0.002
17.03.2020 08:42:20.888 GMT-0500,1746.7220000000002,1743.9170000000001,0.0008,0.002
17.03.2020 08:42:20.974 GMT-0500,1746.7220000000002,1743.9170000000001,0.002,0.002
17.03.2020 08:42:21.025 GMT-0500,1746.7720000000002,1743.9170000000001,0.0008,0.002
17.03.2020 08:42:21.242 GMT-0500,1746.7720000000002,1743.997,0.0008,0.002
17.03.2020 08:42:22.231 GMT-0500,1746.773,1743.9170000000001,0.002,0.002
17.03.2020 08:42:22.461 GMT-0500,1746.773,1745.487,0.002,0.0008
17.03.2020 08:42:22.511 GMT-0500,1747.0020000000002,1745.487,0.0008,0.002
17.03.2020 08:42:22.623 GMT-0500,1747.0020000000002,1746.1270000000002,0.0008,0.0008
17.03.2020 08:42:22.674 GMT-0500,1746.773,1743.918,0.002,0.0008
17.03.2020 08:42:22.724 GMT-0500,1746.773,1745.0079999999998,0.002,0.0008
17.03.2020 08:42:22.774 GMT-0500,1746.7620000000002,1743.9170000000001,0.0008,0.002
17.03.2020 08:42:22.950 GMT-0500,1746.763,1744.0079999999998,0.002,0.0008
17.03.2020 08:42:23.065 GMT-0500,1746.763,1744.6170000000002,0.002,0.002
17.03.2020 08:42:23.627 GMT-0500,1746.7620000000002,1745.0079999999998,0.002,0.0008
17.03.2020 08:42:23.678 GMT-0500,1746.7620000000002,1744.6170000000002,0.0008,0.002
17.03.2020 08:42:23.728 GMT-0500,1746.223,1744.618,0.002,0.0008
17.03.2020 08:42:23.863 GMT-0500,1746.2220000000002,1744.9979999999998,0.002,0.002
17.03.2020 08:42:23.976 GMT-0500,1746.6720000000003,1745.0079999999998,0.002,0.002
17.03.2020 08:42:24.551 GMT-0500,1746.652,1745.0079999999998,0.0008,0.0008
17.03.2020 08:42:24.601 GMT-0500,1746.652,1744.997,0.0008,0.002
17.03.2020 08:42:25.328 GMT-0500,1746.643,1744.997,0.0008,0.002
17.03.2020 08:42:25.513 GMT-0500,1746.643,1744.9979999999998,0.002,0.0008
17.03.2020 08:42:25.984 GMT-0500,1746.3029999999999,1744.997,0.002,0.002
17.03.2020 08:42:26.034 GMT-0500,1745.642,1744.997,0.0008,0.002
17.03.2020 08:42:26.222 GMT-0500,1746.632,1744.997,0.002,0.002
17.03.2020 08:42:26.273 GMT-0500,1746.632,1744.9979999999998,0.002,0.002
17.03.2020 08:42:27.908 GMT-0500,1746.632,1744.997,0.002,0.002
17.03.2020 08:42:28.617 GMT-0500,1746.5520000000001,1745.0079999999998,0.0008,0.0008
17.03.2020 08:42:28.669 GMT-0500,1746.652,1745.0079999999998,0.002,0.002
17.03.2020 08:42:28.888 GMT-0500,1746.652,1745.237,0.0008,0.0008
17.03.2020 08:42:29.717 GMT-0500,1746.5520000000001,1745.2379999999998,0.002,0.002
17.03.2020 08:42:31.404 GMT-0500,1746.5520000000001,1745.2379999999998,0.002,0.002
17.03.2020 08:42:31.602 GMT-0500,1746.3129999999999,1745.237,0.002,0.002
17.03.2020 08:42:31.652 GMT-0500,1745.773,1744.6170000000002,0.002,0.002
17.03.2020 08:42:31.976 GMT-0500,1745.7720000000002,1744.6170000000002,0.0008,0.002
17.03.2020 08:42:32.166 GMT-0500,1745.8529999999998,1744.618,0.002,0.0008
17.03.2020 08:42:32.320 GMT-0500,1745.8529999999998,1744.207,0.002,0.002
17.03.2020 08:42:32.678 GMT-0500,1745.8529999999998,1743.9979999999998,0.002,0.0008
17.03.2020 08:42:32.729 GMT-0500,1745.8529999999998,1743.7179999999998,0.002,0.0008
17.03.2020 08:42:34.066 GMT-0500,1745.8529999999998,1743.7179999999998,0.002,0.0008
17.03.2020 08:42:34.825 GMT-0500,1745.6129999999998,1744.0370000000003,0.002,0.002
17.03.2020 08:42:35.028 GMT-0500,1745.6129999999998,1744.2079999999999,0.0008,0.0008
17.03.2020 08:42:35.078 GMT-0500,1745.852,1744.2079999999999,0.002,0.002
17.03.2020 08:42:35.409 GMT-0500,1745.852,1743.717,0.0008,0.002
17.03.2020 08:42:35.672 GMT-0500,1745.8629999999998,1743.717,0.002,0.002
17.03.2020 08:42:35.723 GMT-0500,1748.5020000000002,1745.6270000000002,0.0008,0.002
17.03.2020 08:42:35.823 GMT-0500,1747.003,1744.6470000000002,0.002,0.002
