Local time,Ask,Bid,AskVolume,BidVolume
18.03.2020 08:30:01.637 GMT-0500,1753.2820000000002,1750.2870000000003,0.0008,0.002
18.03.2020 08:30:01.688 GMT-0500,1753.283,1750.128,0.002,0.0008
18.03.2020 08:30:01.753 GMT-0500,1753.283,1752.275,0.002,0.0008
18.03.2020 08:30:01.854 GMT-0500,1753.023,1750.1570000000002,0.002,0.002
18.03.2020 08:30:01.959 GMT-0500,1751.8229999999999,1750.1270000000002,0.002,0.002
18.03.2020 08:30:02.218 GMT-0500,1751.793,1749.957,0.002,0.002
18.03.2020 08:30:02.325 GMT-0500,1751.493,1748.997,0.002,0.002
18.03.2020 08:30:02.376 GMT-0500,1752.4220000000003,1748.9979999999998,0.002,0.002
18.03.2020 08:30:02.631 GMT-0500,1749.5520000000001,1746.9979999999998,0.002,0.002
18.03.2020 08:30:06.176 GMT-0500,1750.933,1747.028,0.002,0.0008
18.03.2020 08:30:06.381 GMT-0500,1750.933,1748.0670000000002,0.002,0.002
18.03.2020 08:30:06.938 GMT-0500,1750.923,1747.027,0.002,0.002
18.03.2020 08:30:06.988 GMT-0500,1749.483,1747.028,0.002,0.0008
18.03.2020 08:30:07.388 GMT-0500,1747.403,1744.997,0.002,0.002
18.03.2020 08:30:07.539 GMT-0500,1747.582,1744.997,0.0008,0.002
18.03.2020 08:30:07.699 GMT-0500,1746.753,1744.997,0.0008,0.002
18.03.2020 08:30:07.935 GMT-0500,1747.632,1744.997,0.002,0.002
18.03.2020 08:30:07.985 GMT-0500,1747.632,1744.997,0.0008,0.002
18.03.2020 08:30:08.063 GMT-0500,1747.423,1744.997,0.002,0.002
18.03.2020 08:30:08.814 GMT-0500,1746.602,1744.997,0.0008,0.002
18.03.2020 08:30:09.076 GMT-0500,1745.815,1744.997,0.0008,0.002
18.03.2020 08:30:09.127 GMT-0500,1747.6329999999998,1744.997,0.002,0.002
18.03.2020 08:30:09.216 GMT-0500,1747.6329999999998,1744.997,0.002,0.002
18.03.2020 08:30:09.357 GMT-0500,1746.5929999999998,1744.9979999999998,0.0008,0.0008
18.03.2020 08:30:09.408 GMT-0500,1747.642,1745.0079999999998,0.002,0.002
18.03.2020 08:30:10.654 GMT-0500,1747.632,1745.0079999999998,0.0008,0.002
18.03.2020 08:30:10.898 GMT-0500,1747.642,1745.007,0.0008,0.002
18.03.2020 08:30:11.708 GMT-0500,1747.642,1745.007,0.0008,0.002
18.03.2020 08:30:11.758 GMT-0500,1747.642,1745.0079999999998,0.002,0.002
18.03.2020 08:30:11.885 GMT-0500,1747.642,1744.9979999999998,0.002,0.002
18.03.2020 08:30:11.935 GMT-0500,1747.642,1745.528,0.002,0.002
18.03.2020 08:30:12.077 GMT-0500,1750.933,1747.0079999999998,0.002,0.0008
18.03.2020 08:30:12.954 GMT-0500,1748.953,1746.9679999999998,0.0008,0.0008
18.03.2020 08:30:13.004 GMT-0500,1747.9920000000002,1744.997,0.0008,0.002
18.03.2020 08:30:23.142 GMT-0500,1751.2220000000002,1748.4479999999999,0.002,0.002
18.03.2020 08:30:24.459 GMT-0500,1751.2220000000002,1747.9979999999998,0.002,0.002
18.03.2020 08:30:34.891 GMT-0500,1755.9720000000002,1753.668,0.002,0.002
18.03.2020 08:30:39.528 GMT-0500,1755.9720000000002,1752.9879999999998,0.002,0.002
18.03.2020 08:30:40.646 GMT-0500,1757.4320000000002,1755.0079999999998,0.002,0.002
18.03.2020 08:30:40.839 GMT-0500,1757.413,1755.0079999999998,0.002,0.0008
18.03.2020 08:30:42.666 GMT-0500,1760.003,1756.027,0.002,0.002
18.03.2020 08:30:43.484 GMT-0500,1760.003,1757.237,0.002,0.0008
18.03.2020 08:30:44.573 GMT-0500,1760.0020000000002,1757.358,0.002,0.0008
18.03.2020 08:30:45.151 GMT-0500,1760.0020000000002,1757.518,0.002,0.002
18.03.2020 08:30:47.238 GMT-0500,1758.8220000000001,1756.027,0.0008,0.002
18.03.2020 08:30:47.644 GMT-0500,1758.8229999999999,1756.017,0.002,0.002
18.03.2020 08:30:50.210 GMT-0500,1760.0020000000002,1757.2479999999998,0.002,0.002
18.03.2020 08:30:50.806 GMT-0500,1760.003,1757.028,0.002,0.0008
18.03.2020 08:30:50.874 GMT-0500,1760.003,1757.028,0.002,0.002
18.03.2020 08:30:52.557 GMT-0500,1760.0020000000002,1757.0570000000002,0.0008,0.002
18.03.2020 08:30:53.537 GMT-0500,1760.0020000000002,1756.6370000000002,0.002,0.002
18.03.2020 08:30:53.587 GMT-0500,1758.9920000000002,1756.6370000000002,0.0008,0.002
18.03.2020 08:30:53.987 GMT-0500,1758.9920000000002,1756.6370000000002,0.0008,0.002
18.03.2020 08:30:54.037 GMT-0500,1758.993,1756.798,0.002,0.0008
18.03.2020 08:30:54.111 GMT-0500,1758.993,1757.2279999999998,0.002,0.0008
18.03.2020 08:30:54.817 GMT-0500,1758.993,1756.967,0.002,0.002
18.03.2020 08:30:55.440 GMT-0500,1760.0020000000002,1756.398,0.002,0.002
18.03.2020 08:30:55.490 GMT-0500,1758.663,1756.398,0.002,0.0008
18.03.2020 08:30:55.541 GMT-0500,1758.253,1756.3970000000002,0.002,0.002
18.03.2020 08:30:55.772 GMT-0500,1758.2520000000002,1755.987,0.0008,0.002
18.03.2020 08:30:56.459 GMT-0500,1760.0020000000002,1756.518,0.002,0.0008
18.03.2020 08:30:56.833 GMT-0500,1758.263,1755.987,0.002,0.002
18.03.2020 08:30:57.374 GMT-0500,1760.003,1756.138,0.002,0.0008
18.03.2020 08:30:57.876 GMT-0500,1758.9920000000002,1756.747,0.0008,0.002
18.03.2020 08:30:57.926 GMT-0500,1758.993,1755.9879999999998,0.002,0.0008
18.03.2020 08:30:58.340 GMT-0500,1758.9920000000002,1756.528,0.002,0.002
18.03.2020 08:30:58.390 GMT-0500,1758.9920000000002,1755.987,0.0008,0.002
18.03.2020 08:30:58.606 GMT-0500,1758.213,1755.987,0.0008,0.002
18.03.2020 08:31:11.796 GMT-0500,1759.003,1757.0079999999998,0.002,0.0008
18.03.2020 08:31:12.447 GMT-0500,1759.003,1757.027,0.002,0.0008
18.03.2020 08:31:13.419 GMT-0500,1760.0020000000002,1757.027,0.002,0.002
18.03.2020 08:31:13.469 GMT-0500,1760.0020000000002,1757.2079999999999,0.002,0.002
18.03.2020 08:31:13.549 GMT-0500,1760.0020000000002,1758.727,0.0008,0.0008
18.03.2020 08:31:14.109 GMT-0500,1763.1129999999998,1759.368,0.002,0.0008
18.03.2020 08:31:14.549 GMT-0500,1763.112,1759.3570000000002,0.0008,0.002
18.03.2020 08:31:14.659 GMT-0500,1760.8120000000001,1759.3670000000002,0.0008,0.002
18.03.2020 08:31:14.710 GMT-0500,1763.1920000000002,1759.368,0.002,0.002
18.03.2020 08:31:14.973 GMT-0500,1763.1920000000002,1759.3670000000002,0.002,0.002
18.03.2020 08:31:15.024 GMT-0500,1763.1920000000002,1759.3670000000002,0.0008,0.002
18.03.2020 08:31:15.139 GMT-0500,1763.1920000000002,1759.3670000000002,0.0008,0.002
18.03.2020 08:31:15.240 GMT-0500,1763.1920000000002,1760.0079999999998,0.002,0.002
18.03.2020 08:31:23.314 GMT-0500,1766.0020000000002,1763.318,0.002,0.002
18.03.2020 08:31:25.389 GMT-0500,1765.483,1763.3170000000002,0.002,0.002
18.03.2020 08:31:25.992 GMT-0500,1765.483,1763.308,0.002,0.0008
18.03.2020 08:31:26.053 GMT-0500,1766.0020000000002,1763.308,0.002,0.002
18.03.2020 08:31:26.103 GMT-0500,1765.143,1763.3070000000002,0.002,0.002
18.03.2020 08:31:26.695 GMT-0500,1765.143,1763.308,0.0008,0.0008
18.03.2020 08:31:26.745 GMT-0500,1765.9920000000002,1763.308,0.002,0.002
18.03.2020 08:31:27.778 GMT-0500,1765.332,1763.308,0.0008,0.002
18.03.2020 08:31:27.829 GMT-0500,1765.9920000000002,1763.3070000000002,0.0008,0.002
18.03.2020 08:31:28.122 GMT-0500,1766.003,1763.3070000000002,0.002,0.002
18.03.2020 08:31:29.065 GMT-0500,1766.003,1763.318,0.002,0.0008
18.03.2020 08:31:29.365 GMT-0500,1766.0020000000002,1763.398,0.002,0.002
18.03.2020 08:31:29.613 GMT-0500,1766.003,1763.5470000000003,0.002,0.002
18.03.2020 08:31:29.888 GMT-0500,1767.9620000000002,1765.0079999999998,0.002,0.002
18.03.2020 08:31:30.190 GMT-0500,1767.9620000000002,1766.108,0.002,0.0008
18.03.2020 08:31:30.241 GMT-0500,1767.9620000000002,1765.018,0.002,0.002
18.03.2020 08:31:31.709 GMT-0500,1767.963,1764.997,0.002,0.002
18.03.2020 08:31:31.796 GMT-0500,1768.0529999999999,1764.997,0.002,0.002
18.03.2020 08:31:31.978 GMT-0500,1770.003,1766.507,0.002,0.002
18.03.2020 08:31:32.577 GMT-0500,1770.003,1768.0079999999998,0.002,0.0008
18.03.2020 08:31:32.787 GMT-0500,1770.003,1768.9679999999998,0.002,0.0008
18.03.2020 08:31:32.837 GMT-0500,1770.003,1768.017,0.002,0.002
18.03.2020 08:31:34.029 GMT-0500,1771.0020000000002,1768.4170000000001,0.0008,0.002
18.03.2020 08:31:34.624 GMT-0500,1771.0020000000002,1769.0079999999998,0.002,0.0008
18.03.2020 08:31:36.783 GMT-0500,1773.8229999999999,1770.798,0.002,0.0008
18.03.2020 08:31:37.316 GMT-0500,1773.8229999999999,1770.7970000000003,0.0008,0.002
18.03.2020 08:31:37.417 GMT-0500,1775.142,1773.1670000000001,0.0008,0.002
18.03.2020 08:31:37.809 GMT-0500,1775.615,1774.1470000000002,0.0008,0.0008
18.03.2020 08:31:39.904 GMT-0500,1780.0020000000002,1777.4979999999998,0.002,0.0008
18.03.2020 08:31:40.374 GMT-0500,1780.0020000000002,1777.5079999999998,0.002,0.002
18.03.2020 08:31:42.212 GMT-0500,1780.003,1777.5079999999998,0.002,0.002
18.03.2020 08:31:42.262 GMT-0500,1780.0020000000002,1777.517,0.0008,0.002
18.03.2020 08:31:43.361 GMT-0500,1780.003,1777.518,0.002,0.0008
18.03.2020 08:31:45.399 GMT-0500,1779.9920000000002,1777.538,0.002,0.002
18.03.2020 08:31:46.053 GMT-0500,1779.993,1777.517,0.002,0.002
18.03.2020 08:31:46.578 GMT-0500,1779.993,1778.1770000000001,0.002,0.0008
18.03.2020 08:31:59.045 GMT-0500,1775.0020000000002,1771.7970000000003,0.0008,0.002
18.03.2020 08:32:01.095 GMT-0500,1775.0020000000002,1771.808,0.002,0.0008
18.03.2020 08:32:04.927 GMT-0500,1771.8829999999998,1769.487,0.002,0.002
18.03.2020 08:32:05.059 GMT-0500,1771.882,1769.487,0.0008,0.002
18.03.2020 08:32:10.576 GMT-0500,1768.8029999999999,1764.997,0.002,0.002
18.03.2020 08:32:11.481 GMT-0500,1766.5020000000002,1764.168,0.002,0.002
18.03.2020 08:32:12.367 GMT-0500,1766.4920000000002,1764.168,0.002,0.002
18.03.2020 08:32:26.590 GMT-0500,1767.683,1765.0470000000003,0.002,0.002
18.03.2020 08:32:29.743 GMT-0500,1767.6820000000002,1766.358,0.0008,0.0008
18.03.2020 08:32:33.817 GMT-0500,1770.3329999999999,1767.518,0.002,0.0008
18.03.2020 08:32:36.231 GMT-0500,1770.082,1766.168,0.0008,0.002
18.03.2020 08:32:36.834 GMT-0500,1770.082,1766.1670000000001,0.0008,0.0008
18.03.2020 08:32:37.412 GMT-0500,1769.5220000000002,1765.8370000000002,0.0008,0.002
18.03.2020 08:32:39.354 GMT-0500,1770.332,1768.038,0.002,0.002
18.03.2020 08:32:41.026 GMT-0500,1773.0020000000002,1769.997,0.0008,0.002
18.03.2020 08:32:42.163 GMT-0500,1773.0020000000002,1770.308,0.002,0.0008
18.03.2020 08:32:44.349 GMT-0500,1774.112,1770.308,0.002,0.002
18.03.2020 08:32:44.399 GMT-0500,1774.112,1771.5079999999998,0.002,0.002
18.03.2020 08:32:45.406 GMT-0500,1773.8229999999999,1769.9979999999998,0.0008,0.0008
18.03.2020 08:32:56.489 GMT-0500,1772.043,1768.217,0.002,0.0008
18.03.2020 08:32:56.614 GMT-0500,1772.0420000000001,1768.2179999999998,0.0008,0.002
18.03.2020 08:32:58.230 GMT-0500,1775.0020000000002,1771.1779999999999,0.002,0.0008
18.03.2020 08:33:04.279 GMT-0500,1773.033,1769.997,0.002,0.002
18.03.2020 08:33:04.329 GMT-0500,1772.9420000000002,1769.997,0.0008,0.002
18.03.2020 08:33:04.380 GMT-0500,1773.8129999999999,1769.9979999999998,0.002,0.0008
18.03.2020 08:33:07.018 GMT-0500,1773.8129999999999,1769.997,0.002,0.002
18.03.2020 08:33:07.232 GMT-0500,1772.3629999999998,1769.997,0.0008,0.002
18.03.2020 08:33:07.283 GMT-0500,1774.003,1770.4879999999998,0.002,0.0008
18.03.2020 08:33:08.164 GMT-0500,1773.733,1770.4879999999998,0.002,0.0008
18.03.2020 08:33:08.407 GMT-0500,1773.733,1769.997,0.002,0.002
18.03.2020 08:33:08.457 GMT-0500,1773.173,1769.997,0.002,0.002
18.03.2020 08:33:08.562 GMT-0500,1773.1720000000003,1770.338,0.002,0.002
18.03.2020 08:33:08.682 GMT-0500,1773.7320000000002,1770.3370000000002,0.0008,0.002
18.03.2020 08:33:10.289 GMT-0500,1773.733,1772.6100000000001,0.002,0.0008
18.03.2020 08:33:10.339 GMT-0500,1773.7320000000002,1769.997,0.0008,0.002
18.03.2020 08:33:10.416 GMT-0500,1773.7320000000002,1770.898,0.002,0.0008
18.03.2020 08:33:11.245 GMT-0500,1773.733,1772.9820000000002,0.0008,0.0008
18.03.2020 08:33:11.788 GMT-0500,1775.003,1772.1070000000002,0.002,0.002
18.03.2020 08:33:12.837 GMT-0500,1775.003,1772.1070000000002,0.002,0.002
18.03.2020 08:33:13.060 GMT-0500,1775.0020000000002,1773.727,0.0008,0.002
18.03.2020 08:33:13.311 GMT-0500,1775.0020000000002,1773.6570000000002,0.0008,0.0008
18.03.2020 08:33:14.388 GMT-0500,1775.0020000000002,1772.1070000000002,0.0008,0.002
18.03.2020 08:33:15.295 GMT-0500,1775.003,1772.1070000000002,0.002,0.0008
18.03.2020 08:33:15.346 GMT-0500,1776.943,1773.8170000000002,0.002,0.002
18.03.2020 08:33:20.703 GMT-0500,1775.892,1773.727,0.0008,0.002
18.03.2020 08:33:20.827 GMT-0500,1775.8729999999998,1773.7279999999998,0.0008,0.0008
18.03.2020 08:33:22.208 GMT-0500,1776.983,1773.408,0.002,0.0008
18.03.2020 08:33:27.243 GMT-0500,1776.5829999999999,1773.4070000000002,0.002,0.002
18.03.2020 08:33:27.336 GMT-0500,1776.5829999999999,1774.987,0.0008,0.0008
18.03.2020 08:33:37.886 GMT-0500,1779.152,1776.0079999999998,0.002,0.002
18.03.2020 08:33:39.979 GMT-0500,1779.152,1778.9879999999998,0.002,0.0008
18.03.2020 08:33:40.029 GMT-0500,1780.0020000000002,1778.9979999999998,0.002,0.002
18.03.2020 08:33:40.339 GMT-0500,1780.315,1779.6779999999999,0.0008,0.0008
18.03.2020 08:33:40.389 GMT-0500,1782.5829999999999,1778.997,0.002,0.002
18.03.2020 08:33:41.154 GMT-0500,1782.9820000000002,1778.9979999999998,0.0008,0.002
18.03.2020 08:33:41.349 GMT-0500,1782.9920000000002,1778.9979999999998,0.0008,0.002
18.03.2020 08:33:42.090 GMT-0500,1782.9920000000002,1778.9979999999998,0.002,0.002
18.03.2020 08:33:45.364 GMT-0500,1784.4920000000002,1781.9470000000001,0.0008,0.002
18.03.2020 08:33:50.170 GMT-0500,1783.4620000000002,1779.997,0.0008,0.0008
18.03.2020 08:33:50.545 GMT-0500,1782.5520000000001,1779.997,0.0008,0.002
18.03.2020 08:33:50.833 GMT-0500,1782.543,1779.9979999999998,0.0008,0.0008
18.03.2020 08:33:52.405 GMT-0500,1782.453,1779.9979999999998,0.002,0.0008
18.03.2020 08:33:53.821 GMT-0500,1782.4420000000002,1779.997,0.0008,0.002
18.03.2020 08:33:55.369 GMT-0500,1781.703,1779.028,0.002,0.0008
18.03.2020 08:33:55.420 GMT-0500,1782.443,1779.027,0.002,0.002
18.03.2020 08:33:57.303 GMT-0500,1781.493,1778.9979999999998,0.002,0.0008
18.03.2020 08:33:57.354 GMT-0500,1780.893,1777.168,0.002,0.0008
18.03.2020 08:33:57.454 GMT-0500,1778.683,1776.588,0.002,0.0008
18.03.2020 08:33:57.504 GMT-0500,1777.2920000000001,1775.2970000000003,0.0008,0.002
18.03.2020 08:34:10.901 GMT-0500,1782.393,1779.9979999999998,0.002,0.0008
18.03.2020 08:34:12.414 GMT-0500,1782.393,1779.997,0.002,0.002
18.03.2020 08:34:13.512 GMT-0500,1782.3529999999998,1779.997,0.002,0.002
18.03.2020 08:34:14.410 GMT-0500,1782.3129999999999,1779.997,0.0008,0.002
18.03.2020 08:34:15.640 GMT-0500,1782.1620000000003,1779.997,0.0008,0.002
18.03.2020 08:34:15.740 GMT-0500,1782.392,1780.0079999999998,0.002,0.002
18.03.2020 08:34:16.352 GMT-0500,1782.392,1780.0079999999998,0.002,0.002
18.03.2020 08:34:17.165 GMT-0500,1784.0020000000002,1780.518,0.002,0.002
18.03.2020 08:34:35.434 GMT-0500,1784.973,1781.997,0.002,0.002
18.03.2020 08:34:35.582 GMT-0500,1784.973,1782.8870000000002,0.002,0.002
18.03.2020 08:34:37.059 GMT-0500,1787.993,1785.987,0.0008,0.0008
18.03.2020 08:34:37.109 GMT-0500,1788.003,1785.9879999999998,0.002,0.0008
18.03.2020 08:34:37.386 GMT-0500,1788.0020000000002,1784.4370000000001,0.0008,0.002
18.03.2020 08:34:37.924 GMT-0500,1788.003,1784.4370000000001,0.002,0.002
18.03.2020 08:34:39.197 GMT-0500,1785.7920000000001,1781.997,0.0008,0.002
18.03.2020 08:34:39.297 GMT-0500,1785.7920000000001,1781.9979999999998,0.002,0.002
18.03.2020 08:34:45.110 GMT-0500,1783.273,1779.9979999999998,0.002,0.0008
18.03.2020 08:34:47.123 GMT-0500,1783.263,1779.9979999999998,0.002,0.0008
18.03.2020 08:34:48.102 GMT-0500,1783.2620000000002,1779.997,0.0008,0.002
18.03.2020 08:34:49.064 GMT-0500,1783.263,1779.997,0.0008,0.002
18.03.2020 08:34:49.813 GMT-0500,1783.2520000000002,1779.9979999999998,0.002,0.002
18.03.2020 08:34:50.081 GMT-0500,1783.2620000000002,1779.9979999999998,0.0008,0.002
18.03.2020 08:34:50.206 GMT-0500,1783.2620000000002,1779.9979999999998,0.002,0.002
18.03.2020 08:34:50.844 GMT-0500,1782.602,1779.9979999999998,0.002,0.0008
18.03.2020 08:34:51.649 GMT-0500,1782.892,1779.9979999999998,0.002,0.002
18.03.2020 08:34:51.911 GMT-0500,1782.892,1779.967,0.0008,0.002
18.03.2020 08:34:52.097 GMT-0500,1782.892,1780.4070000000002,0.0008,0.002
18.03.2020 08:34:52.434 GMT-0500,1781.3129999999999,1780.4070000000002,0.0008,0.0008
18.03.2020 08:34:52.484 GMT-0500,1782.882,1779.967,0.0008,0.002
18.03.2020 08:34:53.341 GMT-0500,1782.8829999999998,1780.0079999999998,0.002,0.0008
18.03.2020 08:34:54.491 GMT-0500,1782.893,1780.007,0.002,0.002
18.03.2020 08:34:56.080 GMT-0500,1782.892,1780.007,0.0008,0.002
18.03.2020 08:34:56.624 GMT-0500,1781.892,1780.0079999999998,0.0008,0.002
18.03.2020 08:34:56.790 GMT-0500,1781.893,1779.9979999999998,0.002,0.0008
18.03.2020 08:34:57.015 GMT-0500,1781.893,1780.027,0.002,0.0008
18.03.2020 08:34:58.466 GMT-0500,1781.892,1780.027,0.0008,0.0008
18.03.2020 08:34:58.516 GMT-0500,1781.892,1779.997,0.0008,0.002
18.03.2020 08:34:58.760 GMT-0500,1780.1229999999998,1776.4470000000001,0.002,0.002
18.03.2020 08:34:58.955 GMT-0500,1780.163,1777.1070000000002,0.0008,0.002
18.03.2020 08:34:59.055 GMT-0500,1779.9720000000002,1777.108,0.002,0.002
18.03.2020 08:34:59.218 GMT-0500,1780.163,1777.1070000000002,0.002,0.002
18.03.2020 08:34:59.268 GMT-0500,1779.993,1777.8470000000002,0.002,0.002
18.03.2020 08:35:00.171 GMT-0500,1779.642,1777.338,0.002,0.002
18.03.2020 08:35:02.175 GMT-0500,1778.4920000000002,1776.918,0.002,0.002
18.03.2020 08:35:02.225 GMT-0500,1778.4920000000002,1774.9979999999998,0.002,0.002
18.03.2020 08:35:07.711 GMT-0500,1776.2120000000002,1773.4479999999999,0.002,0.002
18.03.2020 08:35:09.096 GMT-0500,1776.2120000000002,1773.4479999999999,0.002,0.002
18.03.2020 08:35:12.315 GMT-0500,1776.3120000000001,1773.4470000000001,0.0008,0.002
18.03.2020 08:35:12.475 GMT-0500,1777.0929999999998,1775.7179999999998,0.0008,0.0008
18.03.2020 08:35:19.054 GMT-0500,1779.9320000000002,1777.0079999999998,0.002,0.002
18.03.2020 08:35:20.111 GMT-0500,1779.9320000000002,1777.007,0.0008,0.002
18.03.2020 08:35:20.714 GMT-0500,1780.612,1777.0079999999998,0.0008,0.002
18.03.2020 08:35:20.929 GMT-0500,1780.612,1777.007,0.002,0.002
18.03.2020 08:35:20.979 GMT-0500,1780.612,1777.018,0.002,0.002
18.03.2020 08:35:21.443 GMT-0500,1780.523,1777.018,0.0008,0.0008
18.03.2020 08:35:21.494 GMT-0500,1780.5120000000002,1777.518,0.002,0.002
18.03.2020 08:35:22.787 GMT-0500,1780.3329999999999,1777.518,0.002,0.002
18.03.2020 08:35:22.888 GMT-0500,1782.7320000000002,1779.408,0.002,0.002
18.03.2020 08:35:24.549 GMT-0500,1782.7320000000002,1780.1979999999999,0.002,0.0008
18.03.2020 08:35:24.665 GMT-0500,1782.7320000000002,1780.2179999999998,0.002,0.0008
18.03.2020 08:35:30.556 GMT-0500,1782.513,1780.2179999999998,0.0008,0.0008
18.03.2020 08:35:30.607 GMT-0500,1782.513,1779.028,0.002,0.0008
18.03.2020 08:35:30.676 GMT-0500,1782.513,1779.028,0.002,0.0008
18.03.2020 08:35:32.823 GMT-0500,1778.592,1775.888,0.002,0.002
18.03.2020 08:35:33.641 GMT-0500,1776.602,1773.4479999999999,0.002,0.002
18.03.2020 08:35:35.047 GMT-0500,1776.993,1773.4470000000001,0.0008,0.002
18.03.2020 08:35:43.585 GMT-0500,1776.9920000000002,1773.4479999999999,0.002,0.002
18.03.2020 08:35:44.683 GMT-0500,1775.8829999999998,1773.4479999999999,0.0008,0.0008
18.03.2020 08:35:44.797 GMT-0500,1774.953,1771.997,0.002,0.002
18.03.2020 08:35:45.053 GMT-0500,1775.8829999999998,1771.997,0.002,0.002
18.03.2020 08:35:46.071 GMT-0500,1775.8829999999998,1773.1070000000002,0.002,0.0008
18.03.2020 08:35:46.319 GMT-0500,1775.882,1773.1070000000002,0.0008,0.002
18.03.2020 08:35:52.406 GMT-0500,1775.4420000000002,1771.997,0.0008,0.002
18.03.2020 08:35:52.679 GMT-0500,1775.882,1771.997,0.002,0.002
18.03.2020 08:35:52.730 GMT-0500,1775.882,1773.9979999999998,0.002,0.002
18.03.2020 08:35:53.519 GMT-0500,1775.3829999999998,1773.9979999999998,0.0008,0.0008
18.03.2020 08:35:55.155 GMT-0500,1775.882,1771.9979999999998,0.002,0.002
18.03.2020 08:35:55.205 GMT-0500,1775.882,1771.997,0.0008,0.002
18.03.2020 08:35:55.868 GMT-0500,1775.882,1771.997,0.0008,0.002
18.03.2020 08:35:56.059 GMT-0500,1776.713,1773.997,0.002,0.002
18.03.2020 08:35:56.109 GMT-0500,1776.713,1773.9979999999998,0.002,0.0008
18.03.2020 08:35:56.842 GMT-0500,1775.8329999999999,1773.9979999999998,0.0008,0.0008
18.03.2020 08:35:57.878 GMT-0500,1774.943,1773.9979999999998,0.0008,0.0008
18.03.2020 08:35:58.077 GMT-0500,1774.723,1772.007,0.002,0.002
18.03.2020 08:35:58.346 GMT-0500,1774.713,1772.007,0.0008,0.002
18.03.2020 08:35:58.771 GMT-0500,1774.7220000000002,1772.007,0.002,0.002
18.03.2020 08:35:58.822 GMT-0500,1774.7220000000002,1772.0079999999998,0.002,0.002
18.03.2020 08:35:59.099 GMT-0500,1774.493,1772.0079999999998,0.002,0.0008
18.03.2020 08:35:59.610 GMT-0500,1774.493,1771.997,0.002,0.002
18.03.2020 08:35:59.661 GMT-0500,1774.4920000000002,1771.997,0.0008,0.002
18.03.2020 08:36:00.117 GMT-0500,1774.4920000000002,1772.007,0.0008,0.0008
18.03.2020 08:36:01.385 GMT-0500,1774.493,1771.997,0.002,0.002
18.03.2020 08:36:01.435 GMT-0500,1774.4920000000002,1771.997,0.0008,0.002
18.03.2020 08:36:01.498 GMT-0500,1774.4920000000002,1771.9979999999998,0.002,0.002
18.03.2020 08:36:02.287 GMT-0500,1774.493,1772.0079999999998,0.002,0.0008
18.03.2020 08:36:02.963 GMT-0500,1774.4920000000002,1771.9979999999998,0.002,0.002
18.03.2020 08:36:08.626 GMT-0500,1773.933,1771.9979999999998,0.0008,0.0008
18.03.2020 08:36:09.067 GMT-0500,1772.4920000000002,1771.997,0.0008,0.0008
18.03.2020 08:36:09.117 GMT-0500,1773.3629999999998,1769.9979999999998,0.002,0.0008
18.03.2020 08:36:09.170 GMT-0500,1773.3629999999998,1771.408,0.0008,0.0008
18.03.2020 08:36:09.220 GMT-0500,1774.112,1771.408,0.002,0.002
18.03.2020 08:36:09.660 GMT-0500,1771.7420000000002,1769.9979999999998,0.0008,0.002
18.03.2020 08:36:20.377 GMT-0500,1774.4920000000002,1771.338,0.0008,0.002
18.03.2020 08:36:20.606 GMT-0500,1774.493,1771.3370000000002,0.002,0.002
18.03.2020 08:36:21.096 GMT-0500,1774.493,1771.338,0.002,0.0008
18.03.2020 08:36:21.146 GMT-0500,1774.5020000000002,1771.338,0.002,0.002
18.03.2020 08:36:21.554 GMT-0500,1773.3129999999999,1771.338,0.0008,0.0008
18.03.2020 08:36:21.604 GMT-0500,1774.4920000000002,1771.3370000000002,0.0008,0.002
18.03.2020 08:36:21.872 GMT-0500,1773.993,1771.3370000000002,0.002,0.002
18.03.2020 08:36:22.349 GMT-0500,1773.993,1771.338,0.002,0.0008
18.03.2020 08:36:23.027 GMT-0500,1773.9520000000002,1771.338,0.002,0.002
18.03.2020 08:36:23.355 GMT-0500,1773.9520000000002,1773.318,0.0008,0.0008
18.03.2020 08:36:23.405 GMT-0500,1774.2920000000001,1772.398,0.002,0.002
18.03.2020 08:36:24.045 GMT-0500,1773.7320000000002,1772.3970000000002,0.0008,0.002
18.03.2020 08:36:26.079 GMT-0500,1777.6129999999998,1774.0970000000002,0.0008,0.0008
18.03.2020 08:36:28.693 GMT-0500,1777.1620000000003,1773.1779999999999,0.0008,0.002
18.03.2020 08:36:30.083 GMT-0500,1775.473,1773.737,0.0008,0.002
18.03.2020 08:36:32.771 GMT-0500,1776.0420000000001,1772.918,0.002,0.002
18.03.2020 08:36:34.604 GMT-0500,1776.9720000000002,1774.0079999999998,0.002,0.0008
18.03.2020 08:36:34.773 GMT-0500,1776.973,1774.007,0.002,0.002
18.03.2020 08:36:34.823 GMT-0500,1778.003,1774.0079999999998,0.002,0.0008
18.03.2020 08:36:34.972 GMT-0500,1776.862,1774.0079999999998,0.002,0.002
18.03.2020 08:36:35.022 GMT-0500,1778.003,1774.007,0.002,0.002
18.03.2020 08:36:35.598 GMT-0500,1776.8629999999998,1774.007,0.0008,0.002
18.03.2020 08:36:36.522 GMT-0500,1774.5829999999999,1771.338,0.002,0.0008
18.03.2020 08:36:37.122 GMT-0500,1774.5829999999999,1771.3370000000002,0.002,0.002
18.03.2020 08:36:40.681 GMT-0500,1774.0020000000002,1771.3370000000002,0.0008,0.002
18.03.2020 08:36:40.782 GMT-0500,1774.983,1771.3370000000002,0.002,0.002
18.03.2020 08:36:41.348 GMT-0500,1774.9820000000002,1771.3370000000002,0.0008,0.0008
18.03.2020 08:36:41.399 GMT-0500,1774.9820000000002,1771.1979999999999,0.002,0.002
18.03.2020 08:36:41.703 GMT-0500,1774.9820000000002,1771.4270000000001,0.0008,0.0008
18.03.2020 08:36:42.701 GMT-0500,1774.4120000000003,1771.4270000000001,0.0008,0.0008
18.03.2020 08:36:42.752 GMT-0500,1774.4120000000003,1771.1970000000001,0.0008,0.002
18.03.2020 08:36:42.818 GMT-0500,1774.4120000000003,1771.5370000000003,0.0008,0.002
18.03.2020 08:36:43.428 GMT-0500,1774.413,1771.5370000000003,0.002,0.0008
18.03.2020 08:36:43.479 GMT-0500,1774.413,1771.1970000000001,0.002,0.002
18.03.2020 08:36:43.544 GMT-0500,1774.413,1771.338,0.002,0.0008
18.03.2020 08:36:43.684 GMT-0500,1773.382,1771.338,0.0008,0.002
18.03.2020 08:36:44.076 GMT-0500,1773.433,1771.338,0.002,0.0008
18.03.2020 08:36:44.502 GMT-0500,1773.433,1771.3370000000002,0.0008,0.002
18.03.2020 08:36:45.012 GMT-0500,1773.7720000000002,1771.3370000000002,0.0008,0.0008
18.03.2020 08:36:45.063 GMT-0500,1773.7720000000002,1771.1979999999999,0.002,0.002
18.03.2020 08:36:49.408 GMT-0500,1777.003,1773.9779999999998,0.002,0.0008
18.03.2020 08:36:49.509 GMT-0500,1777.0020000000002,1775.4070000000002,0.0008,0.002
18.03.2020 08:36:49.559 GMT-0500,1777.003,1775.0079999999998,0.002,0.0008
18.03.2020 08:36:50.072 GMT-0500,1777.003,1775.028,0.002,0.0008
18.03.2020 08:36:50.232 GMT-0500,1777.003,1775.0470000000003,0.002,0.0008
18.03.2020 08:36:50.570 GMT-0500,1777.0020000000002,1776.4279999999999,0.0008,0.0008
18.03.2020 08:36:50.621 GMT-0500,1778.003,1775.9779999999998,0.002,0.0008
18.03.2020 08:36:51.899 GMT-0500,1778.003,1775.7079999999999,0.002,0.002
18.03.2020 08:36:52.185 GMT-0500,1778.003,1776.0079999999998,0.002,0.0008
18.03.2020 08:36:52.235 GMT-0500,1778.003,1775.338,0.002,0.0008
18.03.2020 08:36:52.376 GMT-0500,1778.0020000000002,1776.007,0.0008,0.002
18.03.2020 08:36:52.627 GMT-0500,1778.0020000000002,1776.017,0.002,0.0008
18.03.2020 08:36:52.677 GMT-0500,1778.0020000000002,1776.017,0.0008,0.002
18.03.2020 08:36:56.447 GMT-0500,1778.0020000000002,1776.2870000000003,0.0008,0.0008
18.03.2020 08:36:57.126 GMT-0500,1778.003,1776.288,0.002,0.0008
18.03.2020 08:36:57.613 GMT-0500,1778.003,1776.288,0.002,0.0008
18.03.2020 08:36:57.866 GMT-0500,1778.0020000000002,1777.277,0.0008,0.002
18.03.2020 08:36:57.916 GMT-0500,1778.0020000000002,1776.5870000000002,0.0008,0.002
18.03.2020 08:36:58.884 GMT-0500,1778.0020000000002,1776.288,0.002,0.002
18.03.2020 08:36:59.385 GMT-0500,1778.003,1776.118,0.002,0.0008
18.03.2020 08:36:59.520 GMT-0500,1778.003,1776.288,0.002,0.0008
18.03.2020 08:36:59.620 GMT-0500,1780.0020000000002,1777.298,0.002,0.002
18.03.2020 08:37:00.031 GMT-0500,1778.9920000000002,1776.737,0.0008,0.002
18.03.2020 08:37:00.456 GMT-0500,1778.9920000000002,1778.3070000000002,0.0008,0.0008
18.03.2020 08:37:00.506 GMT-0500,1780.003,1777.757,0.002,0.002
18.03.2020 08:37:00.718 GMT-0500,1780.003,1777.757,0.002,0.002
18.03.2020 08:37:01.812 GMT-0500,1779.9920000000002,1777.7579999999998,0.0008,0.002
18.03.2020 08:37:01.913 GMT-0500,1781.9920000000002,1779.1970000000001,0.0008,0.002
18.03.2020 08:37:02.246 GMT-0500,1781.9920000000002,1779.1979999999999,0.002,0.002
18.03.2020 08:37:02.901 GMT-0500,1782.503,1779.1979999999999,0.002,0.0008
18.03.2020 08:37:02.952 GMT-0500,1781.993,1779.1970000000001,0.002,0.002
18.03.2020 08:37:03.514 GMT-0500,1781.993,1780.3870000000002,0.0008,0.0008
18.03.2020 08:37:03.564 GMT-0500,1782.503,1780.598,0.002,0.0008
18.03.2020 08:37:04.087 GMT-0500,1782.5020000000002,1779.007,0.0008,0.0008
18.03.2020 08:37:04.353 GMT-0500,1782.503,1779.818,0.002,0.0008
18.03.2020 08:37:05.542 GMT-0500,1784.8429999999998,1782.747,0.002,0.002
18.03.2020 08:37:05.642 GMT-0500,1784.842,1781.648,0.002,0.002
18.03.2020 08:37:06.348 GMT-0500,1784.842,1781.6570000000002,0.0008,0.0008
18.03.2020 08:37:06.398 GMT-0500,1784.842,1781.6470000000002,0.0008,0.002
18.03.2020 08:37:06.659 GMT-0500,1784.842,1781.6470000000002,0.0008,0.0008
18.03.2020 08:37:06.850 GMT-0500,1782.243,1779.6270000000002,0.002,0.002
18.03.2020 08:37:06.984 GMT-0500,1782.2420000000002,1779.3770000000002,0.0008,0.002
18.03.2020 08:37:07.417 GMT-0500,1782.2420000000002,1779.398,0.002,0.002
18.03.2020 08:37:08.296 GMT-0500,1782.243,1779.398,0.0008,0.0008
18.03.2020 08:37:08.569 GMT-0500,1782.2420000000002,1779.3970000000002,0.0008,0.0008
18.03.2020 08:37:08.619 GMT-0500,1782.2420000000002,1779.368,0.002,0.002
18.03.2020 08:37:09.450 GMT-0500,1782.243,1779.558,0.002,0.0008
18.03.2020 08:37:10.544 GMT-0500,1782.2420000000002,1779.578,0.002,0.0008
18.03.2020 08:37:13.571 GMT-0500,1782.243,1779.7579999999998,0.002,0.0008
18.03.2020 08:37:14.101 GMT-0500,1782.243,1779.7579999999998,0.002,0.0008
18.03.2020 08:37:14.541 GMT-0500,1781.993,1779.757,0.002,0.002
18.03.2020 08:37:15.827 GMT-0500,1779.933,1777.908,0.002,0.0008
18.03.2020 08:37:16.215 GMT-0500,1780.1879999999999,1777.9070000000002,0.0008,0.002
18.03.2020 08:37:19.136 GMT-0500,1781.9920000000002,1779.4470000000001,0.0008,0.002
18.03.2020 08:37:19.237 GMT-0500,1781.993,1778.668,0.002,0.0008
18.03.2020 08:37:19.368 GMT-0500,1781.993,1778.6770000000001,0.002,0.0008
18.03.2020 08:37:20.043 GMT-0500,1782.0420000000001,1778.658,0.002,0.0008
18.03.2020 08:37:22.542 GMT-0500,1782.0420000000001,1778.6770000000001,0.0008,0.0008
18.03.2020 08:37:22.642 GMT-0500,1781.082,1778.6870000000001,0.0008,0.002
18.03.2020 08:37:23.523 GMT-0500,1780.983,1778.6870000000001,0.0008,0.002
18.03.2020 08:37:23.573 GMT-0500,1780.983,1778.6770000000001,0.002,0.002
18.03.2020 08:37:23.624 GMT-0500,1780.9820000000002,1778.6979999999999,0.002,0.002
18.03.2020 08:37:23.724 GMT-0500,1780.9820000000002,1778.6779999999999,0.002,0.002
18.03.2020 08:37:25.200 GMT-0500,1780.9720000000002,1778.6979999999999,0.002,0.002
18.03.2020 08:37:25.343 GMT-0500,1780.973,1778.6770000000001,0.002,0.002
18.03.2020 08:37:26.365 GMT-0500,1780.943,1778.6979999999999,0.002,0.0008
18.03.2020 08:37:27.115 GMT-0500,1780.9420000000002,1778.6779999999999,0.002,0.002
18.03.2020 08:37:28.414 GMT-0500,1780.9420000000002,1778.6770000000001,0.002,0.002
18.03.2020 08:37:28.928 GMT-0500,1779.9920000000002,1778.6770000000001,0.0008,0.002
18.03.2020 08:37:29.362 GMT-0500,1780.9820000000002,1778.6779999999999,0.002,0.002
18.03.2020 08:37:30.436 GMT-0500,1780.9820000000002,1778.6779999999999,0.002,0.002
18.03.2020 08:37:33.945 GMT-0500,1780.963,1778.707,0.002,0.0008
18.03.2020 08:37:33.995 GMT-0500,1780.9620000000002,1778.707,0.0008,0.002
18.03.2020 08:37:34.061 GMT-0500,1780.9620000000002,1778.6779999999999,0.002,0.002
18.03.2020 08:37:34.111 GMT-0500,1780.963,1778.6779999999999,0.002,0.0008
18.03.2020 08:37:34.162 GMT-0500,1780.963,1778.707,0.002,0.002
18.03.2020 08:37:34.547 GMT-0500,1780.9920000000002,1778.707,0.0008,0.002
18.03.2020 08:37:34.723 GMT-0500,1780.9920000000002,1778.7279999999998,0.002,0.0008
18.03.2020 08:37:35.773 GMT-0500,1780.993,1779.3670000000002,0.002,0.002
18.03.2020 08:37:36.043 GMT-0500,1780.993,1779.3870000000002,0.002,0.0008
18.03.2020 08:37:37.517 GMT-0500,1782.582,1780.6070000000002,0.0008,0.002
18.03.2020 08:37:37.567 GMT-0500,1785.0020000000002,1781.308,0.002,0.002
18.03.2020 08:37:37.650 GMT-0500,1783.503,1781.308,0.002,0.0008
18.03.2020 08:37:37.753 GMT-0500,1784.102,1781.838,0.002,0.002
18.03.2020 08:37:38.159 GMT-0500,1785.0020000000002,1781.8570000000002,0.0008,0.002
18.03.2020 08:37:39.516 GMT-0500,1785.003,1781.8770000000002,0.002,0.0008
18.03.2020 08:37:39.767 GMT-0500,1785.003,1782.518,0.002,0.0008
18.03.2020 08:37:39.960 GMT-0500,1785.003,1782.517,0.002,0.002
18.03.2020 08:37:40.957 GMT-0500,1785.003,1782.518,0.002,0.0008
18.03.2020 08:37:41.810 GMT-0500,1785.003,1782.518,0.002,0.002
18.03.2020 08:37:41.860 GMT-0500,1785.0020000000002,1782.747,0.0008,0.002
18.03.2020 08:37:42.078 GMT-0500,1785.0020000000002,1782.7479999999998,0.002,0.002
18.03.2020 08:37:42.358 GMT-0500,1784.773,1782.747,0.002,0.002
18.03.2020 08:37:43.314 GMT-0500,1784.1620000000003,1782.747,0.0008,0.002
18.03.2020 08:37:43.365 GMT-0500,1784.612,1782.7479999999998,0.002,0.002
18.03.2020 08:37:44.633 GMT-0500,1783.2520000000002,1781.168,0.002,0.002
18.03.2020 08:37:45.681 GMT-0500,1785.0020000000002,1781.168,0.002,0.002
18.03.2020 08:37:45.731 GMT-0500,1783.493,1781.207,0.002,0.002
18.03.2020 08:37:45.782 GMT-0500,1783.493,1781.1670000000001,0.002,0.002
18.03.2020 08:37:46.104 GMT-0500,1783.493,1781.168,0.002,0.0008
18.03.2020 08:37:46.869 GMT-0500,1781.592,1779.8370000000002,0.0008,0.002
18.03.2020 08:37:47.793 GMT-0500,1782.443,1779.8370000000002,0.002,0.002
18.03.2020 08:37:49.766 GMT-0500,1781.592,1779.588,0.002,0.002
18.03.2020 08:37:51.215 GMT-0500,1781.8120000000001,1779.268,0.002,0.002
18.03.2020 08:37:59.730 GMT-0500,1781.993,1778.078,0.002,0.0008
18.03.2020 08:37:59.974 GMT-0500,1781.993,1778.078,0.002,0.002
18.03.2020 08:38:01.323 GMT-0500,1781.993,1779.487,0.002,0.002
18.03.2020 08:38:04.583 GMT-0500,1781.8529999999998,1780.0079999999998,0.0008,0.0008
18.03.2020 08:38:04.633 GMT-0500,1781.993,1780.007,0.002,0.002
18.03.2020 08:38:04.935 GMT-0500,1782.5120000000002,1780.0079999999998,0.002,0.002
18.03.2020 08:38:05.899 GMT-0500,1782.493,1780.0079999999998,0.002,0.0008
18.03.2020 08:38:06.000 GMT-0500,1781.9920000000002,1779.858,0.002,0.002
18.03.2020 08:38:06.163 GMT-0500,1781.9920000000002,1780.007,0.0008,0.0008
18.03.2020 08:38:06.213 GMT-0500,1782.4920000000002,1780.007,0.0008,0.002
18.03.2020 08:38:06.376 GMT-0500,1782.4820000000002,1780.0079999999998,0.002,0.002
18.03.2020 08:38:06.896 GMT-0500,1781.983,1780.0079999999998,0.0008,0.0008
18.03.2020 08:38:06.947 GMT-0500,1782.4820000000002,1780.0079999999998,0.002,0.002
18.03.2020 08:38:07.386 GMT-0500,1785.0020000000002,1781.0079999999998,0.002,0.0008
18.03.2020 08:38:07.436 GMT-0500,1785.003,1782.018,0.002,0.0008
18.03.2020 08:38:09.757 GMT-0500,1785.003,1782.017,0.002,0.002
18.03.2020 08:38:09.807 GMT-0500,1784.8220000000001,1782.018,0.002,0.002
18.03.2020 08:38:10.135 GMT-0500,1784.8220000000001,1782.018,0.002,0.002
18.03.2020 08:38:11.901 GMT-0500,1784.483,1782.017,0.0008,0.002
18.03.2020 08:38:11.951 GMT-0500,1784.783,1782.017,0.002,0.002
18.03.2020 08:38:12.317 GMT-0500,1784.783,1783.017,0.002,0.0008
18.03.2020 08:38:12.495 GMT-0500,1784.763,1783.018,0.0008,0.0008
18.03.2020 08:38:12.545 GMT-0500,1785.0020000000002,1783.018,0.002,0.002
18.03.2020 08:38:12.888 GMT-0500,1785.0020000000002,1783.038,0.002,0.0008
18.03.2020 08:38:13.250 GMT-0500,1786.5929999999998,1784.2279999999998,0.002,0.0008
18.03.2020 08:38:13.463 GMT-0500,1786.5929999999998,1784.227,0.0008,0.002
18.03.2020 08:38:14.137 GMT-0500,1788.0020000000002,1784.7970000000003,0.0008,0.0008
18.03.2020 08:38:14.188 GMT-0500,1786.602,1784.798,0.002,0.002
18.03.2020 08:38:15.261 GMT-0500,1788.003,1784.798,0.002,0.0008
18.03.2020 08:38:16.109 GMT-0500,1788.003,1784.798,0.002,0.0008
18.03.2020 08:38:16.459 GMT-0500,1787.6620000000003,1785.6979999999999,0.002,0.0008
18.03.2020 08:38:16.560 GMT-0500,1787.663,1786.457,0.002,0.002
18.03.2020 08:38:16.610 GMT-0500,1787.6620000000003,1785.497,0.0008,0.002
18.03.2020 08:38:16.711 GMT-0500,1787.663,1785.497,0.002,0.002
18.03.2020 08:38:16.791 GMT-0500,1787.663,1785.517,0.002,0.0008
18.03.2020 08:38:17.244 GMT-0500,1787.663,1785.518,0.002,0.0008
18.03.2020 08:38:17.294 GMT-0500,1787.4820000000002,1784.6870000000001,0.0008,0.002
18.03.2020 08:38:17.528 GMT-0500,1787.4820000000002,1785.2279999999998,0.002,0.0008
18.03.2020 08:38:17.628 GMT-0500,1787.4820000000002,1784.6879999999999,0.002,0.002
18.03.2020 08:38:17.678 GMT-0500,1787.4620000000002,1784.6879999999999,0.002,0.002
18.03.2020 08:38:19.195 GMT-0500,1787.4620000000002,1784.6879999999999,0.002,0.002
18.03.2020 08:38:19.610 GMT-0500,1786.743,1785.0470000000003,0.002,0.002
18.03.2020 08:38:20.305 GMT-0500,1786.743,1785.048,0.002,0.0008
18.03.2020 08:38:20.611 GMT-0500,1786.743,1783.277,0.001,0.002
18.03.2020 08:38:20.869 GMT-0500,1784.7920000000001,1783.277,0.0008,0.002
18.03.2020 08:38:21.443 GMT-0500,1784.953,1782.128,0.002,0.0008
18.03.2020 08:38:21.701 GMT-0500,1784.953,1782.138,0.0008,0.0008
18.03.2020 08:38:22.201 GMT-0500,1784.723,1781.0870000000002,0.002,0.002
18.03.2020 08:38:22.252 GMT-0500,1784.7220000000002,1781.0870000000002,0.0008,0.002
18.03.2020 08:38:23.481 GMT-0500,1784.7220000000002,1782.1370000000002,0.0008,0.0008
18.03.2020 08:38:25.692 GMT-0500,1784.882,1782.918,0.002,0.002
18.03.2020 08:38:25.934 GMT-0500,1784.8829999999998,1781.088,0.002,0.0008
18.03.2020 08:38:26.360 GMT-0500,1784.8829999999998,1782.898,0.002,0.0008
18.03.2020 08:38:26.410 GMT-0500,1786.0020000000002,1782.8970000000002,0.0008,0.002
18.03.2020 08:38:27.703 GMT-0500,1783.6620000000003,1781.088,0.002,0.002
18.03.2020 08:38:29.246 GMT-0500,1783.233,1781.088,0.0008,0.0008
18.03.2020 08:38:29.598 GMT-0500,1783.233,1779.2870000000003,0.002,0.002
18.03.2020 08:38:29.649 GMT-0500,1781.5729999999999,1778.0770000000002,0.002,0.002
18.03.2020 08:38:30.400 GMT-0500,1782.152,1780.2179999999998,0.002,0.0008
18.03.2020 08:38:30.451 GMT-0500,1783.092,1780.217,0.0008,0.002
18.03.2020 08:38:30.513 GMT-0500,1782.9320000000002,1780.217,0.0008,0.002
18.03.2020 08:38:30.565 GMT-0500,1782.933,1780.4379999999999,0.002,0.0008
18.03.2020 08:38:32.799 GMT-0500,1783.233,1780.4370000000001,0.002,0.002
18.03.2020 08:38:34.160 GMT-0500,1783.233,1780.4379999999999,0.0008,0.0008
18.03.2020 08:38:35.489 GMT-0500,1783.293,1780.4379999999999,0.002,0.002
18.03.2020 08:38:35.738 GMT-0500,1783.293,1781.0670000000002,0.0008,0.002
18.03.2020 08:38:35.899 GMT-0500,1786.003,1782.1779999999999,0.002,0.0008
18.03.2020 08:38:36.001 GMT-0500,1786.003,1783.6070000000002,0.002,0.002
18.03.2020 08:38:36.216 GMT-0500,1786.003,1783.6070000000002,0.002,0.002
18.03.2020 08:38:37.627 GMT-0500,1785.993,1783.608,0.002,0.0008
18.03.2020 08:38:37.778 GMT-0500,1785.973,1783.4779999999998,0.002,0.0008
18.03.2020 08:38:38.093 GMT-0500,1785.973,1783.4779999999998,0.002,0.0008
18.03.2020 08:38:39.915 GMT-0500,1785.9520000000002,1783.368,0.002,0.002
18.03.2020 08:38:39.995 GMT-0500,1785.9520000000002,1783.477,0.0008,0.0008
18.03.2020 08:38:40.272 GMT-0500,1785.9320000000002,1783.4779999999998,0.002,0.002
18.03.2020 08:38:41.453 GMT-0500,1785.203,1783.3670000000002,0.002,0.002
18.03.2020 08:38:41.824 GMT-0500,1784.622,1782.8170000000002,0.0008,0.0008
18.03.2020 08:38:41.925 GMT-0500,1783.362,1781.0770000000002,0.0008,0.002
18.03.2020 08:38:45.573 GMT-0500,1783.3529999999998,1780.4279999999999,0.002,0.002
18.03.2020 08:38:45.859 GMT-0500,1783.3529999999998,1780.4470000000001,0.002,0.002
18.03.2020 08:38:46.055 GMT-0500,1783.3329999999999,1781.0079999999998,0.002,0.0008
18.03.2020 08:38:46.155 GMT-0500,1783.352,1781.007,0.0008,0.002
18.03.2020 08:38:46.306 GMT-0500,1783.352,1781.007,0.002,0.002
18.03.2020 08:38:47.111 GMT-0500,1783.352,1781.028,0.002,0.002
18.03.2020 08:38:47.762 GMT-0500,1783.352,1781.0470000000003,0.002,0.002
18.03.2020 08:38:48.154 GMT-0500,1783.3429999999998,1781.048,0.002,0.0008
18.03.2020 08:38:49.202 GMT-0500,1786.0020000000002,1782.2479999999998,0.002,0.002
18.03.2020 08:38:49.411 GMT-0500,1784.433,1782.2479999999998,0.002,0.0008
18.03.2020 08:38:49.635 GMT-0500,1784.433,1782.257,0.002,0.0008
18.03.2020 08:38:49.735 GMT-0500,1784.443,1782.257,0.002,0.002
18.03.2020 08:38:49.873 GMT-0500,1784.443,1783.348,0.0008,0.0008
18.03.2020 08:38:49.924 GMT-0500,1786.003,1783.348,0.002,0.0008
18.03.2020 08:38:50.024 GMT-0500,1785.993,1783.8270000000002,0.002,0.002
18.03.2020 08:38:50.411 GMT-0500,1785.483,1782.7079999999999,0.002,0.0008
18.03.2020 08:38:50.461 GMT-0500,1785.463,1782.707,0.002,0.002
18.03.2020 08:38:51.357 GMT-0500,1785.463,1782.707,0.002,0.002
18.03.2020 08:38:51.460 GMT-0500,1785.443,1784.4579999999999,0.0008,0.0008
18.03.2020 08:38:51.511 GMT-0500,1788.0020000000002,1785.2279999999998,0.002,0.002
18.03.2020 08:38:52.359 GMT-0500,1788.003,1784.6470000000002,0.002,0.002
18.03.2020 08:38:52.710 GMT-0500,1786.7420000000002,1784.648,0.0008,0.002
18.03.2020 08:38:52.760 GMT-0500,1788.003,1784.648,0.002,0.0008
18.03.2020 08:38:54.066 GMT-0500,1788.003,1784.898,0.002,0.0008
18.03.2020 08:38:54.235 GMT-0500,1788.0020000000002,1785.527,0.0008,0.0008
18.03.2020 08:38:54.337 GMT-0500,1789.0020000000002,1786.517,0.0008,0.002
18.03.2020 08:38:54.508 GMT-0500,1789.003,1786.517,0.002,0.0008
18.03.2020 08:38:55.346 GMT-0500,1789.003,1785.5370000000003,0.002,0.002
18.03.2020 08:38:56.216 GMT-0500,1787.9820000000002,1785.558,0.002,0.0008
18.03.2020 08:38:56.573 GMT-0500,1787.983,1785.578,0.002,0.0008
18.03.2020 08:38:56.624 GMT-0500,1789.003,1785.5770000000002,0.002,0.002
18.03.2020 08:38:56.750 GMT-0500,1789.003,1785.5770000000002,0.002,0.002
18.03.2020 08:38:57.041 GMT-0500,1787.9720000000002,1785.5970000000002,0.0008,0.0008
18.03.2020 08:38:57.142 GMT-0500,1789.003,1785.5970000000002,0.002,0.002
18.03.2020 08:38:58.031 GMT-0500,1789.003,1785.5970000000002,0.002,0.002
18.03.2020 08:38:58.181 GMT-0500,1787.983,1785.638,0.002,0.0008
18.03.2020 08:38:58.573 GMT-0500,1787.983,1785.6370000000002,0.0008,0.002
18.03.2020 08:38:58.623 GMT-0500,1789.0020000000002,1785.6370000000002,0.0008,0.002
18.03.2020 08:38:58.998 GMT-0500,1789.003,1785.6370000000002,0.002,0.002
18.03.2020 08:38:59.218 GMT-0500,1787.9720000000002,1785.808,0.0008,0.002
18.03.2020 08:38:59.601 GMT-0500,1787.973,1785.828,0.002,0.0008
18.03.2020 08:38:59.855 GMT-0500,1787.973,1785.828,0.002,0.0008
18.03.2020 08:39:00.086 GMT-0500,1787.9520000000002,1785.848,0.002,0.002
18.03.2020 08:39:00.402 GMT-0500,1787.953,1785.5370000000003,0.002,0.002
18.03.2020 08:39:00.453 GMT-0500,1787.9520000000002,1785.8370000000002,0.0008,0.002
18.03.2020 08:39:00.503 GMT-0500,1789.0020000000002,1785.838,0.002,0.002
18.03.2020 08:39:00.705 GMT-0500,1789.003,1785.838,0.002,0.002
18.03.2020 08:39:00.806 GMT-0500,1790.9920000000002,1788.737,0.0008,0.002
18.03.2020 08:39:01.279 GMT-0500,1790.9720000000002,1788.6170000000002,0.0008,0.002
18.03.2020 08:39:02.058 GMT-0500,1790.953,1788.6170000000002,0.002,0.0008
18.03.2020 08:39:02.365 GMT-0500,1791.58,1788.618,0.0008,0.0008
18.03.2020 08:39:04.059 GMT-0500,1789.033,1785.638,0.002,0.0008
18.03.2020 08:39:04.158 GMT-0500,1789.033,1786.828,0.002,0.0008
18.03.2020 08:39:04.412 GMT-0500,1789.033,1785.638,0.002,0.002
18.03.2020 08:39:04.463 GMT-0500,1789.0320000000002,1785.638,0.002,0.002
18.03.2020 08:39:04.513 GMT-0500,1789.033,1785.9779999999998,0.002,0.0008
18.03.2020 08:39:04.631 GMT-0500,1789.0320000000002,1786.8270000000002,0.0008,0.002
18.03.2020 08:39:04.987 GMT-0500,1789.483,1786.8270000000002,0.002,0.002
18.03.2020 08:39:05.037 GMT-0500,1789.483,1786.8270000000002,0.002,0.002
18.03.2020 08:39:05.622 GMT-0500,1789.463,1786.8270000000002,0.002,0.002
18.03.2020 08:39:05.875 GMT-0500,1789.463,1786.598,0.002,0.002
18.03.2020 08:39:05.925 GMT-0500,1789.4620000000002,1786.598,0.002,0.002
18.03.2020 08:39:06.042 GMT-0500,1789.4620000000002,1786.818,0.002,0.0008
18.03.2020 08:39:06.181 GMT-0500,1789.4620000000002,1786.818,0.002,0.002
18.03.2020 08:39:06.404 GMT-0500,1789.4620000000002,1786.8170000000002,0.0008,0.002
18.03.2020 08:39:07.753 GMT-0500,1789.4620000000002,1786.8170000000002,0.002,0.002
18.03.2020 08:39:11.645 GMT-0500,1788.9920000000002,1786.8170000000002,0.0008,0.002
18.03.2020 08:39:11.746 GMT-0500,1786.8229999999999,1785.6370000000002,0.002,0.002
18.03.2020 08:39:11.796 GMT-0500,1786.2320000000002,1783.3370000000002,0.0008,0.002
18.03.2020 08:39:11.846 GMT-0500,1786.213,1783.348,0.002,0.0008
18.03.2020 08:39:12.258 GMT-0500,1786.213,1783.768,0.002,0.0008
18.03.2020 08:39:12.727 GMT-0500,1786.91,1784.8370000000002,0.0008,0.0008
18.03.2020 08:39:16.736 GMT-0500,1791.9920000000002,1790.007,0.0008,0.002
18.03.2020 08:39:16.964 GMT-0500,1791.4120000000003,1787.767,0.0008,0.0008
18.03.2020 08:39:18.274 GMT-0500,1791.4120000000003,1788.4470000000001,0.0008,0.002
18.03.2020 08:39:18.697 GMT-0500,1790.993,1788.457,0.002,0.002
18.03.2020 08:39:20.574 GMT-0500,1789.9920000000002,1788.4470000000001,0.0008,0.002
18.03.2020 08:39:21.259 GMT-0500,1789.9920000000002,1788.4479999999999,0.002,0.002
18.03.2020 08:39:22.838 GMT-0500,1789.9120000000003,1787.997,0.0008,0.002
18.03.2020 08:39:23.892 GMT-0500,1789.993,1787.9979999999998,0.002,0.0008
18.03.2020 08:39:25.096 GMT-0500,1789.993,1787.9979999999998,0.002,0.0008
18.03.2020 08:39:29.268 GMT-0500,1788.8829999999998,1786.038,0.002,0.0008
18.03.2020 08:39:32.637 GMT-0500,1789.993,1786.027,0.002,0.002
18.03.2020 08:39:34.759 GMT-0500,1789.993,1786.9979999999998,0.002,0.0008
18.03.2020 08:39:35.244 GMT-0500,1789.993,1786.9979999999998,0.002,0.002
18.03.2020 08:39:35.636 GMT-0500,1789.983,1787.007,0.0008,0.002
18.03.2020 08:39:35.686 GMT-0500,1789.493,1787.0079999999998,0.002,0.0008
18.03.2020 08:39:35.736 GMT-0500,1789.4920000000002,1787.027,0.0008,0.002
18.03.2020 08:39:36.508 GMT-0500,1789.993,1787.028,0.002,0.0008
18.03.2020 08:39:38.822 GMT-0500,1789.993,1787.018,0.002,0.002
18.03.2020 08:39:38.873 GMT-0500,1789.9820000000002,1787.018,0.002,0.002
18.03.2020 08:39:39.289 GMT-0500,1789.9820000000002,1787.017,0.002,0.002
18.03.2020 08:39:39.390 GMT-0500,1789.983,1787.017,0.002,0.002
18.03.2020 08:39:39.539 GMT-0500,1789.9820000000002,1787.018,0.002,0.002
18.03.2020 08:39:39.847 GMT-0500,1789.983,1787.027,0.002,0.0008
18.03.2020 08:39:39.897 GMT-0500,1789.9920000000002,1787.027,0.0008,0.002
18.03.2020 08:39:42.909 GMT-0500,1789.9920000000002,1787.017,0.0008,0.002
18.03.2020 08:39:43.163 GMT-0500,1789.993,1787.027,0.002,0.002
18.03.2020 08:39:43.692 GMT-0500,1789.993,1787.017,0.002,0.002
18.03.2020 08:39:44.776 GMT-0500,1790.895,1789.408,0.0008,0.0008
18.03.2020 08:39:46.787 GMT-0500,1791.413,1789.418,0.002,0.0008
18.03.2020 08:39:48.422 GMT-0500,1793.983,1791.0870000000002,0.002,0.002
18.03.2020 08:39:48.724 GMT-0500,1793.983,1791.1070000000002,0.0008,0.0008
18.03.2020 08:39:51.477 GMT-0500,1794.973,1792.5570000000002,0.0008,0.002
18.03.2020 08:39:51.578 GMT-0500,1796.5220000000002,1792.558,0.002,0.002
18.03.2020 08:39:52.878 GMT-0500,1794.9620000000002,1792.558,0.0008,0.002
18.03.2020 08:39:53.228 GMT-0500,1794.9620000000002,1792.5770000000002,0.0008,0.0008
18.03.2020 08:39:53.792 GMT-0500,1794.1920000000002,1791.1570000000002,0.0008,0.002
18.03.2020 08:39:53.954 GMT-0500,1792.9320000000002,1790.9270000000001,0.0008,0.002
18.03.2020 08:39:55.308 GMT-0500,1795.0020000000002,1791.098,0.002,0.0008
18.03.2020 08:39:55.408 GMT-0500,1794.9920000000002,1791.098,0.002,0.002
18.03.2020 08:39:55.845 GMT-0500,1794.3020000000001,1791.098,0.0008,0.002
18.03.2020 08:39:55.895 GMT-0500,1794.3020000000001,1791.7179999999998,0.002,0.002
18.03.2020 08:39:57.117 GMT-0500,1794.9920000000002,1791.7179999999998,0.002,0.002
18.03.2020 08:39:57.490 GMT-0500,1794.993,1791.088,0.002,0.0008
18.03.2020 08:39:58.051 GMT-0500,1794.993,1791.717,0.002,0.002
18.03.2020 08:40:00.052 GMT-0500,1794.993,1791.777,0.002,0.002
18.03.2020 08:40:00.661 GMT-0500,1794.993,1791.778,0.002,0.0008
18.03.2020 08:40:01.387 GMT-0500,1794.473,1791.777,0.002,0.002
18.03.2020 08:40:02.432 GMT-0500,1792.1129999999998,1790.0079999999998,0.002,0.0008
18.03.2020 08:40:03.318 GMT-0500,1792.1129999999998,1789.9779999999998,0.002,0.002
18.03.2020 08:40:03.368 GMT-0500,1792.112,1789.9779999999998,0.002,0.002
18.03.2020 08:40:03.418 GMT-0500,1789.9320000000002,1787.818,0.002,0.002
18.03.2020 08:40:03.469 GMT-0500,1789.913,1786.3370000000002,0.002,0.002
18.03.2020 08:40:05.386 GMT-0500,1789.913,1787.5570000000002,0.002,0.0008
18.03.2020 08:40:05.744 GMT-0500,1789.913,1787.578,0.002,0.0008
18.03.2020 08:40:05.795 GMT-0500,1790.983,1787.578,0.002,0.0008
18.03.2020 08:40:06.146 GMT-0500,1790.983,1787.578,0.002,0.0008
18.03.2020 08:40:06.623 GMT-0500,1788.9720000000002,1785.017,0.0008,0.002
18.03.2020 08:40:06.674 GMT-0500,1788.483,1785.017,0.002,0.002
18.03.2020 08:40:07.691 GMT-0500,1789.463,1787.0079999999998,0.002,0.0008
18.03.2020 08:40:08.536 GMT-0500,1789.413,1787.007,0.002,0.002
18.03.2020 08:40:09.197 GMT-0500,1789.2420000000002,1786.997,0.0008,0.0008
18.03.2020 08:40:10.141 GMT-0500,1789.2420000000002,1787.017,0.0008,0.0008
18.03.2020 08:40:10.245 GMT-0500,1789.2420000000002,1787.018,0.0008,0.002
18.03.2020 08:40:10.295 GMT-0500,1789.773,1787.018,0.002,0.0008
18.03.2020 08:40:10.962 GMT-0500,1789.7720000000002,1787.6270000000002,0.0008,0.002
18.03.2020 08:40:11.119 GMT-0500,1789.7720000000002,1787.6670000000001,0.0008,0.0008
18.03.2020 08:40:12.406 GMT-0500,1790.17,1788.247,0.0008,0.0008
18.03.2020 08:40:14.429 GMT-0500,1791.213,1788.7079999999999,0.002,0.0008
18.03.2020 08:40:14.733 GMT-0500,1791.213,1788.707,0.0008,0.002
18.03.2020 08:40:16.136 GMT-0500,1791.372,1787.918,0.002,0.002
18.03.2020 08:40:22.254 GMT-0500,1792.0020000000002,1788.9279999999999,0.002,0.0008
18.03.2020 08:40:23.163 GMT-0500,1792.0020000000002,1789.3570000000002,0.0008,0.002
18.03.2020 08:40:24.653 GMT-0500,1791.9820000000002,1789.3570000000002,0.0008,0.0008
18.03.2020 08:40:25.646 GMT-0500,1790.673,1787.028,0.0008,0.002
18.03.2020 08:40:25.697 GMT-0500,1792.0020000000002,1788.108,0.002,0.002
18.03.2020 08:40:26.082 GMT-0500,1792.0020000000002,1788.108,0.002,0.002
18.03.2020 08:40:26.132 GMT-0500,1792.003,1788.1070000000002,0.002,0.002
18.03.2020 08:40:26.909 GMT-0500,1792.003,1789.1170000000002,0.002,0.002
18.03.2020 08:40:26.960 GMT-0500,1792.003,1788.247,0.002,0.002
18.03.2020 08:40:27.371 GMT-0500,1790.0529999999999,1788.247,0.0008,0.002
18.03.2020 08:40:27.786 GMT-0500,1790.0529999999999,1788.2479999999998,0.002,0.0008
18.03.2020 08:40:27.836 GMT-0500,1790.0529999999999,1788.0870000000002,0.002,0.002
18.03.2020 08:40:28.064 GMT-0500,1790.55,1789.068,0.0008,0.0008
18.03.2020 08:40:28.654 GMT-0500,1790.983,1788.088,0.002,0.0008
18.03.2020 08:40:30.466 GMT-0500,1790.983,1788.0870000000002,0.002,0.002
18.03.2020 08:40:31.274 GMT-0500,1790.003,1787.028,0.002,0.002
18.03.2020 08:40:31.325 GMT-0500,1790.0020000000002,1787.028,0.002,0.002
18.03.2020 08:40:31.658 GMT-0500,1790.0020000000002,1787.027,0.002,0.002
18.03.2020 08:40:32.231 GMT-0500,1790.003,1787.028,0.002,0.0008
18.03.2020 08:40:32.879 GMT-0500,1790.003,1787.027,0.0008,0.002
18.03.2020 08:40:32.931 GMT-0500,1790.963,1787.027,0.002,0.002
18.03.2020 08:40:37.403 GMT-0500,1793.7420000000002,1789.9979999999998,0.0008,0.002
18.03.2020 08:40:38.466 GMT-0500,1795.913,1792.6879999999999,0.002,0.0008
18.03.2020 08:40:38.634 GMT-0500,1795.4120000000003,1791.487,0.0008,0.002
18.03.2020 08:40:39.766 GMT-0500,1795.223,1791.4379999999999,0.002,0.0008
18.03.2020 08:40:39.953 GMT-0500,1795.2220000000002,1792.4270000000001,0.0008,0.0008
18.03.2020 08:40:42.758 GMT-0500,1795.213,1792.1470000000002,0.002,0.002
18.03.2020 08:40:43.374 GMT-0500,1795.2120000000002,1793.007,0.0008,0.002
18.03.2020 08:40:43.740 GMT-0500,1795.213,1793.027,0.002,0.002
18.03.2020 08:40:43.989 GMT-0500,1795.213,1793.0470000000003,0.002,0.0008
18.03.2020 08:40:44.227 GMT-0500,1795.213,1793.487,0.002,0.0008
18.03.2020 08:40:44.277 GMT-0500,1795.913,1793.967,0.002,0.002
18.03.2020 08:40:45.157 GMT-0500,1795.913,1794.9370000000001,0.0008,0.0008
18.03.2020 08:40:45.536 GMT-0500,1798.0020000000002,1794.8370000000002,0.0008,0.0008
18.03.2020 08:40:45.587 GMT-0500,1798.003,1794.158,0.002,0.0008
18.03.2020 08:40:45.637 GMT-0500,1798.0020000000002,1794.267,0.0008,0.002
18.03.2020 08:40:45.763 GMT-0500,1796.5220000000002,1794.268,0.002,0.002
18.03.2020 08:40:51.568 GMT-0500,1794.993,1792.138,0.002,0.0008
18.03.2020 08:40:51.678 GMT-0500,1794.9720000000002,1792.1370000000002,0.0008,0.002
18.03.2020 08:40:52.181 GMT-0500,1794.9720000000002,1791.548,0.002,0.002
18.03.2020 08:40:52.394 GMT-0500,1794.973,1791.5470000000003,0.002,0.002
18.03.2020 08:40:54.428 GMT-0500,1794.5020000000002,1792.4170000000001,0.0008,0.002
18.03.2020 08:40:56.984 GMT-0500,1798.0020000000002,1794.5370000000003,0.0008,0.0008
18.03.2020 08:40:57.354 GMT-0500,1798.003,1795.2379999999998,0.002,0.0008
18.03.2020 08:40:57.558 GMT-0500,1799.0020000000002,1796.2079999999999,0.002,0.002
18.03.2020 08:40:58.030 GMT-0500,1798.1920000000002,1796.0470000000003,0.0008,0.002
18.03.2020 08:41:00.475 GMT-0500,1799.0020000000002,1796.538,0.002,0.002
18.03.2020 08:41:01.063 GMT-0500,1799.003,1796.538,0.002,0.0008
18.03.2020 08:41:01.812 GMT-0500,1799.0020000000002,1797.487,0.0008,0.0008
18.03.2020 08:41:02.260 GMT-0500,1800.003,1797.487,0.002,0.002
18.03.2020 08:41:02.311 GMT-0500,1800.0020000000002,1798.3470000000002,0.0008,0.002
18.03.2020 08:41:02.619 GMT-0500,1800.0020000000002,1798.3470000000002,0.0008,0.002
18.03.2020 08:41:02.720 GMT-0500,1801.413,1799.1779999999999,0.002,0.0008
18.03.2020 08:41:03.998 GMT-0500,1799.7520000000002,1797.0770000000002,0.002,0.0008
18.03.2020 08:41:04.688 GMT-0500,1797.233,1795.017,0.002,0.002
18.03.2020 08:41:05.126 GMT-0500,1797.2220000000002,1795.028,0.002,0.002
18.03.2020 08:41:06.190 GMT-0500,1797.223,1795.0370000000003,0.002,0.0008
18.03.2020 08:41:06.240 GMT-0500,1797.243,1795.038,0.002,0.0008
18.03.2020 08:41:06.375 GMT-0500,1797.243,1795.038,0.002,0.0008
18.03.2020 08:41:06.703 GMT-0500,1797.223,1795.058,0.002,0.0008
18.03.2020 08:41:06.982 GMT-0500,1797.223,1795.0570000000002,0.0008,0.002
18.03.2020 08:41:07.117 GMT-0500,1797.2420000000002,1795.078,0.002,0.002
18.03.2020 08:41:08.135 GMT-0500,1796.392,1792.997,0.0008,0.002
18.03.2020 08:41:08.307 GMT-0500,1796.7720000000002,1792.997,0.002,0.002
18.03.2020 08:41:08.357 GMT-0500,1796.7720000000002,1792.9979999999998,0.002,0.002
18.03.2020 08:41:08.408 GMT-0500,1796.7720000000002,1794.0079999999998,0.002,0.002
18.03.2020 08:41:08.805 GMT-0500,1796.7720000000002,1794.1870000000001,0.0008,0.002
18.03.2020 08:41:09.045 GMT-0500,1796.773,1794.2279999999998,0.002,0.0008
18.03.2020 08:41:09.220 GMT-0500,1796.7720000000002,1794.2479999999998,0.002,0.0008
18.03.2020 08:41:09.370 GMT-0500,1796.713,1794.2479999999998,0.0008,0.002
18.03.2020 08:41:09.875 GMT-0500,1796.713,1794.6979999999999,0.0008,0.0008
18.03.2020 08:41:09.926 GMT-0500,1797.2320000000002,1794.6979999999999,0.002,0.002
18.03.2020 08:41:09.976 GMT-0500,1797.233,1794.717,0.002,0.002
18.03.2020 08:41:10.913 GMT-0500,1797.233,1794.7379999999998,0.002,0.0008
18.03.2020 08:41:11.095 GMT-0500,1797.233,1794.7379999999998,0.002,0.002
18.03.2020 08:41:11.743 GMT-0500,1797.233,1794.7579999999998,0.002,0.002
18.03.2020 08:41:11.928 GMT-0500,1797.233,1794.778,0.002,0.0008
18.03.2020 08:41:12.029 GMT-0500,1796.8220000000001,1794.8070000000002,0.0008,0.002
18.03.2020 08:41:12.079 GMT-0500,1797.223,1794.808,0.002,0.0008
18.03.2020 08:41:12.129 GMT-0500,1797.2220000000002,1794.828,0.002,0.002
18.03.2020 08:41:12.374 GMT-0500,1797.2220000000002,1794.828,0.002,0.002
18.03.2020 08:41:12.424 GMT-0500,1797.2420000000002,1794.848,0.002,0.002
18.03.2020 08:41:12.764 GMT-0500,1797.2420000000002,1794.848,0.002,0.002
18.03.2020 08:41:12.814 GMT-0500,1796.903,1792.9979999999998,0.002,0.0008
18.03.2020 08:41:12.948 GMT-0500,1796.903,1794.7479999999998,0.002,0.0008
18.03.2020 08:41:14.093 GMT-0500,1795.8629999999998,1794.568,0.002,0.0008
18.03.2020 08:41:14.196 GMT-0500,1795.8629999999998,1792.997,0.002,0.002
18.03.2020 08:41:14.301 GMT-0500,1795.8629999999998,1792.997,0.002,0.002
18.03.2020 08:41:14.351 GMT-0500,1795.862,1792.9979999999998,0.002,0.002
18.03.2020 08:41:14.939 GMT-0500,1795.862,1792.9979999999998,0.002,0.002
18.03.2020 08:41:15.049 GMT-0500,1796.903,1794.638,0.002,0.0008
18.03.2020 08:41:15.100 GMT-0500,1795.763,1792.997,0.002,0.002
18.03.2020 08:41:15.654 GMT-0500,1794.642,1792.997,0.0008,0.002
18.03.2020 08:41:15.704 GMT-0500,1796.493,1792.9979999999998,0.002,0.0008
18.03.2020 08:41:15.799 GMT-0500,1796.4920000000002,1792.9979999999998,0.002,0.002
18.03.2020 08:41:15.916 GMT-0500,1796.493,1792.997,0.002,0.002
18.03.2020 08:41:15.985 GMT-0500,1796.493,1794.027,0.002,0.0008
18.03.2020 08:41:16.122 GMT-0500,1796.493,1794.027,0.002,0.002
18.03.2020 08:41:16.258 GMT-0500,1796.493,1794.048,0.0008,0.0008
18.03.2020 08:41:16.308 GMT-0500,1796.903,1794.048,0.002,0.0008
18.03.2020 08:41:16.359 GMT-0500,1796.903,1794.0670000000002,0.002,0.002
18.03.2020 08:41:16.516 GMT-0500,1796.903,1794.0670000000002,0.002,0.002
18.03.2020 08:41:16.707 GMT-0500,1796.903,1794.1070000000002,0.002,0.0008
18.03.2020 08:41:17.081 GMT-0500,1796.903,1794.1070000000002,0.002,0.002
18.03.2020 08:41:17.358 GMT-0500,1796.903,1794.1270000000002,0.002,0.002
18.03.2020 08:41:17.861 GMT-0500,1796.903,1794.1570000000002,0.002,0.002
18.03.2020 08:41:18.029 GMT-0500,1796.903,1794.1970000000001,0.002,0.0008
18.03.2020 08:41:18.222 GMT-0500,1796.903,1794.1970000000001,0.002,0.002
18.03.2020 08:41:18.519 GMT-0500,1796.903,1794.2179999999998,0.002,0.002
18.03.2020 08:41:18.755 GMT-0500,1796.903,1794.2579999999998,0.002,0.0008
18.03.2020 08:41:18.945 GMT-0500,1796.902,1794.2579999999998,0.002,0.002
18.03.2020 08:41:19.114 GMT-0500,1796.902,1794.278,0.002,0.002
18.03.2020 08:41:19.329 GMT-0500,1796.902,1794.328,0.002,0.0008
18.03.2020 08:41:19.587 GMT-0500,1796.902,1794.348,0.002,0.0008
18.03.2020 08:41:19.740 GMT-0500,1796.903,1794.368,0.002,0.0008
18.03.2020 08:41:19.907 GMT-0500,1796.903,1794.368,0.002,0.002
18.03.2020 08:41:20.061 GMT-0500,1796.903,1794.3870000000002,0.002,0.002
18.03.2020 08:41:20.927 GMT-0500,1797.993,1795.908,0.002,0.0008
18.03.2020 08:41:22.392 GMT-0500,1796.5529999999999,1792.997,0.0008,0.002
18.03.2020 08:41:23.273 GMT-0500,1795.8529999999998,1794.0370000000003,0.002,0.0008
18.03.2020 08:41:23.323 GMT-0500,1795.8529999999998,1794.028,0.002,0.0008
18.03.2020 08:41:23.610 GMT-0500,1795.8529999999998,1794.038,0.002,0.0008
18.03.2020 08:41:24.052 GMT-0500,1796.005,1794.0370000000003,0.0008,0.002
18.03.2020 08:41:25.604 GMT-0500,1798.0420000000001,1795.4270000000001,0.0008,0.0008
18.03.2020 08:41:25.855 GMT-0500,1798.043,1795.4879999999998,0.002,0.0008
18.03.2020 08:41:27.383 GMT-0500,1798.0420000000001,1794.4879999999998,0.002,0.002
18.03.2020 08:41:28.047 GMT-0500,1798.043,1795.997,0.002,0.002
18.03.2020 08:41:30.504 GMT-0500,1798.0420000000001,1797.007,0.0008,0.002
18.03.2020 08:41:30.699 GMT-0500,1801.4120000000003,1798.497,0.0008,0.002
18.03.2020 08:41:30.857 GMT-0500,1801.413,1797.588,0.002,0.0008
18.03.2020 08:41:31.413 GMT-0500,1801.413,1798.0970000000002,0.002,0.0008
18.03.2020 08:41:32.517 GMT-0500,1801.4120000000003,1797.588,0.002,0.002
18.03.2020 08:41:33.857 GMT-0500,1801.973,1799.8370000000002,0.0008,0.002
18.03.2020 08:41:34.890 GMT-0500,1801.973,1800.338,0.0008,0.0008
18.03.2020 08:41:34.940 GMT-0500,1802.0020000000002,1799.8370000000002,0.0008,0.002
18.03.2020 08:41:35.980 GMT-0500,1802.0020000000002,1801.4579999999999,0.0008,0.0008
18.03.2020 08:41:36.031 GMT-0500,1802.892,1799.3170000000002,0.0008,0.002
18.03.2020 08:41:36.527 GMT-0500,1805.0020000000002,1802.4270000000001,0.0008,0.0008
18.03.2020 08:41:38.126 GMT-0500,1803.4820000000002,1801.608,0.0008,0.0008
18.03.2020 08:41:38.176 GMT-0500,1805.003,1801.608,0.002,0.0008
18.03.2020 08:41:38.311 GMT-0500,1805.0020000000002,1801.608,0.002,0.002
18.03.2020 08:41:38.412 GMT-0500,1805.003,1802.338,0.002,0.0008
18.03.2020 08:41:38.936 GMT-0500,1805.003,1802.3370000000002,0.002,0.002
18.03.2020 08:41:39.037 GMT-0500,1804.213,1801.6070000000002,0.002,0.002
18.03.2020 08:41:39.786 GMT-0500,1803.7320000000002,1801.6070000000002,0.0008,0.002
18.03.2020 08:41:41.130 GMT-0500,1803.733,1801.6070000000002,0.002,0.0008
18.03.2020 08:41:41.180 GMT-0500,1804.0629999999999,1801.608,0.002,0.0008
18.03.2020 08:41:42.176 GMT-0500,1804.0629999999999,1801.358,0.002,0.002
18.03.2020 08:41:42.327 GMT-0500,1804.0629999999999,1801.6170000000002,0.002,0.0008
18.03.2020 08:41:43.262 GMT-0500,1805.0020000000002,1801.618,0.002,0.002
18.03.2020 08:41:43.489 GMT-0500,1805.003,1801.618,0.002,0.002
18.03.2020 08:41:43.611 GMT-0500,1805.003,1801.628,0.002,0.002
18.03.2020 08:41:43.661 GMT-0500,1805.003,1801.6270000000002,0.002,0.002
18.03.2020 08:41:43.981 GMT-0500,1805.0020000000002,1801.6270000000002,0.0008,0.0008
18.03.2020 08:41:44.032 GMT-0500,1805.0020000000002,1801.6070000000002,0.0008,0.002
18.03.2020 08:41:44.082 GMT-0500,1805.0020000000002,1802.268,0.002,0.002
18.03.2020 08:41:44.222 GMT-0500,1805.003,1803.2579999999998,0.002,0.0008
18.03.2020 08:41:44.775 GMT-0500,1805.003,1802.308,0.002,0.0008
18.03.2020 08:41:44.836 GMT-0500,1805.003,1802.308,0.002,0.002
18.03.2020 08:41:45.416 GMT-0500,1805.003,1802.328,0.002,0.002
18.03.2020 08:41:46.252 GMT-0500,1805.003,1802.9170000000001,0.002,0.0008
18.03.2020 08:41:47.637 GMT-0500,1807.3729999999998,1804.4270000000001,0.002,0.002
18.03.2020 08:41:47.688 GMT-0500,1807.153,1804.538,0.002,0.0008
18.03.2020 08:41:47.868 GMT-0500,1806.953,1804.5970000000002,0.002,0.002
18.03.2020 08:41:49.183 GMT-0500,1807.8429999999998,1804.5970000000002,0.002,0.002
18.03.2020 08:41:49.233 GMT-0500,1807.842,1805.0079999999998,0.002,0.002
18.03.2020 08:41:49.663 GMT-0500,1807.8429999999998,1805.0079999999998,0.002,0.002
18.03.2020 08:41:54.071 GMT-0500,1807.8429999999998,1805.1770000000001,0.002,0.002
18.03.2020 08:41:54.122 GMT-0500,1807.842,1806.1570000000002,0.0008,0.002
18.03.2020 08:41:54.550 GMT-0500,1807.8429999999998,1806.4979999999998,0.002,0.0008
18.03.2020 08:41:54.600 GMT-0500,1807.8429999999998,1806.017,0.002,0.002
18.03.2020 08:41:54.809 GMT-0500,1807.8429999999998,1806.668,0.002,0.0008
18.03.2020 08:41:54.859 GMT-0500,1810.0020000000002,1807.4379999999999,0.002,0.002
18.03.2020 08:41:54.910 GMT-0500,1810.0020000000002,1806.517,0.0008,0.002
18.03.2020 08:41:55.356 GMT-0500,1810.003,1806.3570000000002,0.002,0.002
18.03.2020 08:41:55.643 GMT-0500,1810.003,1806.3570000000002,0.002,0.002
18.03.2020 08:41:59.676 GMT-0500,1810.003,1807.0079999999998,0.002,0.0008
18.03.2020 08:41:59.821 GMT-0500,1810.003,1807.0079999999998,0.002,0.002
18.03.2020 08:41:59.871 GMT-0500,1810.003,1807.017,0.002,0.002
18.03.2020 08:42:00.408 GMT-0500,1810.003,1807.0079999999998,0.002,0.0008
18.03.2020 08:42:00.495 GMT-0500,1810.003,1807.0079999999998,0.002,0.002
18.03.2020 08:42:01.028 GMT-0500,1810.003,1807.0079999999998,0.002,0.0008
18.03.2020 08:42:01.204 GMT-0500,1810.003,1807.0079999999998,0.002,0.0008
18.03.2020 08:42:01.608 GMT-0500,1808.473,1807.007,0.0008,0.002
18.03.2020 08:42:01.658 GMT-0500,1810.003,1807.007,0.002,0.002
18.03.2020 08:42:02.149 GMT-0500,1808.3529999999998,1807.007,0.0008,0.002
18.03.2020 08:42:02.200 GMT-0500,1810.0020000000002,1807.038,0.002,0.002
18.03.2020 08:42:02.561 GMT-0500,1808.112,1807.0079999999998,0.002,0.002
18.03.2020 08:42:04.920 GMT-0500,1805.7420000000002,1802.588,0.002,0.0008
18.03.2020 08:42:04.971 GMT-0500,1804.6129999999998,1802.1370000000002,0.002,0.002
18.03.2020 08:42:05.023 GMT-0500,1804.612,1802.1570000000002,0.0008,0.002
18.03.2020 08:42:05.181 GMT-0500,1804.612,1802.1770000000001,0.0008,0.0008
18.03.2020 08:42:05.437 GMT-0500,1804.6129999999998,1802.227,0.002,0.002
18.03.2020 08:42:05.555 GMT-0500,1804.592,1802.217,0.0008,0.002
18.03.2020 08:42:06.655 GMT-0500,1804.592,1802.217,0.002,0.002
18.03.2020 08:42:07.172 GMT-0500,1804.5720000000001,1802.2179999999998,0.002,0.002
18.03.2020 08:42:07.532 GMT-0500,1803.993,1802.217,0.002,0.002
18.03.2020 08:42:07.583 GMT-0500,1802.223,1798.9979999999998,0.002,0.0008
18.03.2020 08:42:07.643 GMT-0500,1802.223,1800.0970000000002,0.002,0.0008
18.03.2020 08:42:07.886 GMT-0500,1802.2120000000002,1799.558,0.002,0.002
18.03.2020 08:42:07.936 GMT-0500,1802.2120000000002,1799.558,0.002,0.002
18.03.2020 08:42:08.901 GMT-0500,1802.213,1798.9979999999998,0.002,0.0008
18.03.2020 08:42:09.371 GMT-0500,1802.3229999999999,1798.9979999999998,0.002,0.002
18.03.2020 08:42:09.421 GMT-0500,1802.3220000000001,1800.0079999999998,0.002,0.002
18.03.2020 08:42:09.747 GMT-0500,1802.3220000000001,1798.997,0.0008,0.002
18.03.2020 08:42:10.041 GMT-0500,1801.582,1798.997,0.0008,0.002
18.03.2020 08:42:11.128 GMT-0500,1802.293,1798.9979999999998,0.002,0.0008
18.03.2020 08:42:11.179 GMT-0500,1802.0829999999999,1798.9979999999998,0.002,0.0008
18.03.2020 08:42:11.706 GMT-0500,1802.082,1798.997,0.0008,0.002
18.03.2020 08:42:11.756 GMT-0500,1802.0829999999999,1798.997,0.002,0.002
18.03.2020 08:42:12.176 GMT-0500,1802.0829999999999,1798.997,0.002,0.002
18.03.2020 08:42:12.970 GMT-0500,1802.092,1798.997,0.002,0.002
18.03.2020 08:42:13.020 GMT-0500,1802.092,1800.007,0.0008,0.002
18.03.2020 08:42:13.102 GMT-0500,1802.092,1800.007,0.0008,0.002
18.03.2020 08:42:13.152 GMT-0500,1802.092,1798.997,0.0008,0.002
18.03.2020 08:42:13.623 GMT-0500,1802.092,1800.9370000000001,0.0008,0.002
18.03.2020 08:42:13.674 GMT-0500,1802.0929999999998,1798.9979999999998,0.002,0.0008
18.03.2020 08:42:13.772 GMT-0500,1802.0929999999998,1801.158,0.0008,0.0008
18.03.2020 08:42:13.822 GMT-0500,1803.402,1801.158,0.002,0.002
18.03.2020 08:42:13.994 GMT-0500,1803.402,1801.1770000000001,0.0008,0.0008
18.03.2020 08:42:14.252 GMT-0500,1803.403,1801.1979999999999,0.002,0.0008
18.03.2020 08:42:14.513 GMT-0500,1803.403,1801.1979999999999,0.002,0.002
18.03.2020 08:42:14.871 GMT-0500,1803.403,1801.237,0.002,0.0008
18.03.2020 08:42:15.209 GMT-0500,1803.402,1801.237,0.0008,0.002
18.03.2020 08:42:15.556 GMT-0500,1803.402,1801.2579999999998,0.002,0.002
18.03.2020 08:42:15.847 GMT-0500,1803.403,1801.278,0.002,0.002
18.03.2020 08:42:15.948 GMT-0500,1804.163,1801.2970000000003,0.002,0.002
18.03.2020 08:42:16.138 GMT-0500,1804.1620000000003,1801.2970000000003,0.0008,0.002
18.03.2020 08:42:20.575 GMT-0500,1802.832,1798.9979999999998,0.002,0.002
18.03.2020 08:42:21.570 GMT-0500,1801.3829999999998,1798.9979999999998,0.0008,0.0008
18.03.2020 08:42:21.620 GMT-0500,1801.652,1798.997,0.0008,0.002
18.03.2020 08:42:23.119 GMT-0500,1801.2020000000002,1798.9979999999998,0.002,0.002
18.03.2020 08:42:25.662 GMT-0500,1800.913,1798.9979999999998,0.002,0.0008
18.03.2020 08:42:26.095 GMT-0500,1800.8529999999998,1798.9979999999998,0.002,0.0008
18.03.2020 08:42:26.351 GMT-0500,1800.2320000000002,1798.9979999999998,0.0008,0.002
18.03.2020 08:42:26.846 GMT-0500,1799.8120000000001,1797.2079999999999,0.002,0.002
18.03.2020 08:42:27.139 GMT-0500,1800.6129999999998,1798.018,0.002,0.0008
18.03.2020 08:42:27.190 GMT-0500,1800.6129999999998,1797.207,0.002,0.002
18.03.2020 08:42:28.446 GMT-0500,1800.612,1798.018,0.002,0.002
18.03.2020 08:42:30.302 GMT-0500,1799.9920000000002,1797.2079999999999,0.002,0.002
18.03.2020 08:42:30.852 GMT-0500,1799.6720000000003,1797.2079999999999,0.002,0.002
18.03.2020 08:42:30.970 GMT-0500,1799.013,1797.207,0.002,0.002
18.03.2020 08:42:31.181 GMT-0500,1798.5829999999999,1797.2079999999999,0.002,0.0008
18.03.2020 08:42:31.699 GMT-0500,1799.2520000000002,1797.2079999999999,0.002,0.002
18.03.2020 08:42:31.879 GMT-0500,1799.2520000000002,1797.2179999999998,0.002,0.0008
18.03.2020 08:42:33.099 GMT-0500,1800.642,1797.2179999999998,0.002,0.002
18.03.2020 08:42:33.149 GMT-0500,1800.632,1797.638,0.002,0.002
18.03.2020 08:42:34.144 GMT-0500,1800.632,1797.638,0.002,0.002
18.03.2020 08:42:34.635 GMT-0500,1800.622,1797.638,0.002,0.002
18.03.2020 08:42:34.747 GMT-0500,1800.5020000000002,1798.398,0.002,0.0008
18.03.2020 08:42:37.252 GMT-0500,1800.5020000000002,1798.267,0.0008,0.002
18.03.2020 08:42:37.762 GMT-0500,1800.5020000000002,1798.288,0.002,0.0008
18.03.2020 08:42:38.161 GMT-0500,1800.5020000000002,1798.288,0.002,0.002
18.03.2020 08:42:39.132 GMT-0500,1800.503,1798.3070000000002,0.002,0.002
18.03.2020 08:42:39.338 GMT-0500,1799.9920000000002,1798.298,0.002,0.002
18.03.2020 08:42:40.050 GMT-0500,1799.753,1798.298,0.002,0.0008
18.03.2020 08:42:40.100 GMT-0500,1800.503,1798.298,0.002,0.0008
18.03.2020 08:42:40.155 GMT-0500,1800.5020000000002,1798.298,0.002,0.002
18.03.2020 08:42:40.507 GMT-0500,1800.9220000000003,1798.2970000000003,0.0008,0.002
18.03.2020 08:42:40.607 GMT-0500,1800.923,1799.4479999999999,0.002,0.0008
18.03.2020 08:42:40.728 GMT-0500,1804.003,1800.1770000000001,0.002,0.002
18.03.2020 08:42:40.869 GMT-0500,1801.9920000000002,1798.2970000000003,0.0008,0.002
18.03.2020 08:42:41.036 GMT-0500,1801.9920000000002,1799.1870000000001,0.0008,0.0008
18.03.2020 08:42:43.257 GMT-0500,1799.9220000000003,1798.298,0.0008,0.002
18.03.2020 08:42:43.308 GMT-0500,1799.102,1797.2079999999999,0.002,0.002
18.03.2020 08:42:43.622 GMT-0500,1799.102,1796.9979999999998,0.002,0.002
18.03.2020 08:42:43.747 GMT-0500,1798.8829999999998,1796.3870000000002,0.002,0.002
18.03.2020 08:42:43.903 GMT-0500,1798.915,1796.388,0.0008,0.0008
18.03.2020 08:42:45.164 GMT-0500,1800.392,1797.6170000000002,0.0008,0.002
18.03.2020 08:42:45.552 GMT-0500,1800.393,1797.6170000000002,0.002,0.002
18.03.2020 08:42:46.429 GMT-0500,1800.392,1797.618,0.002,0.0008
18.03.2020 08:42:46.809 GMT-0500,1800.393,1797.648,0.002,0.0008
18.03.2020 08:42:47.307 GMT-0500,1800.0829999999999,1798.0079999999998,0.002,0.0008
18.03.2020 08:42:47.576 GMT-0500,1799.1820000000002,1797.007,0.0008,0.002
18.03.2020 08:42:48.234 GMT-0500,1799.1820000000002,1797.007,0.0008,0.0008
18.03.2020 08:42:48.928 GMT-0500,1799.163,1796.777,0.002,0.002
18.03.2020 08:42:50.714 GMT-0500,1799.163,1796.768,0.002,0.002
18.03.2020 08:42:50.764 GMT-0500,1797.643,1794.9979999999998,0.002,0.0008
18.03.2020 08:42:56.535 GMT-0500,1798.902,1797.298,0.002,0.002
18.03.2020 08:42:59.572 GMT-0500,1798.7420000000002,1796.5870000000002,0.0008,0.002
18.03.2020 08:43:00.057 GMT-0500,1798.7420000000002,1796.608,0.002,0.0008
18.03.2020 08:43:00.278 GMT-0500,1798.743,1794.9979999999998,0.002,0.002
18.03.2020 08:43:00.329 GMT-0500,1798.743,1794.9979999999998,0.002,0.0008
18.03.2020 08:43:00.903 GMT-0500,1798.743,1796.158,0.002,0.0008
18.03.2020 08:43:04.484 GMT-0500,1798.7420000000002,1796.158,0.002,0.002
18.03.2020 08:43:04.534 GMT-0500,1798.903,1796.1570000000002,0.002,0.002
18.03.2020 08:43:04.584 GMT-0500,1798.7420000000002,1796.6170000000002,0.0008,0.002
18.03.2020 08:43:05.609 GMT-0500,1798.7420000000002,1796.6170000000002,0.0008,0.002
18.03.2020 08:43:05.735 GMT-0500,1798.903,1796.6470000000002,0.002,0.002
18.03.2020 08:43:05.785 GMT-0500,1798.903,1796.6470000000002,0.002,0.002
18.03.2020 08:43:05.835 GMT-0500,1798.903,1797.0079999999998,0.002,0.0008
18.03.2020 08:43:06.243 GMT-0500,1798.903,1797.0079999999998,0.002,0.002
18.03.2020 08:43:06.822 GMT-0500,1798.902,1797.028,0.002,0.002
18.03.2020 08:43:07.255 GMT-0500,1798.903,1797.0470000000003,0.002,0.002
18.03.2020 08:43:07.431 GMT-0500,1798.903,1797.0670000000002,0.002,0.002
18.03.2020 08:43:07.532 GMT-0500,1799.993,1797.808,0.002,0.0008
18.03.2020 08:43:07.877 GMT-0500,1799.993,1797.808,0.002,0.002
18.03.2020 08:43:08.037 GMT-0500,1799.993,1797.9470000000001,0.0008,0.002
18.03.2020 08:43:08.087 GMT-0500,1801.0020000000002,1798.3370000000002,0.0008,0.002
18.03.2020 08:43:08.138 GMT-0500,1799.993,1797.9270000000001,0.002,0.002
18.03.2020 08:43:08.293 GMT-0500,1799.993,1797.9279999999999,0.0008,0.0008
18.03.2020 08:43:08.343 GMT-0500,1801.0020000000002,1797.9279999999999,0.002,0.002
18.03.2020 08:43:08.444 GMT-0500,1801.0020000000002,1798.768,0.002,0.002
18.03.2020 08:43:08.494 GMT-0500,1801.003,1798.9270000000001,0.002,0.002
18.03.2020 08:43:08.769 GMT-0500,1801.003,1798.9270000000001,0.002,0.002
18.03.2020 08:43:08.819 GMT-0500,1800.9920000000002,1798.768,0.002,0.002
18.03.2020 08:43:10.084 GMT-0500,1800.9920000000002,1798.768,0.002,0.002
18.03.2020 08:43:10.258 GMT-0500,1800.993,1798.848,0.002,0.0008
18.03.2020 08:43:10.388 GMT-0500,1800.993,1798.9270000000001,0.002,0.002
18.03.2020 08:43:10.611 GMT-0500,1801.003,1798.9270000000001,0.002,0.002
18.03.2020 08:43:10.661 GMT-0500,1801.003,1799.1170000000002,0.002,0.002
18.03.2020 08:43:10.866 GMT-0500,1801.003,1799.1170000000002,0.002,0.002
18.03.2020 08:43:11.007 GMT-0500,1801.0020000000002,1799.2970000000003,0.0008,0.002
18.03.2020 08:43:11.178 GMT-0500,1801.1129999999998,1800.1470000000002,0.0008,0.0008
18.03.2020 08:43:11.229 GMT-0500,1804.0020000000002,1800.168,0.002,0.002
18.03.2020 08:43:12.189 GMT-0500,1804.0020000000002,1800.408,0.002,0.0008
18.03.2020 08:43:12.980 GMT-0500,1804.0020000000002,1800.4470000000001,0.0008,0.0008
18.03.2020 08:43:13.082 GMT-0500,1804.0020000000002,1800.418,0.002,0.0008
18.03.2020 08:43:13.310 GMT-0500,1804.0020000000002,1800.418,0.002,0.002
18.03.2020 08:43:13.805 GMT-0500,1804.003,1800.4479999999999,0.002,0.002
18.03.2020 08:43:14.461 GMT-0500,1804.0020000000002,1800.4879999999998,0.002,0.002
18.03.2020 08:43:14.685 GMT-0500,1804.0020000000002,1801.1970000000001,0.0008,0.0008
18.03.2020 08:43:15.651 GMT-0500,1804.003,1800.658,0.002,0.0008
18.03.2020 08:43:16.615 GMT-0500,1804.003,1800.658,0.002,0.002
18.03.2020 08:43:16.876 GMT-0500,1804.003,1801.408,0.002,0.0008
18.03.2020 08:43:17.244 GMT-0500,1804.0020000000002,1801.128,0.002,0.0008
18.03.2020 08:43:18.221 GMT-0500,1804.0020000000002,1801.017,0.0008,0.002
18.03.2020 08:43:18.775 GMT-0500,1804.0020000000002,1801.017,0.0008,0.0008
18.03.2020 08:43:19.168 GMT-0500,1804.0020000000002,1801.028,0.002,0.0008
18.03.2020 08:43:19.697 GMT-0500,1800.7420000000002,1796.997,0.0008,0.002
18.03.2020 08:43:19.838 GMT-0500,1802.1720000000003,1799.1270000000002,0.002,0.002
18.03.2020 08:43:19.888 GMT-0500,1802.1720000000003,1799.6779999999999,0.002,0.002
18.03.2020 08:43:20.526 GMT-0500,1802.1720000000003,1799.6779999999999,0.002,0.002
18.03.2020 08:43:21.112 GMT-0500,1802.1720000000003,1800.017,0.0008,0.0008
18.03.2020 08:43:21.456 GMT-0500,1802.1720000000003,1800.007,0.0008,0.002
18.03.2020 08:43:21.507 GMT-0500,1802.173,1800.007,0.002,0.002
18.03.2020 08:43:22.298 GMT-0500,1802.173,1800.028,0.002,0.0008
18.03.2020 08:43:22.787 GMT-0500,1802.1720000000003,1800.007,0.0008,0.0008
18.03.2020 08:43:24.762 GMT-0500,1800.372,1796.9979999999998,0.002,0.002
18.03.2020 08:43:24.818 GMT-0500,1800.3629999999998,1796.997,0.002,0.002
18.03.2020 08:43:24.923 GMT-0500,1800.003,1796.997,0.002,0.002
18.03.2020 08:43:26.633 GMT-0500,1799.663,1796.9979999999998,0.002,0.0008
18.03.2020 08:43:27.127 GMT-0500,1799.663,1796.9979999999998,0.002,0.0008
18.03.2020 08:43:27.559 GMT-0500,1798.632,1796.997,0.002,0.002
18.03.2020 08:43:27.610 GMT-0500,1799.5420000000001,1796.9979999999998,0.002,0.002
18.03.2020 08:43:27.754 GMT-0500,1799.5420000000001,1797.018,0.002,0.0008
18.03.2020 08:43:29.648 GMT-0500,1799.5420000000001,1797.038,0.002,0.002
18.03.2020 08:43:30.075 GMT-0500,1799.543,1796.9979999999998,0.002,0.0008
18.03.2020 08:43:30.265 GMT-0500,1799.543,1797.028,0.002,0.0008
18.03.2020 08:43:31.423 GMT-0500,1799.543,1796.9979999999998,0.002,0.002
18.03.2020 08:43:31.473 GMT-0500,1799.543,1796.9979999999998,0.002,0.0008
18.03.2020 08:43:35.816 GMT-0500,1798.283,1796.9979999999998,0.0008,0.0008
18.03.2020 08:43:35.868 GMT-0500,1797.9220000000003,1794.9979999999998,0.002,0.002
18.03.2020 08:43:35.985 GMT-0500,1796.7720000000002,1794.9979999999998,0.0008,0.002
18.03.2020 08:43:36.086 GMT-0500,1796.7620000000002,1794.997,0.0008,0.002
18.03.2020 08:43:36.356 GMT-0500,1796.773,1794.9979999999998,0.002,0.0008
18.03.2020 08:43:37.409 GMT-0500,1796.7620000000002,1794.9979999999998,0.0008,0.002
18.03.2020 08:43:37.510 GMT-0500,1795.2720000000002,1792.078,0.002,0.002
18.03.2020 08:43:37.610 GMT-0500,1795.653,1794.0079999999998,0.002,0.0008
18.03.2020 08:43:37.661 GMT-0500,1795.652,1793.9979999999998,0.002,0.002
18.03.2020 08:43:37.730 GMT-0500,1795.653,1793.9979999999998,0.002,0.002
18.03.2020 08:43:37.862 GMT-0500,1795.653,1793.9979999999998,0.002,0.002
18.03.2020 08:43:37.912 GMT-0500,1795.5220000000002,1793.9979999999998,0.002,0.002
18.03.2020 08:43:38.098 GMT-0500,1795.653,1793.9979999999998,0.002,0.0008
18.03.2020 08:43:38.209 GMT-0500,1795.653,1793.9979999999998,0.002,0.002
18.03.2020 08:43:38.562 GMT-0500,1795.653,1794.0079999999998,0.002,0.0008
18.03.2020 08:43:38.724 GMT-0500,1796.993,1795.0079999999998,0.002,0.0008
18.03.2020 08:43:39.150 GMT-0500,1796.993,1794.158,0.002,0.0008
18.03.2020 08:43:39.420 GMT-0500,1796.993,1794.1570000000002,0.002,0.002
18.03.2020 08:43:39.774 GMT-0500,1796.993,1794.1770000000001,0.002,0.002
18.03.2020 08:43:40.267 GMT-0500,1796.993,1794.1779999999999,0.0008,0.0008
18.03.2020 08:43:45.749 GMT-0500,1799.543,1796.6979999999999,0.002,0.0008
18.03.2020 08:43:45.851 GMT-0500,1799.5420000000001,1797.408,0.002,0.002
18.03.2020 08:43:45.991 GMT-0500,1800.653,1797.7579999999998,0.002,0.0008
18.03.2020 08:43:48.525 GMT-0500,1799.9820000000002,1798.0079999999998,0.002,0.002
18.03.2020 08:43:49.530 GMT-0500,1799.9820000000002,1798.017,0.0008,0.0008
18.03.2020 08:43:50.354 GMT-0500,1799.9820000000002,1798.018,0.0008,0.002
18.03.2020 08:43:52.517 GMT-0500,1800.003,1796.997,0.002,0.0008
18.03.2020 08:43:53.522 GMT-0500,1800.003,1797.9979999999998,0.002,0.0008
18.03.2020 08:43:55.027 GMT-0500,1800.003,1797.997,0.002,0.002
18.03.2020 08:44:00.401 GMT-0500,1798.243,1796.768,0.002,0.0008
18.03.2020 08:44:01.929 GMT-0500,1797.5020000000002,1795.308,0.002,0.0008
18.03.2020 08:44:05.162 GMT-0500,1796.9920000000002,1795.2970000000003,0.0008,0.002
18.03.2020 08:44:05.671 GMT-0500,1796.9920000000002,1795.2970000000003,0.0008,0.0008
18.03.2020 08:44:06.214 GMT-0500,1796.143,1792.1879999999999,0.0008,0.0008
18.03.2020 08:44:08.423 GMT-0500,1796.5620000000001,1794.007,0.0008,0.002
18.03.2020 08:44:09.033 GMT-0500,1796.5620000000001,1795.1470000000002,0.0008,0.0008
18.03.2020 08:44:09.457 GMT-0500,1800.0020000000002,1796.007,0.002,0.002
18.03.2020 08:44:09.636 GMT-0500,1800.0020000000002,1796.0079999999998,0.002,0.002
18.03.2020 08:44:10.130 GMT-0500,1797.852,1796.0079999999998,0.002,0.002
18.03.2020 08:44:12.494 GMT-0500,1797.852,1797.378,0.0008,0.0008
18.03.2020 08:44:12.545 GMT-0500,1800.003,1796.6070000000002,0.002,0.002
18.03.2020 08:44:12.653 GMT-0500,1800.003,1796.608,0.002,0.0008
18.03.2020 08:44:12.754 GMT-0500,1800.0020000000002,1796.6070000000002,0.0008,0.002
18.03.2020 08:44:12.805 GMT-0500,1799.9320000000002,1796.6070000000002,0.0008,0.002
18.03.2020 08:44:13.064 GMT-0500,1798.9720000000002,1797.0079999999998,0.002,0.002
18.03.2020 08:44:13.449 GMT-0500,1799.8329999999999,1797.0079999999998,0.002,0.0008
18.03.2020 08:44:13.719 GMT-0500,1799.852,1797.0079999999998,0.002,0.002
18.03.2020 08:44:13.828 GMT-0500,1800.0020000000002,1797.007,0.0008,0.002
18.03.2020 08:44:13.933 GMT-0500,1799.773,1797.007,0.002,0.002
18.03.2020 08:44:14.429 GMT-0500,1799.773,1798.487,0.002,0.0008
18.03.2020 08:44:14.530 GMT-0500,1800.0020000000002,1798.497,0.0008,0.002
18.03.2020 08:44:14.909 GMT-0500,1799.8629999999998,1797.6770000000001,0.002,0.002
18.03.2020 08:44:16.006 GMT-0500,1799.8629999999998,1797.6770000000001,0.002,0.002
18.03.2020 08:44:18.498 GMT-0500,1796.173,1793.168,0.002,0.0008
18.03.2020 08:44:19.106 GMT-0500,1796.473,1792.727,0.0008,0.002
18.03.2020 08:44:19.824 GMT-0500,1796.4220000000003,1792.7279999999998,0.002,0.002
18.03.2020 08:44:20.075 GMT-0500,1796.4220000000003,1792.727,0.002,0.002
18.03.2020 08:44:20.633 GMT-0500,1796.0220000000002,1794.1570000000002,0.0008,0.0008
18.03.2020 08:44:20.734 GMT-0500,1796.423,1794.158,0.002,0.0008
18.03.2020 08:44:21.315 GMT-0500,1796.4220000000003,1792.727,0.0008,0.002
18.03.2020 08:44:23.079 GMT-0500,1798.003,1795.007,0.002,0.0008
18.03.2020 08:44:23.180 GMT-0500,1797.2920000000001,1795.298,0.002,0.002
18.03.2020 08:44:23.230 GMT-0500,1797.5929999999998,1795.298,0.002,0.0008
18.03.2020 08:44:24.372 GMT-0500,1797.582,1795.007,0.0008,0.002
18.03.2020 08:44:26.409 GMT-0500,1797.582,1795.0470000000003,0.0008,0.002
18.03.2020 08:44:27.266 GMT-0500,1797.582,1795.0470000000003,0.0008,0.0008
18.03.2020 08:44:29.086 GMT-0500,1797.0020000000002,1794.267,0.0008,0.002
18.03.2020 08:44:30.037 GMT-0500,1796.402,1794.1470000000002,0.0008,0.002
18.03.2020 08:44:30.087 GMT-0500,1796.403,1792.7279999999998,0.002,0.0008
18.03.2020 08:44:30.279 GMT-0500,1796.402,1794.207,0.0008,0.002
18.03.2020 08:44:30.564 GMT-0500,1796.402,1794.207,0.0008,0.0008
18.03.2020 08:44:30.615 GMT-0500,1796.402,1792.727,0.0008,0.002
18.03.2020 08:44:31.105 GMT-0500,1796.4220000000003,1792.997,0.0008,0.002
18.03.2020 08:44:31.236 GMT-0500,1795.713,1792.997,0.0008,0.002
18.03.2020 08:44:32.182 GMT-0500,1796.003,1794.148,0.002,0.0008
18.03.2020 08:44:32.292 GMT-0500,1797.0120000000002,1794.1670000000001,0.0008,0.002
18.03.2020 08:44:32.343 GMT-0500,1797.013,1794.1870000000001,0.002,0.002
18.03.2020 08:44:32.794 GMT-0500,1796.4220000000003,1794.1879999999999,0.002,0.002
18.03.2020 08:44:32.924 GMT-0500,1796.4220000000003,1794.3570000000002,0.0008,0.0008
18.03.2020 08:44:33.429 GMT-0500,1797.013,1794.538,0.002,0.0008
18.03.2020 08:44:33.549 GMT-0500,1797.013,1795.1779999999999,0.002,0.0008
18.03.2020 08:44:33.969 GMT-0500,1797.0020000000002,1795.005,0.0008,0.0008
18.03.2020 08:44:34.153 GMT-0500,1797.0020000000002,1795.1770000000001,0.0008,0.002
18.03.2020 08:44:34.382 GMT-0500,1797.013,1795.1770000000001,0.002,0.002
18.03.2020 08:44:34.432 GMT-0500,1797.013,1795.1779999999999,0.002,0.0008
18.03.2020 08:44:34.918 GMT-0500,1797.0120000000002,1795.1779999999999,0.002,0.002
18.03.2020 08:44:36.034 GMT-0500,1800.0020000000002,1796.5870000000002,0.0008,0.002
18.03.2020 08:44:36.084 GMT-0500,1799.2820000000002,1796.5870000000002,0.0008,0.002
18.03.2020 08:44:36.216 GMT-0500,1799.842,1796.5870000000002,0.0008,0.002
18.03.2020 08:44:36.313 GMT-0500,1799.842,1796.5870000000002,0.002,0.002
18.03.2020 08:44:36.604 GMT-0500,1798.592,1796.095,0.0008,0.0008
18.03.2020 08:44:38.155 GMT-0500,1798.3129999999999,1796.5870000000002,0.002,0.002
18.03.2020 08:44:38.601 GMT-0500,1798.3120000000001,1797.378,0.002,0.002
18.03.2020 08:44:38.718 GMT-0500,1798.3120000000001,1796.9170000000001,0.0008,0.002
18.03.2020 08:44:39.007 GMT-0500,1800.0020000000002,1796.9170000000001,0.002,0.002
18.03.2020 08:44:39.058 GMT-0500,1799.7820000000002,1797.267,0.0008,0.002
18.03.2020 08:44:39.108 GMT-0500,1798.9920000000002,1797.268,0.002,0.002
18.03.2020 08:44:39.305 GMT-0500,1798.9820000000002,1796.9470000000001,0.0008,0.002
18.03.2020 08:44:39.501 GMT-0500,1798.832,1796.64,0.0008,0.0008
18.03.2020 08:44:40.588 GMT-0500,1798.3120000000001,1796.788,0.002,0.002
18.03.2020 08:44:40.977 GMT-0500,1798.973,1796.888,0.002,0.0008
18.03.2020 08:44:41.356 GMT-0500,1798.973,1796.888,0.002,0.002
18.03.2020 08:44:41.791 GMT-0500,1800.0020000000002,1797.158,0.002,0.002
18.03.2020 08:44:48.965 GMT-0500,1797.7320000000002,1795.4979999999998,0.002,0.002
18.03.2020 08:44:49.109 GMT-0500,1797.7320000000002,1795.1470000000002,0.0008,0.002
18.03.2020 08:44:51.269 GMT-0500,1797.7320000000002,1795.378,0.002,0.0008
18.03.2020 08:44:55.016 GMT-0500,1797.602,1795.658,0.002,0.002
18.03.2020 08:44:55.476 GMT-0500,1797.6029999999998,1795.658,0.002,0.0008
18.03.2020 08:44:55.653 GMT-0500,1797.9720000000002,1795.6570000000002,0.0008,0.002
18.03.2020 08:44:56.863 GMT-0500,1797.9720000000002,1795.8570000000002,0.0008,0.002
18.03.2020 08:45:01.296 GMT-0500,1796.253,1794.7970000000003,0.002,0.002
18.03.2020 08:45:01.347 GMT-0500,1796.7720000000002,1794.7970000000003,0.0008,0.002
18.03.2020 08:45:01.988 GMT-0500,1796.773,1794.7970000000003,0.002,0.002
18.03.2020 08:45:02.039 GMT-0500,1796.773,1795.0079999999998,0.002,0.0008
18.03.2020 08:45:02.283 GMT-0500,1796.003,1794.128,0.002,0.0008
18.03.2020 08:45:02.791 GMT-0500,1796.423,1794.128,0.0008,0.0008
18.03.2020 08:45:03.236 GMT-0500,1796.993,1794.128,0.002,0.002
18.03.2020 08:45:03.700 GMT-0500,1797.3329999999999,1794.1470000000002,0.002,0.002
18.03.2020 08:45:03.750 GMT-0500,1796.973,1794.1470000000002,0.002,0.002
18.03.2020 08:45:05.474 GMT-0500,1796.713,1794.358,0.002,0.002
18.03.2020 08:45:05.889 GMT-0500,1796.7220000000002,1794.6970000000001,0.0008,0.002
18.03.2020 08:45:06.105 GMT-0500,1796.7120000000002,1794.6979999999999,0.002,0.002
18.03.2020 08:45:06.329 GMT-0500,1796.693,1794.247,0.002,0.002
18.03.2020 08:45:06.441 GMT-0500,1796.6920000000002,1794.247,0.0008,0.002
18.03.2020 08:45:06.837 GMT-0500,1795.8629999999998,1794.9979999999998,0.002,0.0008
18.03.2020 08:45:06.988 GMT-0500,1794.4320000000002,1793.1470000000002,0.0008,0.002
18.03.2020 08:45:07.038 GMT-0500,1795.3529999999998,1793.1470000000002,0.002,0.002
18.03.2020 08:45:07.181 GMT-0500,1795.352,1793.1470000000002,0.0008,0.0008
18.03.2020 08:45:07.330 GMT-0500,1795.3529999999998,1791.588,0.002,0.0008
18.03.2020 08:45:07.536 GMT-0500,1794.5120000000002,1791.608,0.002,0.002
18.03.2020 08:45:07.810 GMT-0500,1794.513,1791.598,0.002,0.0008
18.03.2020 08:45:07.860 GMT-0500,1793.8429999999998,1791.598,0.002,0.0008
18.03.2020 08:45:08.514 GMT-0500,1793.842,1790.318,0.002,0.002
18.03.2020 08:45:09.295 GMT-0500,1793.842,1790.1670000000001,0.0008,0.002
18.03.2020 08:45:09.408 GMT-0500,1793.842,1790.168,0.002,0.002
18.03.2020 08:45:09.508 GMT-0500,1792.9220000000003,1789.9979999999998,0.002,0.002
18.03.2020 08:45:10.022 GMT-0500,1793.243,1789.997,0.002,0.002
18.03.2020 08:45:10.072 GMT-0500,1793.2420000000002,1791.358,0.002,0.002
18.03.2020 08:45:10.378 GMT-0500,1794.503,1792.2870000000003,0.002,0.002
18.03.2020 08:45:10.598 GMT-0500,1795.003,1791.477,0.002,0.002
18.03.2020 08:45:10.651 GMT-0500,1793.893,1791.477,0.0008,0.002
18.03.2020 08:45:10.804 GMT-0500,1792.9720000000002,1790.2870000000003,0.0008,0.002
18.03.2020 08:45:11.163 GMT-0500,1792.973,1790.1870000000001,0.002,0.002
18.03.2020 08:45:11.469 GMT-0500,1792.973,1790.1870000000001,0.002,0.002
18.03.2020 08:45:11.519 GMT-0500,1792.213,1789.9979999999998,0.002,0.0008
18.03.2020 08:45:12.044 GMT-0500,1792.213,1789.997,0.0008,0.002
18.03.2020 08:45:12.098 GMT-0500,1792.9720000000002,1789.997,0.0008,0.002
18.03.2020 08:45:12.148 GMT-0500,1791.8629999999998,1789.9979999999998,0.002,0.0008
18.03.2020 08:45:12.411 GMT-0500,1791.8629999999998,1790.0870000000002,0.002,0.0008
18.03.2020 08:45:14.577 GMT-0500,1791.8629999999998,1789.9979999999998,0.002,0.0008
18.03.2020 08:45:16.700 GMT-0500,1791.8629999999998,1788.997,0.002,0.002
18.03.2020 08:45:16.751 GMT-0500,1790.773,1788.9979999999998,0.002,0.0008
18.03.2020 08:45:16.851 GMT-0500,1790.543,1788.4879999999998,0.002,0.0008
18.03.2020 08:45:17.127 GMT-0500,1791.1879999999999,1788.4879999999998,0.0008,0.0008
18.03.2020 08:45:18.729 GMT-0500,1788.503,1784.9979999999998,0.002,0.0008
18.03.2020 08:45:19.830 GMT-0500,1788.9820000000002,1784.997,0.0008,0.002
18.03.2020 08:45:20.392 GMT-0500,1791.0320000000002,1788.318,0.002,0.002
18.03.2020 08:45:26.766 GMT-0500,1788.903,1784.997,0.0008,0.002
18.03.2020 08:45:27.033 GMT-0500,1788.903,1784.997,0.002,0.002
18.03.2020 08:45:27.300 GMT-0500,1788.903,1784.9979999999998,0.002,0.002
18.03.2020 08:45:27.350 GMT-0500,1788.902,1784.9979999999998,0.002,0.002
18.03.2020 08:45:29.417 GMT-0500,1790.342,1787.908,0.002,0.002
18.03.2020 08:45:30.738 GMT-0500,1787.673,1784.9979999999998,0.002,0.0008
18.03.2020 08:45:31.174 GMT-0500,1787.673,1784.997,0.002,0.002
18.03.2020 08:45:31.275 GMT-0500,1786.893,1784.6070000000002,0.002,0.002
18.03.2020 08:45:31.426 GMT-0500,1788.2420000000002,1785.6870000000001,0.0008,0.002
18.03.2020 08:45:32.153 GMT-0500,1788.2420000000002,1785.8570000000002,0.0008,0.0008
18.03.2020 08:45:32.557 GMT-0500,1788.243,1785.8570000000002,0.002,0.002
18.03.2020 08:45:32.658 GMT-0500,1788.683,1786.027,0.002,0.002
18.03.2020 08:45:39.537 GMT-0500,1787.263,1784.4979999999998,0.002,0.0008
18.03.2020 08:45:40.291 GMT-0500,1787.2420000000002,1784.4579999999999,0.002,0.002
18.03.2020 08:45:40.719 GMT-0500,1787.2420000000002,1786.5320000000002,0.0008,0.0008
18.03.2020 08:45:40.770 GMT-0500,1787.713,1785.298,0.002,0.0008
18.03.2020 08:45:40.986 GMT-0500,1787.483,1785.298,0.0008,0.0008
18.03.2020 08:45:41.036 GMT-0500,1787.7120000000002,1785.2970000000003,0.0008,0.002
18.03.2020 08:45:41.346 GMT-0500,1787.7120000000002,1785.318,0.002,0.0008
18.03.2020 08:45:41.860 GMT-0500,1787.4820000000002,1785.3170000000002,0.0008,0.002
18.03.2020 08:45:41.992 GMT-0500,1787.4820000000002,1785.338,0.002,0.0008
18.03.2020 08:45:43.023 GMT-0500,1786.993,1783.9270000000001,0.002,0.0008
18.03.2020 08:45:43.193 GMT-0500,1786.9920000000002,1785.4579999999999,0.002,0.0008
18.03.2020 08:45:43.383 GMT-0500,1786.9920000000002,1783.9270000000001,0.0008,0.002
18.03.2020 08:45:43.434 GMT-0500,1786.2620000000002,1783.9270000000001,0.0008,0.002
18.03.2020 08:45:43.502 GMT-0500,1786.9920000000002,1783.9279999999999,0.002,0.002
18.03.2020 08:45:44.064 GMT-0500,1786.993,1783.9279999999999,0.002,0.002
18.03.2020 08:45:44.258 GMT-0500,1786.993,1785.727,0.002,0.0008
18.03.2020 08:45:44.358 GMT-0500,1786.9920000000002,1784.4479999999999,0.002,0.002
18.03.2020 08:45:46.207 GMT-0500,1786.993,1784.4479999999999,0.002,0.002
18.03.2020 08:45:46.417 GMT-0500,1786.9920000000002,1784.497,0.0008,0.002
18.03.2020 08:45:53.133 GMT-0500,1788.2820000000002,1784.3470000000002,0.0008,0.002
18.03.2020 08:45:58.352 GMT-0500,1786.953,1784.348,0.002,0.0008
18.03.2020 08:45:59.813 GMT-0500,1786.953,1784.9979999999998,0.002,0.0008
18.03.2020 08:46:00.420 GMT-0500,1786.953,1785.267,0.002,0.0008
18.03.2020 08:46:00.470 GMT-0500,1786.953,1784.9979999999998,0.002,0.0008
18.03.2020 08:46:01.201 GMT-0500,1786.953,1785.007,0.002,0.0008
18.03.2020 08:46:01.475 GMT-0500,1786.953,1786.6070000000002,0.0008,0.0008
18.03.2020 08:46:01.525 GMT-0500,1787.9320000000002,1785.358,0.002,0.002
18.03.2020 08:46:01.605 GMT-0500,1787.8029999999999,1785.358,0.0008,0.0008
18.03.2020 08:46:01.728 GMT-0500,1787.8029999999999,1785.3570000000002,0.002,0.002
18.03.2020 08:46:02.107 GMT-0500,1787.632,1785.3570000000002,0.0008,0.0008
18.03.2020 08:46:02.157 GMT-0500,1787.632,1784.9979999999998,0.002,0.002
18.03.2020 08:46:02.728 GMT-0500,1787.6329999999998,1784.997,0.002,0.002
18.03.2020 08:46:02.779 GMT-0500,1787.8029999999999,1785.518,0.002,0.0008
18.03.2020 08:46:02.928 GMT-0500,1787.8029999999999,1785.6870000000001,0.002,0.002
18.03.2020 08:46:03.893 GMT-0500,1787.8020000000001,1785.6870000000001,0.0008,0.0008
18.03.2020 08:46:03.943 GMT-0500,1787.8020000000001,1784.997,0.0008,0.002
18.03.2020 08:46:05.126 GMT-0500,1787.503,1784.997,0.0008,0.002
18.03.2020 08:46:05.177 GMT-0500,1787.8029999999999,1784.997,0.002,0.002
18.03.2020 08:46:05.248 GMT-0500,1787.8020000000001,1785.6870000000001,0.0008,0.002
18.03.2020 08:46:06.031 GMT-0500,1787.263,1784.9979999999998,0.002,0.0008
18.03.2020 08:46:06.519 GMT-0500,1787.2520000000002,1784.997,0.0008,0.002
18.03.2020 08:46:07.287 GMT-0500,1787.8020000000001,1784.9979999999998,0.002,0.002
18.03.2020 08:46:07.942 GMT-0500,1787.253,1784.9979999999998,0.002,0.0008
18.03.2020 08:46:08.476 GMT-0500,1787.253,1785.628,0.002,0.0008
18.03.2020 08:46:09.007 GMT-0500,1787.253,1785.6270000000002,0.002,0.002
18.03.2020 08:46:09.114 GMT-0500,1786.2520000000002,1784.997,0.0008,0.002
18.03.2020 08:46:09.164 GMT-0500,1786.903,1784.997,0.002,0.002
18.03.2020 08:46:09.935 GMT-0500,1787.043,1784.997,0.002,0.002
18.03.2020 08:46:10.110 GMT-0500,1787.043,1785.1979999999999,0.0008,0.0008
18.03.2020 08:46:10.160 GMT-0500,1787.0629999999999,1785.1979999999999,0.002,0.0008
18.03.2020 08:46:10.597 GMT-0500,1787.9920000000002,1785.1979999999999,0.002,0.002
18.03.2020 08:46:10.647 GMT-0500,1787.6029999999998,1786.138,0.002,0.0008
18.03.2020 08:46:10.934 GMT-0500,1787.993,1786.138,0.002,0.0008
18.03.2020 08:46:11.479 GMT-0500,1787.9920000000002,1785.4379999999999,0.002,0.002
18.03.2020 08:46:11.530 GMT-0500,1787.9920000000002,1785.4370000000001,0.0008,0.002
18.03.2020 08:46:11.667 GMT-0500,1787.9920000000002,1785.4379999999999,0.002,0.002
18.03.2020 08:46:12.037 GMT-0500,1787.983,1784.9979999999998,0.002,0.0008
18.03.2020 08:46:12.087 GMT-0500,1787.9820000000002,1785.517,0.0008,0.002
18.03.2020 08:46:12.292 GMT-0500,1787.993,1785.6870000000001,0.002,0.002
18.03.2020 08:46:12.878 GMT-0500,1787.993,1785.6870000000001,0.002,0.002
18.03.2020 08:46:14.635 GMT-0500,1787.9920000000002,1785.8570000000002,0.0008,0.002
18.03.2020 08:46:15.782 GMT-0500,1790.023,1786.9379999999999,0.002,0.0008
18.03.2020 08:46:16.134 GMT-0500,1790.023,1788.5079999999998,0.002,0.0008
18.03.2020 08:46:16.236 GMT-0500,1790.8400000000001,1789.5079999999998,0.0008,0.0008
18.03.2020 08:46:16.387 GMT-0500,1790.993,1788.767,0.002,0.002
18.03.2020 08:46:16.606 GMT-0500,1790.4920000000002,1788.368,0.002,0.002
18.03.2020 08:46:16.935 GMT-0500,1790.9920000000002,1788.3670000000002,0.0008,0.002
18.03.2020 08:46:18.132 GMT-0500,1789.7820000000002,1788.3670000000002,0.0008,0.002
18.03.2020 08:46:18.183 GMT-0500,1789.8129999999999,1788.3670000000002,0.002,0.002
18.03.2020 08:46:18.530 GMT-0500,1788.1129999999998,1784.997,0.0008,0.002
18.03.2020 08:46:18.714 GMT-0500,1788.778,1785.9779999999998,0.0008,0.0008
18.03.2020 08:46:19.247 GMT-0500,1788.7120000000002,1784.997,0.0008,0.002
18.03.2020 08:46:20.601 GMT-0500,1788.2220000000002,1784.997,0.0008,0.002
18.03.2020 08:46:20.865 GMT-0500,1788.2220000000002,1785.017,0.002,0.0008
18.03.2020 08:46:21.069 GMT-0500,1787.8829999999998,1785.018,0.002,0.0008
18.03.2020 08:46:21.247 GMT-0500,1787.713,1785.027,0.002,0.0008
18.03.2020 08:46:22.518 GMT-0500,1787.7120000000002,1786.3470000000002,0.0008,0.0008
18.03.2020 08:46:22.569 GMT-0500,1787.923,1786.028,0.002,0.0008
18.03.2020 08:46:23.072 GMT-0500,1789.783,1786.028,0.002,0.002
18.03.2020 08:46:23.123 GMT-0500,1790.132,1786.1770000000001,0.0008,0.002
18.03.2020 08:46:23.223 GMT-0500,1789.8120000000001,1786.538,0.002,0.002
18.03.2020 08:46:23.342 GMT-0500,1789.8129999999999,1786.538,0.002,0.002
18.03.2020 08:46:23.442 GMT-0500,1790.9920000000002,1788.5770000000002,0.0008,0.002
18.03.2020 08:46:24.847 GMT-0500,1790.993,1788.7479999999998,0.002,0.0008
18.03.2020 08:46:29.413 GMT-0500,1792.0729999999999,1790.3170000000002,0.002,0.002
18.03.2020 08:46:30.162 GMT-0500,1792.0729999999999,1788.808,0.002,0.002
18.03.2020 08:46:30.212 GMT-0500,1792.0720000000001,1788.808,0.002,0.002
18.03.2020 08:46:31.041 GMT-0500,1792.0729999999999,1788.808,0.002,0.002
18.03.2020 08:46:31.462 GMT-0500,1791.2720000000002,1790.548,0.0008,0.0008
18.03.2020 08:46:31.512 GMT-0500,1791.2420000000002,1788.808,0.002,0.002
18.03.2020 08:46:32.615 GMT-0500,1791.793,1788.808,0.002,0.002
18.03.2020 08:46:32.665 GMT-0500,1791.793,1789.4279999999999,0.002,0.0008
18.03.2020 08:46:34.048 GMT-0500,1791.4920000000002,1789.4270000000001,0.0008,0.002
18.03.2020 08:46:34.583 GMT-0500,1791.4920000000002,1788.8070000000002,0.0008,0.002
18.03.2020 08:46:34.775 GMT-0500,1790.112,1787.9979999999998,0.002,0.002
18.03.2020 08:46:35.607 GMT-0500,1790.112,1787.9979999999998,0.002,0.0008
18.03.2020 08:46:37.018 GMT-0500,1788.493,1784.997,0.002,0.002
18.03.2020 08:46:37.234 GMT-0500,1788.493,1784.997,0.002,0.002
18.03.2020 08:46:38.298 GMT-0500,1788.622,1786.0079999999998,0.002,0.002
18.03.2020 08:46:38.768 GMT-0500,1788.622,1786.5370000000003,0.0008,0.0008
18.03.2020 08:46:38.869 GMT-0500,1788.6620000000003,1786.538,0.002,0.002
18.03.2020 08:46:38.919 GMT-0500,1788.6229999999998,1786.5370000000003,0.002,0.002
18.03.2020 08:46:39.066 GMT-0500,1788.6029999999998,1786.0079999999998,0.002,0.0008
18.03.2020 08:46:39.897 GMT-0500,1788.602,1786.0079999999998,0.002,0.002
18.03.2020 08:46:40.009 GMT-0500,1788.5829999999999,1786.028,0.002,0.0008
18.03.2020 08:46:40.180 GMT-0500,1788.5629999999999,1784.9979999999998,0.002,0.002
18.03.2020 08:46:40.230 GMT-0500,1788.5420000000001,1784.9979999999998,0.002,0.002
18.03.2020 08:46:40.560 GMT-0500,1788.5420000000001,1786.058,0.002,0.0008
18.03.2020 08:46:41.085 GMT-0500,1788.6620000000003,1786.368,0.002,0.002
18.03.2020 08:46:41.649 GMT-0500,1788.6620000000003,1786.5370000000003,0.0008,0.0008
18.03.2020 08:46:43.016 GMT-0500,1788.663,1786.5370000000003,0.002,0.002
18.03.2020 08:46:44.959 GMT-0500,1788.663,1786.558,0.002,0.0008
18.03.2020 08:46:45.059 GMT-0500,1788.543,1786.158,0.002,0.0008
18.03.2020 08:46:45.188 GMT-0500,1788.543,1786.158,0.002,0.002
18.03.2020 08:46:45.239 GMT-0500,1788.543,1786.1570000000002,0.002,0.002
18.03.2020 08:46:45.598 GMT-0500,1788.6620000000003,1786.1570000000002,0.0008,0.002
18.03.2020 08:46:47.352 GMT-0500,1788.653,1786.1570000000002,0.0008,0.002
18.03.2020 08:46:48.404 GMT-0500,1788.653,1786.158,0.002,0.0008
18.03.2020 08:46:48.455 GMT-0500,1788.653,1786.158,0.002,0.0008
18.03.2020 08:46:48.651 GMT-0500,1788.653,1787.2079999999999,0.002,0.0008
18.03.2020 08:46:49.597 GMT-0500,1788.653,1786.158,0.002,0.0008
18.03.2020 08:46:49.908 GMT-0500,1788.653,1787.1979999999999,0.002,0.0008
18.03.2020 08:46:50.945 GMT-0500,1788.653,1787.1979999999999,0.002,0.002
18.03.2020 08:46:51.229 GMT-0500,1791.003,1787.8070000000002,0.002,0.002
18.03.2020 08:46:52.079 GMT-0500,1791.0020000000002,1787.3470000000002,0.0008,0.002
18.03.2020 08:46:52.663 GMT-0500,1791.0020000000002,1787.348,0.002,0.002
18.03.2020 08:46:52.829 GMT-0500,1791.0020000000002,1787.0670000000002,0.0008,0.002
18.03.2020 08:46:53.331 GMT-0500,1787.783,1786.158,0.0008,0.0008
18.03.2020 08:46:53.584 GMT-0500,1787.783,1786.1570000000002,0.0008,0.002
18.03.2020 08:46:54.547 GMT-0500,1787.443,1786.1570000000002,0.002,0.002
18.03.2020 08:46:54.676 GMT-0500,1787.8500000000001,1786.7970000000003,0.0008,0.0008
18.03.2020 08:46:54.727 GMT-0500,1789.3829999999998,1786.8170000000002,0.002,0.002
18.03.2020 08:46:54.778 GMT-0500,1789.382,1787.0079999999998,0.002,0.002
18.03.2020 08:46:54.829 GMT-0500,1791.0020000000002,1787.007,0.0008,0.002
18.03.2020 08:46:55.300 GMT-0500,1788.993,1787.007,0.0008,0.0008
18.03.2020 08:46:55.350 GMT-0500,1788.993,1786.997,0.002,0.002
18.03.2020 08:46:55.998 GMT-0500,1788.4720000000002,1786.997,0.0008,0.0008
18.03.2020 08:46:56.048 GMT-0500,1788.4720000000002,1786.298,0.002,0.002
18.03.2020 08:46:57.185 GMT-0500,1787.9820000000002,1786.158,0.002,0.002
18.03.2020 08:46:58.449 GMT-0500,1791.003,1787.0079999999998,0.002,0.0008
18.03.2020 08:46:59.951 GMT-0500,1791.0020000000002,1787.0079999999998,0.002,0.002
18.03.2020 08:47:00.329 GMT-0500,1791.003,1787.027,0.002,0.002
18.03.2020 08:47:01.383 GMT-0500,1791.003,1788.318,0.002,0.0008
18.03.2020 08:47:01.852 GMT-0500,1791.003,1788.318,0.002,0.002
18.03.2020 08:47:02.244 GMT-0500,1791.003,1789.0079999999998,0.002,0.002
18.03.2020 08:47:02.294 GMT-0500,1791.0020000000002,1789.007,0.0008,0.002
18.03.2020 08:47:03.052 GMT-0500,1791.0020000000002,1789.997,0.0008,0.0008
18.03.2020 08:47:03.103 GMT-0500,1791.402,1789.997,0.0008,0.002
18.03.2020 08:47:04.048 GMT-0500,1791.402,1789.298,0.002,0.002
18.03.2020 08:47:04.516 GMT-0500,1791.403,1789.338,0.002,0.0008
18.03.2020 08:47:06.702 GMT-0500,1791.403,1789.358,0.002,0.0008
18.03.2020 08:47:06.904 GMT-0500,1791.403,1789.378,0.002,0.0008
18.03.2020 08:47:07.613 GMT-0500,1792.4420000000002,1789.658,0.002,0.002
18.03.2020 08:47:08.368 GMT-0500,1792.2820000000002,1789.658,0.0008,0.002
18.03.2020 08:47:08.552 GMT-0500,1792.2820000000002,1789.2970000000003,0.002,0.002
18.03.2020 08:47:08.602 GMT-0500,1791.993,1789.2970000000003,0.002,0.002
18.03.2020 08:47:09.470 GMT-0500,1791.993,1789.2970000000003,0.002,0.002
18.03.2020 08:47:09.727 GMT-0500,1791.9620000000002,1789.2970000000003,0.002,0.002
18.03.2020 08:47:10.936 GMT-0500,1791.0020000000002,1787.568,0.002,0.0008
18.03.2020 08:47:11.224 GMT-0500,1790.2120000000002,1787.568,0.0008,0.002
18.03.2020 08:47:11.898 GMT-0500,1789.923,1786.1570000000002,0.0008,0.002
18.03.2020 08:47:12.108 GMT-0500,1789.9220000000003,1786.158,0.002,0.002
18.03.2020 08:47:12.336 GMT-0500,1788.832,1786.158,0.002,0.002
18.03.2020 08:47:13.127 GMT-0500,1788.023,1786.158,0.0008,0.0008
18.03.2020 08:47:13.177 GMT-0500,1788.7820000000002,1786.1570000000002,0.0008,0.002
18.03.2020 08:47:13.227 GMT-0500,1788.783,1786.9979999999998,0.002,0.0008
18.03.2020 08:47:13.547 GMT-0500,1789.033,1786.9979999999998,0.002,0.002
18.03.2020 08:47:13.598 GMT-0500,1789.033,1787.018,0.002,0.0008
18.03.2020 08:47:13.741 GMT-0500,1789.033,1787.018,0.0008,0.0008
18.03.2020 08:47:14.035 GMT-0500,1789.0220000000002,1787.018,0.0008,0.002
18.03.2020 08:47:14.549 GMT-0500,1789.0520000000001,1787.018,0.002,0.002
18.03.2020 08:47:17.936 GMT-0500,1790.753,1788.0079999999998,0.002,0.0008
18.03.2020 08:47:18.104 GMT-0500,1790.753,1788.017,0.002,0.0008
18.03.2020 08:47:18.276 GMT-0500,1790.763,1788.017,0.002,0.002
18.03.2020 08:47:18.329 GMT-0500,1790.763,1788.028,0.002,0.0008
18.03.2020 08:47:18.379 GMT-0500,1790.2620000000002,1788.027,0.0008,0.002
18.03.2020 08:47:18.429 GMT-0500,1790.7620000000002,1788.028,0.002,0.002
18.03.2020 08:47:18.779 GMT-0500,1790.092,1788.028,0.0008,0.002
18.03.2020 08:47:18.829 GMT-0500,1790.092,1786.1570000000002,0.0008,0.002
18.03.2020 08:47:18.948 GMT-0500,1790.6329999999998,1787.638,0.002,0.0008
18.03.2020 08:47:19.048 GMT-0500,1789.9220000000003,1786.1570000000002,0.0008,0.002
18.03.2020 08:47:19.746 GMT-0500,1789.923,1786.1570000000002,0.002,0.002
18.03.2020 08:47:20.162 GMT-0500,1789.923,1787.9479999999999,0.0008,0.0008
18.03.2020 08:47:20.212 GMT-0500,1790.6229999999998,1787.9479999999999,0.002,0.0008
18.03.2020 08:47:20.996 GMT-0500,1790.622,1788.027,0.0008,0.0008
18.03.2020 08:47:21.356 GMT-0500,1790.622,1788.0370000000003,0.002,0.0008
18.03.2020 08:47:21.676 GMT-0500,1790.0929999999998,1788.028,0.002,0.002
18.03.2020 08:47:21.728 GMT-0500,1790.092,1788.028,0.002,0.002
18.03.2020 08:47:21.873 GMT-0500,1789.663,1786.1570000000002,0.002,0.002
18.03.2020 08:47:21.989 GMT-0500,1789.643,1786.1570000000002,0.0008,0.002
