Local time,Ask,Bid,AskVolume,BidVolume
24.03.2020 08:30:00.274 GMT-0500,1952.983,1951.007,0.002,0.002
24.03.2020 08:30:01.306 GMT-0500,1952.983,1951.9879999999998,0.0008,0.0008
24.03.2020 08:30:01.356 GMT-0500,1955.0020000000002,1951.007,0.0008,0.002
24.03.2020 08:30:01.417 GMT-0500,1955.0020000000002,1952.007,0.0008,0.0008
24.03.2020 08:30:01.518 GMT-0500,1950.582,1947.9979999999998,0.002,0.002
24.03.2020 08:30:01.692 GMT-0500,1949.9920000000002,1948.018,0.002,0.002
24.03.2020 08:30:01.929 GMT-0500,1949.9120000000003,1948.018,0.002,0.002
24.03.2020 08:30:02.037 GMT-0500,1950.003,1948.618,0.002,0.0008
24.03.2020 08:30:02.088 GMT-0500,1949.993,1948.1979999999999,0.002,0.0008
24.03.2020 08:30:02.188 GMT-0500,1949.723,1948.1979999999999,0.002,0.0008
24.03.2020 08:30:02.238 GMT-0500,1948.0120000000002,1946.6979999999999,0.002,0.002
24.03.2020 08:30:02.289 GMT-0500,1948.0320000000002,1946.6979999999999,0.002,0.002
24.03.2020 08:30:02.414 GMT-0500,1948.8529999999998,1947.078,0.0008,0.0008
24.03.2020 08:30:02.521 GMT-0500,1948.852,1948.007,0.0008,0.0008
24.03.2020 08:30:02.572 GMT-0500,1949.9920000000002,1948.348,0.002,0.002
24.03.2020 08:30:02.622 GMT-0500,1949.4720000000002,1948.348,0.002,0.002
24.03.2020 08:30:02.672 GMT-0500,1947.102,1945.1070000000002,0.0008,0.002
24.03.2020 08:30:03.119 GMT-0500,1947.402,1946.1979999999999,0.002,0.002
24.03.2020 08:30:03.246 GMT-0500,1947.402,1947.2179999999998,0.002,0.002
24.03.2020 08:30:03.380 GMT-0500,1947.403,1946.1979999999999,0.002,0.0008
24.03.2020 08:30:03.481 GMT-0500,1946.6820000000002,1945.0970000000002,0.0008,0.002
24.03.2020 08:30:03.815 GMT-0500,1946.6820000000002,1944.9979999999998,0.002,0.002
24.03.2020 08:30:03.865 GMT-0500,1945.3829999999998,1941.6970000000001,0.002,0.002
24.03.2020 08:30:03.998 GMT-0500,1945.3829999999998,1944.0079999999998,0.002,0.0008
24.03.2020 08:30:04.185 GMT-0500,1945.3829999999998,1941.6970000000001,0.002,0.002
24.03.2020 08:30:05.365 GMT-0500,1945.3829999999998,1941.6970000000001,0.002,0.002
24.03.2020 08:30:05.556 GMT-0500,1943.443,1939.9979999999998,0.002,0.002
24.03.2020 08:30:05.606 GMT-0500,1941.862,1939.9979999999998,0.002,0.002
24.03.2020 08:30:05.725 GMT-0500,1941.862,1941.0079999999998,0.0008,0.0008
24.03.2020 08:30:05.775 GMT-0500,1942.892,1941.0079999999998,0.002,0.002
24.03.2020 08:30:06.006 GMT-0500,1942.893,1940.9979999999998,0.002,0.0008
24.03.2020 08:30:07.236 GMT-0500,1942.1820000000002,1940.9979999999998,0.0008,0.002
24.03.2020 08:30:07.287 GMT-0500,1942.013,1939.997,0.002,0.002
24.03.2020 08:30:07.416 GMT-0500,1941.2520000000002,1939.997,0.0008,0.002
24.03.2020 08:30:07.466 GMT-0500,1941.2620000000002,1937.908,0.002,0.002
24.03.2020 08:30:07.837 GMT-0500,1941.2620000000002,1937.9070000000002,0.002,0.002
24.03.2020 08:30:08.205 GMT-0500,1940.9920000000002,1939.207,0.0008,0.0008
24.03.2020 08:30:09.555 GMT-0500,1940.9920000000002,1937.9879999999998,0.002,0.002
24.03.2020 08:30:10.209 GMT-0500,1940.973,1937.9879999999998,0.002,0.0008
24.03.2020 08:30:10.657 GMT-0500,1940.973,1937.987,0.002,0.002
24.03.2020 08:30:11.108 GMT-0500,1940.4920000000002,1940.328,0.0008,0.0008
24.03.2020 08:30:11.158 GMT-0500,1940.7620000000002,1937.9879999999998,0.002,0.002
24.03.2020 08:30:11.369 GMT-0500,1940.7620000000002,1937.9879999999998,0.002,0.002
24.03.2020 08:30:11.492 GMT-0500,1940.273,1937.9879999999998,0.0008,0.0008
24.03.2020 08:30:12.282 GMT-0500,1940.273,1937.987,0.002,0.002
24.03.2020 08:30:12.527 GMT-0500,1939.372,1937.778,0.002,0.002
24.03.2020 08:30:12.627 GMT-0500,1938.4920000000002,1936.3470000000002,0.0008,0.002
24.03.2020 08:30:12.678 GMT-0500,1938.4920000000002,1934.997,0.0008,0.002
24.03.2020 08:30:12.728 GMT-0500,1938.493,1937.1879999999999,0.002,0.0008
24.03.2020 08:30:12.873 GMT-0500,1938.7620000000002,1937.1870000000001,0.0008,0.002
24.03.2020 08:30:13.194 GMT-0500,1938.902,1937.1870000000001,0.002,0.002
24.03.2020 08:30:13.393 GMT-0500,1938.5520000000001,1937.1879999999999,0.002,0.002
24.03.2020 08:30:13.692 GMT-0500,1938.5520000000001,1936.388,0.002,0.002
24.03.2020 08:30:20.254 GMT-0500,1938.9220000000003,1936.388,0.002,0.002
24.03.2020 08:30:20.304 GMT-0500,1937.2720000000002,1936.0770000000002,0.0008,0.002
24.03.2020 08:30:20.914 GMT-0500,1936.673,1936.078,0.0008,0.0008
24.03.2020 08:30:21.048 GMT-0500,1936.673,1934.9979999999998,0.002,0.002
24.03.2020 08:30:21.099 GMT-0500,1936.4320000000002,1934.9979999999998,0.002,0.002
24.03.2020 08:30:21.732 GMT-0500,1936.773,1935.598,0.002,0.0008
24.03.2020 08:30:21.873 GMT-0500,1936.9220000000003,1935.5970000000002,0.0008,0.002
24.03.2020 08:30:22.053 GMT-0500,1936.973,1935.5970000000002,0.002,0.002
24.03.2020 08:30:23.208 GMT-0500,1936.973,1935.598,0.0008,0.0008
24.03.2020 08:30:23.904 GMT-0500,1936.973,1935.598,0.002,0.0008
24.03.2020 08:30:24.383 GMT-0500,1936.973,1935.5970000000002,0.0008,0.002
24.03.2020 08:30:24.434 GMT-0500,1936.983,1935.5970000000002,0.002,0.002
24.03.2020 08:30:24.889 GMT-0500,1938.4920000000002,1936.497,0.0008,0.002
24.03.2020 08:30:24.946 GMT-0500,1938.913,1936.4979999999998,0.002,0.0008
24.03.2020 08:30:24.997 GMT-0500,1938.3329999999999,1936.4979999999998,0.002,0.0008
24.03.2020 08:30:25.415 GMT-0500,1938.3229999999999,1936.4979999999998,0.0008,0.0008
24.03.2020 08:30:25.516 GMT-0500,1938.3229999999999,1936.4979999999998,0.002,0.0008
24.03.2020 08:30:25.817 GMT-0500,1938.3329999999999,1936.4979999999998,0.002,0.0008
24.03.2020 08:30:25.868 GMT-0500,1938.3229999999999,1936.497,0.002,0.002
24.03.2020 08:30:25.991 GMT-0500,1938.3220000000001,1936.497,0.0008,0.002
24.03.2020 08:30:27.236 GMT-0500,1938.0520000000001,1935.8870000000002,0.0008,0.002
24.03.2020 08:30:27.650 GMT-0500,1938.0420000000001,1935.8870000000002,0.0008,0.002
24.03.2020 08:30:28.450 GMT-0500,1938.043,1936.007,0.002,0.002
24.03.2020 08:30:28.971 GMT-0500,1938.0620000000001,1936.0079999999998,0.002,0.002
24.03.2020 08:30:29.022 GMT-0500,1938.0529999999999,1936.497,0.002,0.002
24.03.2020 08:30:29.571 GMT-0500,1938.0520000000001,1936.497,0.0008,0.002
24.03.2020 08:30:29.736 GMT-0500,1938.9120000000003,1936.497,0.002,0.002
24.03.2020 08:30:29.786 GMT-0500,1940.4320000000002,1939.227,0.0008,0.002
24.03.2020 08:30:29.843 GMT-0500,1941.5829999999999,1939.8370000000002,0.002,0.002
24.03.2020 08:30:30.202 GMT-0500,1941.5829999999999,1940.007,0.002,0.0008
24.03.2020 08:30:30.890 GMT-0500,1941.582,1940.007,0.0008,0.002
24.03.2020 08:30:30.941 GMT-0500,1941.7220000000002,1940.007,0.0008,0.002
24.03.2020 08:30:31.039 GMT-0500,1941.723,1940.158,0.002,0.0008
24.03.2020 08:30:31.338 GMT-0500,1941.7220000000002,1940.158,0.002,0.002
24.03.2020 08:30:31.389 GMT-0500,1942.5320000000002,1941.4779999999998,0.002,0.002
24.03.2020 08:30:31.562 GMT-0500,1942.5220000000002,1940.957,0.0008,0.002
24.03.2020 08:30:34.867 GMT-0500,1943.332,1940.957,0.0008,0.002
24.03.2020 08:30:47.056 GMT-0500,1943.0520000000001,1940.028,0.002,0.002
24.03.2020 08:30:47.566 GMT-0500,1943.0529999999999,1940.9879999999998,0.002,0.0008
24.03.2020 08:30:47.758 GMT-0500,1943.0529999999999,1940.1970000000001,0.002,0.002
24.03.2020 08:30:47.809 GMT-0500,1942.4620000000002,1940.1979999999999,0.002,0.002
24.03.2020 08:30:47.982 GMT-0500,1942.2920000000001,1940.027,0.0008,0.002
24.03.2020 08:30:48.033 GMT-0500,1942.463,1940.027,0.002,0.002
24.03.2020 08:30:48.569 GMT-0500,1942.4520000000002,1940.027,0.0008,0.002
24.03.2020 08:30:50.003 GMT-0500,1942.4520000000002,1940.538,0.0008,0.0008
24.03.2020 08:30:50.054 GMT-0500,1942.4620000000002,1940.538,0.002,0.002
24.03.2020 08:30:50.658 GMT-0500,1943.0520000000001,1940.538,0.002,0.002
24.03.2020 08:30:50.708 GMT-0500,1943.0520000000001,1941.507,0.0008,0.002
24.03.2020 08:30:57.662 GMT-0500,1945.0929999999998,1942.007,0.002,0.002
24.03.2020 08:30:57.827 GMT-0500,1944.8129999999999,1942.007,0.0008,0.002
24.03.2020 08:30:57.878 GMT-0500,1944.7420000000002,1942.007,0.0008,0.002
24.03.2020 08:30:57.984 GMT-0500,1944.743,1942.6170000000002,0.002,0.002
24.03.2020 08:30:58.085 GMT-0500,1946.183,1942.6170000000002,0.002,0.002
24.03.2020 08:30:58.280 GMT-0500,1946.1820000000002,1943.0570000000002,0.0008,0.002
24.03.2020 08:30:58.389 GMT-0500,1945.533,1943.0570000000002,0.002,0.002
24.03.2020 08:30:59.134 GMT-0500,1944.713,1943.0670000000002,0.002,0.002
24.03.2020 08:30:59.515 GMT-0500,1945.1979999999999,1943.0670000000002,0.0008,0.002
24.03.2020 08:30:59.753 GMT-0500,1944.122,1943.068,0.002,0.002
24.03.2020 08:31:02.517 GMT-0500,1946.143,1945.0079999999998,0.002,0.0008
24.03.2020 08:31:02.568 GMT-0500,1945.5829999999999,1943.4279999999999,0.002,0.0008
24.03.2020 08:31:02.961 GMT-0500,1945.582,1943.4279999999999,0.002,0.002
24.03.2020 08:31:03.099 GMT-0500,1945.2620000000002,1943.4279999999999,0.0008,0.002
24.03.2020 08:31:03.723 GMT-0500,1945.263,1943.4470000000001,0.002,0.002
24.03.2020 08:31:04.427 GMT-0500,1945.2620000000002,1943.4470000000001,0.0008,0.0008
24.03.2020 08:31:04.478 GMT-0500,1945.2620000000002,1943.4379999999999,0.002,0.002
24.03.2020 08:31:05.889 GMT-0500,1945.263,1943.457,0.002,0.0008
24.03.2020 08:31:06.409 GMT-0500,1945.2620000000002,1943.4579999999999,0.002,0.002
24.03.2020 08:31:07.406 GMT-0500,1947.9920000000002,1946.0079999999998,0.002,0.002
24.03.2020 08:31:07.979 GMT-0500,1950.003,1946.007,0.002,0.002
24.03.2020 08:31:08.663 GMT-0500,1950.003,1946.007,0.002,0.002
24.03.2020 08:31:10.906 GMT-0500,1948.7720000000002,1945.027,0.0008,0.002
24.03.2020 08:31:11.057 GMT-0500,1948.773,1945.487,0.002,0.002
24.03.2020 08:31:11.281 GMT-0500,1948.773,1945.247,0.002,0.002
24.03.2020 08:31:11.331 GMT-0500,1948.773,1945.257,0.002,0.002
24.03.2020 08:31:11.565 GMT-0500,1948.773,1945.257,0.002,0.002
24.03.2020 08:31:11.807 GMT-0500,1948.773,1945.048,0.002,0.002
24.03.2020 08:31:11.857 GMT-0500,1948.7720000000002,1945.048,0.002,0.002
24.03.2020 08:31:11.907 GMT-0500,1948.7720000000002,1945.568,0.002,0.002
24.03.2020 08:31:12.121 GMT-0500,1948.7720000000002,1946.007,0.0008,0.0008
24.03.2020 08:31:13.052 GMT-0500,1948.763,1946.007,0.0008,0.002
24.03.2020 08:31:13.593 GMT-0500,1948.763,1945.5870000000002,0.002,0.002
24.03.2020 08:31:13.643 GMT-0500,1946.5020000000002,1944.007,0.0008,0.002
24.03.2020 08:31:14.531 GMT-0500,1943.903,1940.7870000000003,0.002,0.002
24.03.2020 08:31:14.606 GMT-0500,1943.903,1940.788,0.002,0.0008
24.03.2020 08:31:14.919 GMT-0500,1944.793,1941.888,0.002,0.0008
24.03.2020 08:31:15.788 GMT-0500,1943.9920000000002,1941.8870000000002,0.0008,0.002
24.03.2020 08:31:15.839 GMT-0500,1943.993,1941.8870000000002,0.002,0.002
24.03.2020 08:31:15.889 GMT-0500,1943.993,1941.9879999999998,0.002,0.0008
24.03.2020 08:31:16.021 GMT-0500,1943.993,1940.8070000000002,0.002,0.002
24.03.2020 08:31:16.322 GMT-0500,1943.9920000000002,1940.8070000000002,0.0008,0.002
24.03.2020 08:31:16.664 GMT-0500,1943.993,1942.007,0.002,0.002
24.03.2020 08:31:17.339 GMT-0500,1943.9920000000002,1942.048,0.002,0.002
24.03.2020 08:31:18.271 GMT-0500,1943.993,1940.7579999999998,0.002,0.0008
24.03.2020 08:31:18.345 GMT-0500,1943.9920000000002,1940.7579999999998,0.002,0.002
24.03.2020 08:31:19.349 GMT-0500,1943.8129999999999,1941.618,0.002,0.0008
24.03.2020 08:31:19.661 GMT-0500,1943.543,1941.618,0.0008,0.0008
24.03.2020 08:31:19.711 GMT-0500,1943.543,1940.7579999999998,0.002,0.0008
24.03.2020 08:31:19.812 GMT-0500,1943.543,1941.398,0.002,0.0008
24.03.2020 08:31:20.114 GMT-0500,1943.543,1940.7579999999998,0.002,0.002
24.03.2020 08:31:20.165 GMT-0500,1943.543,1940.7579999999998,0.002,0.0008
24.03.2020 08:31:20.215 GMT-0500,1943.543,1941.6070000000002,0.002,0.002
24.03.2020 08:31:20.945 GMT-0500,1943.543,1940.757,0.002,0.002
24.03.2020 08:31:20.995 GMT-0500,1942.1820000000002,1940.007,0.0008,0.002
24.03.2020 08:31:21.249 GMT-0500,1943.543,1940.7870000000003,0.002,0.002
24.03.2020 08:31:22.042 GMT-0500,1943.543,1940.808,0.002,0.0008
24.03.2020 08:31:22.093 GMT-0500,1943.543,1940.788,0.002,0.0008
24.03.2020 08:31:22.143 GMT-0500,1943.132,1940.808,0.002,0.002
24.03.2020 08:31:23.435 GMT-0500,1943.132,1940.8270000000002,0.0008,0.0008
24.03.2020 08:31:23.536 GMT-0500,1942.5629999999999,1940.8170000000002,0.002,0.002
24.03.2020 08:31:24.436 GMT-0500,1942.5629999999999,1940.788,0.002,0.0008
24.03.2020 08:31:24.813 GMT-0500,1942.5629999999999,1940.828,0.002,0.0008
24.03.2020 08:31:25.073 GMT-0500,1943.773,1941.6970000000001,0.0008,0.0008
24.03.2020 08:31:25.280 GMT-0500,1943.2720000000002,1941.5870000000002,0.0008,0.002
24.03.2020 08:31:25.457 GMT-0500,1942.0020000000002,1940.7870000000003,0.0008,0.002
24.03.2020 08:31:25.507 GMT-0500,1943.0520000000001,1940.9370000000001,0.0008,0.002
24.03.2020 08:31:27.245 GMT-0500,1943.233,1941.518,0.002,0.0008
24.03.2020 08:31:28.501 GMT-0500,1943.233,1940.9470000000001,0.002,0.002
24.03.2020 08:31:29.184 GMT-0500,1942.102,1940.9470000000001,0.0008,0.0008
24.03.2020 08:31:29.235 GMT-0500,1941.4420000000002,1940.1570000000002,0.0008,0.002
24.03.2020 08:31:29.992 GMT-0500,1940.382,1939.0079999999998,0.002,0.002
24.03.2020 08:31:30.246 GMT-0500,1940.132,1937.378,0.002,0.002
24.03.2020 08:31:30.443 GMT-0500,1940.132,1938.618,0.002,0.0008
24.03.2020 08:31:30.544 GMT-0500,1939.993,1935.997,0.002,0.002
24.03.2020 08:31:30.879 GMT-0500,1941.2720000000002,1939.3070000000002,0.0008,0.002
24.03.2020 08:31:31.280 GMT-0500,1941.2720000000002,1939.3270000000002,0.0008,0.0008
24.03.2020 08:31:32.393 GMT-0500,1941.273,1939.9979999999998,0.002,0.0008
24.03.2020 08:31:32.677 GMT-0500,1941.2720000000002,1940.007,0.0008,0.0008
24.03.2020 08:31:32.825 GMT-0500,1941.273,1940.0079999999998,0.0008,0.0008
24.03.2020 08:31:32.925 GMT-0500,1942.5720000000001,1940.2579999999998,0.002,0.002
24.03.2020 08:31:33.757 GMT-0500,1942.933,1940.257,0.002,0.002
24.03.2020 08:31:35.247 GMT-0500,1942.5720000000001,1940.257,0.0008,0.002
24.03.2020 08:31:35.521 GMT-0500,1942.5020000000002,1940.257,0.0008,0.002
24.03.2020 08:31:36.297 GMT-0500,1942.503,1940.278,0.002,0.0008
24.03.2020 08:31:36.666 GMT-0500,1942.5020000000002,1940.278,0.002,0.002
24.03.2020 08:31:37.370 GMT-0500,1942.2820000000002,1940.298,0.002,0.002
24.03.2020 08:31:40.509 GMT-0500,1945.9920000000002,1944.268,0.002,0.002
24.03.2020 08:31:41.669 GMT-0500,1946.7920000000001,1944.4679999999998,0.0008,0.0008
24.03.2020 08:31:45.359 GMT-0500,1945.683,1943.497,0.0008,0.002
24.03.2020 08:31:46.282 GMT-0500,1944.193,1943.7079999999999,0.0008,0.0008
24.03.2020 08:31:46.332 GMT-0500,1944.7320000000002,1942.1970000000001,0.0008,0.002
24.03.2020 08:31:46.383 GMT-0500,1944.7220000000002,1942.1979999999999,0.002,0.002
24.03.2020 08:31:47.160 GMT-0500,1944.723,1942.1879999999999,0.002,0.0008
24.03.2020 08:31:47.391 GMT-0500,1944.723,1942.1879999999999,0.002,0.002
24.03.2020 08:31:48.338 GMT-0500,1944.723,1943.0079999999998,0.002,0.0008
24.03.2020 08:31:52.363 GMT-0500,1945.993,1944.7079999999999,0.002,0.0008
24.03.2020 08:31:52.556 GMT-0500,1945.993,1944.007,0.002,0.002
24.03.2020 08:31:52.606 GMT-0500,1945.993,1944.007,0.002,0.002
24.03.2020 08:31:54.031 GMT-0500,1946.923,1945.497,0.002,0.002
24.03.2020 08:31:54.786 GMT-0500,1946.9220000000003,1945.497,0.0008,0.0008
24.03.2020 08:31:54.837 GMT-0500,1946.9220000000003,1944.9979999999998,0.002,0.002
24.03.2020 08:31:55.499 GMT-0500,1945.9920000000002,1944.915,0.0008,0.0008
24.03.2020 08:31:55.550 GMT-0500,1946.913,1944.9979999999998,0.002,0.0008
24.03.2020 08:31:57.287 GMT-0500,1947.7820000000002,1945.9270000000001,0.0008,0.002
24.03.2020 08:31:57.454 GMT-0500,1946.463,1944.957,0.002,0.002
24.03.2020 08:31:57.555 GMT-0500,1945.332,1943.558,0.002,0.002
24.03.2020 08:31:57.605 GMT-0500,1944.773,1943.558,0.002,0.0008
24.03.2020 08:31:57.656 GMT-0500,1944.973,1943.568,0.002,0.0008
24.03.2020 08:31:58.195 GMT-0500,1944.973,1943.5570000000002,0.002,0.002
24.03.2020 08:31:58.246 GMT-0500,1944.9720000000002,1943.5570000000002,0.0008,0.002
24.03.2020 08:31:58.922 GMT-0500,1945.9920000000002,1944.277,0.0008,0.002
24.03.2020 08:31:59.240 GMT-0500,1946.882,1944.8170000000002,0.0008,0.002
24.03.2020 08:31:59.703 GMT-0500,1948.2320000000002,1944.8170000000002,0.002,0.002
24.03.2020 08:31:59.754 GMT-0500,1948.1620000000003,1945.0079999999998,0.002,0.002
24.03.2020 08:31:59.804 GMT-0500,1948.152,1945.0079999999998,0.002,0.002
24.03.2020 08:32:00.188 GMT-0500,1948.1920000000002,1945.0079999999998,0.002,0.002
24.03.2020 08:32:00.310 GMT-0500,1946.993,1945.0079999999998,0.0008,0.002
24.03.2020 08:32:00.949 GMT-0500,1946.993,1945.588,0.002,0.0008
24.03.2020 08:32:00.999 GMT-0500,1946.993,1945.1570000000002,0.002,0.002
24.03.2020 08:32:01.611 GMT-0500,1946.993,1945.158,0.002,0.0008
24.03.2020 08:32:02.041 GMT-0500,1947.153,1946.6779999999999,0.0008,0.0008
24.03.2020 08:32:02.091 GMT-0500,1950.003,1946.6879999999999,0.002,0.0008
24.03.2020 08:32:02.241 GMT-0500,1950.003,1946.6870000000001,0.002,0.002
24.03.2020 08:32:02.426 GMT-0500,1947.973,1945.588,0.002,0.0008
24.03.2020 08:32:03.158 GMT-0500,1947.963,1945.588,0.0008,0.002
24.03.2020 08:32:05.294 GMT-0500,1950.003,1947.598,0.002,0.0008
24.03.2020 08:32:06.066 GMT-0500,1948.8020000000001,1947.598,0.0008,0.002
24.03.2020 08:32:06.116 GMT-0500,1950.003,1947.608,0.002,0.0008
24.03.2020 08:32:06.279 GMT-0500,1950.003,1947.6070000000002,0.002,0.002
24.03.2020 08:32:06.330 GMT-0500,1950.0020000000002,1947.6070000000002,0.0008,0.002
24.03.2020 08:32:06.707 GMT-0500,1948.963,1947.608,0.002,0.0008
24.03.2020 08:32:06.919 GMT-0500,1948.963,1946.778,0.002,0.0008
24.03.2020 08:32:07.372 GMT-0500,1948.9620000000002,1946.778,0.002,0.002
24.03.2020 08:32:07.622 GMT-0500,1948.9620000000002,1947.788,0.0008,0.0008
24.03.2020 08:32:07.672 GMT-0500,1950.003,1947.7970000000003,0.002,0.002
24.03.2020 08:32:10.297 GMT-0500,1950.003,1947.798,0.002,0.0008
24.03.2020 08:32:10.398 GMT-0500,1947.8229999999999,1945.588,0.002,0.0008
24.03.2020 08:32:10.804 GMT-0500,1947.8229999999999,1946.707,0.0008,0.0008
24.03.2020 08:32:10.854 GMT-0500,1948.862,1946.707,0.0008,0.002
24.03.2020 08:32:10.970 GMT-0500,1950.0020000000002,1946.707,0.002,0.002
24.03.2020 08:32:11.432 GMT-0500,1950.003,1947.1070000000002,0.002,0.002
24.03.2020 08:32:11.528 GMT-0500,1950.003,1947.1070000000002,0.002,0.002
24.03.2020 08:32:12.509 GMT-0500,1952.622,1949.578,0.002,0.002
24.03.2020 08:32:12.559 GMT-0500,1952.0020000000002,1949.5770000000002,0.0008,0.002
24.03.2020 08:32:12.726 GMT-0500,1952.0020000000002,1949.6470000000002,0.0008,0.002
24.03.2020 08:32:13.040 GMT-0500,1952.0020000000002,1949.6470000000002,0.0008,0.002
24.03.2020 08:32:13.475 GMT-0500,1950.9920000000002,1950.0770000000002,0.0008,0.0008
24.03.2020 08:32:13.525 GMT-0500,1950.9920000000002,1949.658,0.002,0.002
24.03.2020 08:32:14.076 GMT-0500,1950.3229999999999,1948.1070000000002,0.002,0.002
24.03.2020 08:32:14.176 GMT-0500,1950.1820000000002,1948.028,0.002,0.002
24.03.2020 08:32:14.641 GMT-0500,1949.6620000000003,1948.0370000000003,0.0008,0.002
24.03.2020 08:32:16.003 GMT-0500,1950.183,1948.0370000000003,0.002,0.002
24.03.2020 08:32:16.053 GMT-0500,1950.183,1948.858,0.002,0.0008
24.03.2020 08:32:16.645 GMT-0500,1950.183,1948.858,0.0008,0.0008
24.03.2020 08:32:16.818 GMT-0500,1952.003,1948.858,0.002,0.002
24.03.2020 08:32:16.868 GMT-0500,1950.9820000000002,1949.768,0.002,0.002
24.03.2020 08:32:17.228 GMT-0500,1949.9220000000003,1949.73,0.0008,0.0008
24.03.2020 08:32:17.278 GMT-0500,1949.9220000000003,1948.2479999999998,0.002,0.002
24.03.2020 08:32:19.341 GMT-0500,1949.9220000000003,1948.2279999999998,0.002,0.002
24.03.2020 08:32:20.348 GMT-0500,1948.423,1947.4479999999999,0.002,0.0008
24.03.2020 08:32:20.650 GMT-0500,1948.423,1944.8770000000002,0.002,0.002
24.03.2020 08:32:22.780 GMT-0500,1949.953,1948.138,0.002,0.0008
24.03.2020 08:32:22.982 GMT-0500,1949.9520000000002,1948.138,0.002,0.002
24.03.2020 08:32:23.250 GMT-0500,1952.0020000000002,1948.1570000000002,0.0008,0.002
24.03.2020 08:32:23.382 GMT-0500,1950.9820000000002,1948.1570000000002,0.0008,0.002
24.03.2020 08:32:23.772 GMT-0500,1950.983,1948.9579999999999,0.002,0.0008
24.03.2020 08:32:25.136 GMT-0500,1950.632,1948.4070000000002,0.0008,0.002
24.03.2020 08:32:25.228 GMT-0500,1950.632,1948.6970000000001,0.0008,0.002
24.03.2020 08:32:25.520 GMT-0500,1950.4920000000002,1948.6970000000001,0.0008,0.002
24.03.2020 08:32:27.076 GMT-0500,1950.4920000000002,1948.7079999999999,0.002,0.002
24.03.2020 08:32:27.455 GMT-0500,1950.612,1948.7079999999999,0.002,0.002
24.03.2020 08:32:27.505 GMT-0500,1950.6129999999998,1948.7079999999999,0.002,0.002
24.03.2020 08:32:28.316 GMT-0500,1950.612,1949.0079999999998,0.002,0.002
24.03.2020 08:32:28.446 GMT-0500,1950.602,1949.5079999999998,0.0008,0.002
24.03.2020 08:32:28.801 GMT-0500,1950.592,1949.5079999999998,0.0008,0.002
24.03.2020 08:32:28.851 GMT-0500,1950.6029999999998,1949.507,0.002,0.002
24.03.2020 08:32:29.111 GMT-0500,1950.0020000000002,1949.0079999999998,0.002,0.002
24.03.2020 08:32:29.498 GMT-0500,1950.0020000000002,1949.507,0.0008,0.0008
24.03.2020 08:32:29.548 GMT-0500,1950.6129999999998,1949.5079999999998,0.002,0.0008
24.03.2020 08:32:29.967 GMT-0500,1951.092,1949.5079999999998,0.002,0.002
24.03.2020 08:32:30.017 GMT-0500,1951.092,1950.068,0.002,0.002
24.03.2020 08:32:30.078 GMT-0500,1951.092,1950.068,0.002,0.002
24.03.2020 08:32:30.853 GMT-0500,1951.092,1950.1779999999999,0.002,0.002
24.03.2020 08:32:31.163 GMT-0500,1952.0020000000002,1950.1779999999999,0.002,0.002
24.03.2020 08:32:31.214 GMT-0500,1954.003,1950.8770000000002,0.002,0.002
24.03.2020 08:32:31.264 GMT-0500,1954.003,1951.1070000000002,0.002,0.002
24.03.2020 08:32:31.382 GMT-0500,1952.143,1951.1070000000002,0.0008,0.0008
24.03.2020 08:32:31.433 GMT-0500,1952.143,1950.1170000000002,0.002,0.002
24.03.2020 08:32:32.146 GMT-0500,1952.142,1950.1170000000002,0.0008,0.002
24.03.2020 08:32:32.370 GMT-0500,1954.003,1950.118,0.002,0.0008
24.03.2020 08:32:32.610 GMT-0500,1954.003,1950.1170000000002,0.002,0.002
24.03.2020 08:32:33.137 GMT-0500,1951.993,1950.1170000000002,0.002,0.002
24.03.2020 08:32:33.432 GMT-0500,1953.122,1950.6170000000002,0.002,0.002
24.03.2020 08:32:33.482 GMT-0500,1953.122,1950.6170000000002,0.0008,0.002
24.03.2020 08:32:33.593 GMT-0500,1954.003,1950.6170000000002,0.002,0.002
24.03.2020 08:32:34.175 GMT-0500,1954.003,1950.618,0.002,0.0008
24.03.2020 08:32:34.275 GMT-0500,1951.9920000000002,1949.4270000000001,0.0008,0.002
24.03.2020 08:32:34.406 GMT-0500,1951.9920000000002,1949.4270000000001,0.002,0.002
24.03.2020 08:32:34.456 GMT-0500,1950.503,1949.007,0.002,0.002
24.03.2020 08:32:34.935 GMT-0500,1950.9920000000002,1949.007,0.002,0.002
24.03.2020 08:32:34.985 GMT-0500,1950.9920000000002,1949.388,0.002,0.002
24.03.2020 08:32:35.631 GMT-0500,1950.1820000000002,1949.0079999999998,0.002,0.002
24.03.2020 08:32:35.732 GMT-0500,1949.0120000000002,1948.0970000000002,0.0008,0.002
24.03.2020 08:32:35.833 GMT-0500,1949.862,1948.217,0.0008,0.002
24.03.2020 08:32:35.969 GMT-0500,1950.9620000000002,1948.2179999999998,0.002,0.002
24.03.2020 08:32:36.272 GMT-0500,1950.533,1948.217,0.002,0.002
24.03.2020 08:32:37.401 GMT-0500,1951.622,1949.388,0.002,0.002
24.03.2020 08:32:37.452 GMT-0500,1951.4920000000002,1949.3970000000002,0.0008,0.002
24.03.2020 08:32:38.598 GMT-0500,1951.6229999999998,1949.3970000000002,0.002,0.002
24.03.2020 08:32:38.648 GMT-0500,1954.0020000000002,1950.5870000000002,0.0008,0.002
24.03.2020 08:32:38.866 GMT-0500,1954.0020000000002,1951.8570000000002,0.0008,0.0008
24.03.2020 08:32:38.967 GMT-0500,1953.8020000000001,1952.0870000000002,0.0008,0.002
24.03.2020 08:32:39.297 GMT-0500,1954.003,1952.0870000000002,0.002,0.002
24.03.2020 08:32:39.347 GMT-0500,1953.8829999999998,1952.088,0.002,0.0008
24.03.2020 08:32:39.778 GMT-0500,1954.0020000000002,1952.088,0.002,0.002
24.03.2020 08:32:39.828 GMT-0500,1953.632,1952.0870000000002,0.0008,0.002
24.03.2020 08:32:40.045 GMT-0500,1954.0020000000002,1952.0870000000002,0.002,0.002
24.03.2020 08:32:40.095 GMT-0500,1954.0020000000002,1952.0870000000002,0.0008,0.002
24.03.2020 08:32:40.272 GMT-0500,1954.743,1953.548,0.002,0.0008
24.03.2020 08:32:40.524 GMT-0500,1955.003,1953.548,0.002,0.0008
24.03.2020 08:32:40.645 GMT-0500,1954.2720000000002,1952.8470000000002,0.0008,0.002
24.03.2020 08:32:40.696 GMT-0500,1953.602,1951.768,0.002,0.002
24.03.2020 08:32:41.224 GMT-0500,1953.6029999999998,1951.3570000000002,0.002,0.002
24.03.2020 08:32:41.275 GMT-0500,1953.602,1951.3570000000002,0.0008,0.002
24.03.2020 08:32:41.959 GMT-0500,1953.902,1951.767,0.002,0.002
24.03.2020 08:32:42.009 GMT-0500,1953.902,1951.767,0.0008,0.002
24.03.2020 08:32:42.061 GMT-0500,1955.003,1951.767,0.002,0.002
24.03.2020 08:32:42.329 GMT-0500,1955.003,1952.7179999999998,0.002,0.0008
24.03.2020 08:32:42.688 GMT-0500,1955.003,1952.717,0.002,0.002
24.03.2020 08:32:42.789 GMT-0500,1954.8829999999998,1953.1670000000001,0.002,0.002
24.03.2020 08:32:44.088 GMT-0500,1954.903,1953.1670000000001,0.002,0.002
24.03.2020 08:32:44.446 GMT-0500,1954.8229999999999,1953.1670000000001,0.0008,0.002
24.03.2020 08:32:46.706 GMT-0500,1954.8229999999999,1953.4879999999998,0.002,0.0008
24.03.2020 08:32:46.807 GMT-0500,1954.7220000000002,1953.487,0.0008,0.002
24.03.2020 08:32:46.958 GMT-0500,1954.7220000000002,1953.548,0.002,0.0008
24.03.2020 08:32:47.166 GMT-0500,1954.7220000000002,1953.548,0.002,0.002
24.03.2020 08:32:47.267 GMT-0500,1954.362,1952.6170000000002,0.0008,0.002
24.03.2020 08:32:47.681 GMT-0500,1954.362,1952.6170000000002,0.0008,0.002
24.03.2020 08:32:49.164 GMT-0500,1955.0020000000002,1952.737,0.002,0.002
24.03.2020 08:32:49.214 GMT-0500,1955.0020000000002,1952.737,0.0008,0.002
24.03.2020 08:32:49.264 GMT-0500,1955.003,1953.007,0.002,0.002
24.03.2020 08:32:49.641 GMT-0500,1955.003,1953.007,0.002,0.002
24.03.2020 08:32:49.928 GMT-0500,1952.953,1951.128,0.002,0.0008
24.03.2020 08:32:50.291 GMT-0500,1952.953,1951.0079999999998,0.002,0.0008
24.03.2020 08:32:52.267 GMT-0500,1952.9120000000003,1951.0079999999998,0.0008,0.002
24.03.2020 08:32:52.317 GMT-0500,1953.152,1951.018,0.002,0.002
24.03.2020 08:32:52.762 GMT-0500,1955.003,1951.018,0.002,0.0008
24.03.2020 08:32:52.812 GMT-0500,1953.902,1951.8370000000002,0.0008,0.002
24.03.2020 08:32:53.095 GMT-0500,1954.1229999999998,1952.078,0.002,0.0008
24.03.2020 08:32:53.503 GMT-0500,1953.102,1952.078,0.0008,0.0008
24.03.2020 08:32:53.554 GMT-0500,1953.102,1951.388,0.002,0.002
24.03.2020 08:32:53.604 GMT-0500,1953.1029999999998,1951.707,0.002,0.002
24.03.2020 08:32:54.173 GMT-0500,1952.2520000000002,1950.348,0.002,0.002
24.03.2020 08:32:54.639 GMT-0500,1951.4920000000002,1947.668,0.002,0.002
24.03.2020 08:32:54.707 GMT-0500,1951.493,1948.217,0.002,0.002
24.03.2020 08:32:55.243 GMT-0500,1951.4920000000002,1950.217,0.002,0.0008
24.03.2020 08:32:55.294 GMT-0500,1950.3629999999998,1948.2579999999998,0.002,0.0008
24.03.2020 08:32:56.264 GMT-0500,1950.3629999999998,1948.2579999999998,0.002,0.002
24.03.2020 08:32:56.315 GMT-0500,1950.2120000000002,1948.2579999999998,0.002,0.002
24.03.2020 08:32:56.563 GMT-0500,1949.9920000000002,1948.2579999999998,0.0008,0.002
24.03.2020 08:32:56.701 GMT-0500,1950.5929999999998,1949.118,0.0008,0.0008
24.03.2020 08:32:56.751 GMT-0500,1950.7620000000002,1949.6670000000001,0.0008,0.002
24.03.2020 08:32:58.512 GMT-0500,1951.2120000000002,1948.6670000000001,0.0008,0.0008
24.03.2020 08:32:59.081 GMT-0500,1951.3729999999998,1948.298,0.002,0.002
24.03.2020 08:32:59.182 GMT-0500,1951.0829999999999,1949.507,0.002,0.002
24.03.2020 08:33:00.350 GMT-0500,1951.0520000000001,1948.088,0.002,0.002
24.03.2020 08:33:00.902 GMT-0500,1951.033,1948.088,0.002,0.0008
24.03.2020 08:33:01.046 GMT-0500,1951.033,1949.997,0.002,0.002
24.03.2020 08:33:02.367 GMT-0500,1952.663,1950.017,0.0008,0.002
24.03.2020 08:33:02.551 GMT-0500,1952.663,1950.6370000000002,0.002,0.0008
24.03.2020 08:33:02.779 GMT-0500,1952.663,1950.638,0.002,0.0008
24.03.2020 08:33:03.028 GMT-0500,1952.5720000000001,1950.638,0.002,0.002
24.03.2020 08:33:03.309 GMT-0500,1952.0829999999999,1950.6370000000002,0.002,0.002
24.03.2020 08:33:03.687 GMT-0500,1951.1720000000003,1950.6370000000002,0.0008,0.0008
24.03.2020 08:33:03.737 GMT-0500,1950.713,1949.9979999999998,0.002,0.0008
24.03.2020 08:33:04.391 GMT-0500,1952.663,1950.3470000000002,0.002,0.002
24.03.2020 08:33:04.442 GMT-0500,1950.993,1949.9979999999998,0.002,0.0008
24.03.2020 08:33:04.807 GMT-0500,1950.983,1949.9979999999998,0.0008,0.0008
24.03.2020 08:33:05.750 GMT-0500,1950.983,1950.018,0.002,0.0008
24.03.2020 08:33:05.851 GMT-0500,1952.6620000000003,1950.737,0.0008,0.002
24.03.2020 08:33:06.010 GMT-0500,1951.4620000000002,1950.018,0.0008,0.002
24.03.2020 08:33:06.060 GMT-0500,1951.463,1949.9979999999998,0.002,0.0008
24.03.2020 08:33:06.140 GMT-0500,1950.993,1949.9979999999998,0.0008,0.0008
24.03.2020 08:33:06.330 GMT-0500,1952.6620000000003,1950.027,0.0008,0.002
24.03.2020 08:33:06.387 GMT-0500,1952.6620000000003,1949.997,0.002,0.002
24.03.2020 08:33:06.437 GMT-0500,1950.993,1949.997,0.002,0.002
24.03.2020 08:33:07.721 GMT-0500,1950.2420000000002,1949.7320000000002,0.0008,0.0008
24.03.2020 08:33:07.771 GMT-0500,1950.243,1947.6970000000001,0.002,0.002
24.03.2020 08:33:09.851 GMT-0500,1949.5120000000002,1947.6970000000001,0.0008,0.002
24.03.2020 08:33:09.955 GMT-0500,1949.382,1947.6970000000001,0.0008,0.002
24.03.2020 08:33:10.056 GMT-0500,1949.993,1948.2079999999999,0.002,0.0008
24.03.2020 08:33:10.169 GMT-0500,1949.993,1947.6979999999999,0.002,0.0008
24.03.2020 08:33:10.240 GMT-0500,1949.7020000000002,1947.6979999999999,0.0008,0.002
24.03.2020 08:33:10.448 GMT-0500,1949.003,1947.6979999999999,0.002,0.002
24.03.2020 08:33:10.793 GMT-0500,1949.003,1947.828,0.002,0.0008
24.03.2020 08:33:10.894 GMT-0500,1949.003,1947.6979999999999,0.002,0.0008
24.03.2020 08:33:11.275 GMT-0500,1948.5120000000002,1947.6970000000001,0.0008,0.002
24.03.2020 08:33:11.325 GMT-0500,1949.0020000000002,1947.6979999999999,0.002,0.002
24.03.2020 08:33:12.162 GMT-0500,1949.003,1947.6979999999999,0.002,0.002
24.03.2020 08:33:12.292 GMT-0500,1949.713,1947.808,0.002,0.0008
24.03.2020 08:33:12.342 GMT-0500,1949.713,1948.398,0.002,0.0008
24.03.2020 08:33:12.393 GMT-0500,1949.7020000000002,1948.4070000000002,0.0008,0.002
24.03.2020 08:33:12.716 GMT-0500,1949.7120000000002,1948.4070000000002,0.002,0.002
24.03.2020 08:33:12.767 GMT-0500,1949.7120000000002,1948.408,0.002,0.002
24.03.2020 08:33:13.382 GMT-0500,1949.7120000000002,1948.408,0.002,0.002
24.03.2020 08:33:13.789 GMT-0500,1949.7120000000002,1948.408,0.002,0.002
24.03.2020 08:33:13.947 GMT-0500,1950.102,1948.408,0.002,0.002
24.03.2020 08:33:13.997 GMT-0500,1950.102,1949.068,0.002,0.002
24.03.2020 08:33:14.264 GMT-0500,1950.102,1949.068,0.002,0.002
24.03.2020 08:33:14.365 GMT-0500,1950.7620000000002,1949.6570000000002,0.0008,0.002
24.03.2020 08:33:14.497 GMT-0500,1950.3829999999998,1949.6570000000002,0.0008,0.0008
24.03.2020 08:33:14.548 GMT-0500,1950.7520000000002,1948.7179999999998,0.002,0.002
24.03.2020 08:33:15.124 GMT-0500,1950.763,1948.7179999999998,0.002,0.0008
24.03.2020 08:33:16.102 GMT-0500,1950.7520000000002,1948.7179999999998,0.0008,0.002
24.03.2020 08:33:16.222 GMT-0500,1950.7620000000002,1949.0970000000002,0.002,0.002
24.03.2020 08:33:16.272 GMT-0500,1950.7620000000002,1949.098,0.002,0.002
24.03.2020 08:33:16.323 GMT-0500,1950.7520000000002,1949.098,0.002,0.002
24.03.2020 08:33:17.380 GMT-0500,1950.7620000000002,1949.098,0.002,0.002
24.03.2020 08:33:18.267 GMT-0500,1950.763,1949.0970000000002,0.002,0.002
24.03.2020 08:33:18.367 GMT-0500,1952.0020000000002,1949.0970000000002,0.002,0.002
24.03.2020 08:33:18.418 GMT-0500,1951.5929999999998,1949.908,0.002,0.0008
24.03.2020 08:33:18.575 GMT-0500,1952.003,1949.9070000000002,0.002,0.002
24.03.2020 08:33:20.405 GMT-0500,1952.003,1949.9270000000001,0.002,0.0008
24.03.2020 08:33:20.839 GMT-0500,1952.0020000000002,1950.767,0.0008,0.002
24.03.2020 08:33:21.605 GMT-0500,1953.0020000000002,1950.767,0.002,0.002
24.03.2020 08:33:22.600 GMT-0500,1953.7720000000002,1952.148,0.002,0.002
24.03.2020 08:33:22.650 GMT-0500,1953.7720000000002,1952.3470000000002,0.0008,0.002
24.03.2020 08:33:22.815 GMT-0500,1954.733,1952.3470000000002,0.002,0.002
24.03.2020 08:33:22.865 GMT-0500,1953.9920000000002,1952.0079999999998,0.002,0.002
24.03.2020 08:33:22.915 GMT-0500,1953.882,1952.0079999999998,0.002,0.002
24.03.2020 08:33:24.449 GMT-0500,1953.592,1952.007,0.0008,0.002
24.03.2020 08:33:24.600 GMT-0500,1953.5929999999998,1952.007,0.002,0.0008
24.03.2020 08:33:24.651 GMT-0500,1953.892,1951.798,0.002,0.002
24.03.2020 08:33:25.136 GMT-0500,1953.493,1951.798,0.0008,0.002
24.03.2020 08:33:25.761 GMT-0500,1953.892,1951.8070000000002,0.002,0.002
24.03.2020 08:33:25.811 GMT-0500,1953.892,1951.8070000000002,0.0008,0.002
24.03.2020 08:33:26.654 GMT-0500,1953.5929999999998,1951.8070000000002,0.0008,0.002
24.03.2020 08:33:27.184 GMT-0500,1953.892,1952.138,0.002,0.002
24.03.2020 08:33:27.235 GMT-0500,1953.892,1952.1370000000002,0.0008,0.002
24.03.2020 08:33:27.504 GMT-0500,1953.892,1952.138,0.002,0.002
24.03.2020 08:33:27.700 GMT-0500,1953.892,1952.1370000000002,0.0008,0.002
24.03.2020 08:33:27.752 GMT-0500,1952.9920000000002,1951.8070000000002,0.0008,0.002
24.03.2020 08:33:27.804 GMT-0500,1952.993,1951.0370000000003,0.002,0.002
24.03.2020 08:33:28.315 GMT-0500,1952.993,1951.378,0.002,0.0008
24.03.2020 08:33:30.098 GMT-0500,1953.892,1951.3770000000002,0.0008,0.002
24.03.2020 08:33:30.776 GMT-0500,1952.973,1951.3770000000002,0.0008,0.002
24.03.2020 08:33:31.574 GMT-0500,1952.9720000000002,1951.378,0.002,0.002
24.03.2020 08:33:31.972 GMT-0500,1951.092,1949.997,0.0008,0.002
24.03.2020 08:33:32.087 GMT-0500,1951.903,1949.997,0.002,0.002
24.03.2020 08:33:32.194 GMT-0500,1951.902,1949.997,0.0008,0.002
24.03.2020 08:33:32.351 GMT-0500,1951.372,1950.007,0.0008,0.0008
24.03.2020 08:33:32.401 GMT-0500,1951.372,1949.997,0.0008,0.002
24.03.2020 08:33:33.400 GMT-0500,1951.3729999999998,1949.997,0.002,0.002
24.03.2020 08:33:33.585 GMT-0500,1951.1620000000003,1950.007,0.0008,0.0008
24.03.2020 08:33:33.636 GMT-0500,1952.1820000000002,1950.007,0.0008,0.002
24.03.2020 08:33:33.686 GMT-0500,1952.132,1950.6879999999999,0.002,0.002
24.03.2020 08:33:33.773 GMT-0500,1952.1720000000003,1950.6879999999999,0.002,0.002
24.03.2020 08:33:34.242 GMT-0500,1951.9720000000002,1950.6879999999999,0.0008,0.002
24.03.2020 08:33:34.357 GMT-0500,1952.183,1950.6870000000001,0.002,0.002
24.03.2020 08:33:34.407 GMT-0500,1952.183,1950.6870000000001,0.002,0.002
24.03.2020 08:33:34.682 GMT-0500,1951.9720000000002,1950.6870000000001,0.0008,0.0008
24.03.2020 08:33:34.732 GMT-0500,1952.183,1950.6070000000002,0.002,0.002
24.03.2020 08:33:35.333 GMT-0500,1952.183,1950.9979999999998,0.002,0.0008
24.03.2020 08:33:35.567 GMT-0500,1952.1720000000003,1950.608,0.002,0.002
24.03.2020 08:33:35.631 GMT-0500,1952.1720000000003,1950.608,0.002,0.002
24.03.2020 08:33:36.487 GMT-0500,1952.1720000000003,1949.9979999999998,0.002,0.002
24.03.2020 08:33:36.898 GMT-0500,1952.1720000000003,1949.9979999999998,0.002,0.002
24.03.2020 08:33:37.337 GMT-0500,1952.152,1950.767,0.0008,0.002
24.03.2020 08:33:37.387 GMT-0500,1952.183,1950.767,0.002,0.002
24.03.2020 08:33:37.642 GMT-0500,1952.183,1951.4579999999999,0.0008,0.0008
24.03.2020 08:33:37.692 GMT-0500,1953.683,1951.828,0.002,0.0008
24.03.2020 08:33:37.781 GMT-0500,1952.993,1951.8270000000002,0.002,0.002
24.03.2020 08:33:38.068 GMT-0500,1952.9820000000002,1951.8270000000002,0.0008,0.0008
24.03.2020 08:33:38.118 GMT-0500,1952.9820000000002,1950.9679999999998,0.002,0.002
24.03.2020 08:33:38.573 GMT-0500,1952.993,1950.9679999999998,0.002,0.0008
24.03.2020 08:33:38.847 GMT-0500,1952.173,1950.9679999999998,0.0008,0.0008
24.03.2020 08:33:39.089 GMT-0500,1952.1720000000003,1950.9679999999998,0.002,0.002
24.03.2020 08:33:39.139 GMT-0500,1952.173,1949.9979999999998,0.002,0.0008
24.03.2020 08:33:39.470 GMT-0500,1952.1720000000003,1949.9979999999998,0.002,0.002
24.03.2020 08:33:40.046 GMT-0500,1952.163,1950.618,0.002,0.0008
24.03.2020 08:33:40.147 GMT-0500,1951.4520000000002,1950.6170000000002,0.0008,0.002
24.03.2020 08:33:40.352 GMT-0500,1951.033,1949.9979999999998,0.002,0.0008
24.03.2020 08:33:40.798 GMT-0500,1952.0120000000002,1950.007,0.0008,0.002
24.03.2020 08:33:41.340 GMT-0500,1952.013,1950.007,0.002,0.0008
24.03.2020 08:33:41.390 GMT-0500,1951.9920000000002,1949.997,0.0008,0.002
24.03.2020 08:33:41.761 GMT-0500,1951.3629999999998,1949.9979999999998,0.002,0.0008
24.03.2020 08:33:41.811 GMT-0500,1950.673,1947.6970000000001,0.002,0.002
24.03.2020 08:33:42.014 GMT-0500,1950.5320000000002,1947.6970000000001,0.0008,0.002
24.03.2020 08:33:42.741 GMT-0500,1950.533,1947.6970000000001,0.002,0.002
24.03.2020 08:33:42.956 GMT-0500,1950.598,1949.098,0.0008,0.0008
24.03.2020 08:33:43.007 GMT-0500,1953.663,1949.898,0.002,0.0008
24.03.2020 08:33:43.061 GMT-0500,1951.403,1949.898,0.0008,0.0008
24.03.2020 08:33:43.513 GMT-0500,1951.362,1949.8970000000002,0.0008,0.002
24.03.2020 08:33:43.681 GMT-0500,1950.6229999999998,1949.898,0.0008,0.0008
24.03.2020 08:33:43.732 GMT-0500,1950.6229999999998,1949.0970000000002,0.002,0.002
24.03.2020 08:33:44.796 GMT-0500,1950.6229999999998,1949.108,0.002,0.0008
24.03.2020 08:33:45.168 GMT-0500,1950.622,1947.6979999999999,0.002,0.002
24.03.2020 08:33:45.455 GMT-0500,1950.6229999999998,1947.6979999999999,0.002,0.002
24.03.2020 08:33:45.730 GMT-0500,1950.6229999999998,1947.6979999999999,0.002,0.002
24.03.2020 08:33:45.780 GMT-0500,1950.213,1947.6979999999999,0.002,0.0008
24.03.2020 08:33:45.830 GMT-0500,1950.2120000000002,1948.9979999999998,0.002,0.002
24.03.2020 08:33:46.273 GMT-0500,1950.1920000000002,1948.9979999999998,0.0008,0.002
24.03.2020 08:33:46.651 GMT-0500,1949.993,1948.9979999999998,0.002,0.0008
24.03.2020 08:33:46.977 GMT-0500,1949.993,1947.6979999999999,0.002,0.002
24.03.2020 08:33:47.028 GMT-0500,1949.173,1947.6979999999999,0.002,0.0008
24.03.2020 08:33:47.085 GMT-0500,1949.173,1948.007,0.002,0.0008
24.03.2020 08:33:47.226 GMT-0500,1949.1720000000003,1947.6979999999999,0.002,0.002
24.03.2020 08:33:47.992 GMT-0500,1948.132,1947.14,0.0008,0.0008
24.03.2020 08:33:48.337 GMT-0500,1948.7620000000002,1947.2079999999999,0.002,0.002
24.03.2020 08:33:48.493 GMT-0500,1951.013,1947.2079999999999,0.002,0.002
24.03.2020 08:33:48.544 GMT-0500,1951.0120000000002,1948.5770000000002,0.0008,0.002
24.03.2020 08:33:48.594 GMT-0500,1949.9920000000002,1948.578,0.002,0.002
24.03.2020 08:33:48.644 GMT-0500,1951.013,1949.328,0.002,0.0008
24.03.2020 08:33:48.722 GMT-0500,1951.003,1949.3270000000002,0.002,0.002
24.03.2020 08:33:49.622 GMT-0500,1950.9920000000002,1949.3270000000002,0.0008,0.002
24.03.2020 08:33:50.378 GMT-0500,1951.003,1949.3370000000002,0.002,0.002
24.03.2020 08:33:50.587 GMT-0500,1951.0020000000002,1949.3370000000002,0.0008,0.002
24.03.2020 08:33:50.637 GMT-0500,1950.9920000000002,1949.3370000000002,0.0008,0.002
24.03.2020 08:33:51.003 GMT-0500,1951.0020000000002,1950.1979999999999,0.002,0.002
24.03.2020 08:33:51.053 GMT-0500,1953.933,1950.598,0.002,0.0008
24.03.2020 08:33:51.104 GMT-0500,1953.933,1950.1979999999999,0.002,0.0008
24.03.2020 08:33:51.479 GMT-0500,1951.592,1950.1979999999999,0.0008,0.002
24.03.2020 08:33:51.733 GMT-0500,1953.933,1950.1970000000001,0.002,0.002
24.03.2020 08:33:51.988 GMT-0500,1951.3229999999999,1950.1970000000001,0.0008,0.0008
24.03.2020 08:33:52.377 GMT-0500,1953.9320000000002,1950.1979999999999,0.002,0.002
24.03.2020 08:33:52.768 GMT-0500,1953.9320000000002,1950.767,0.0008,0.0008
24.03.2020 08:33:53.203 GMT-0500,1951.75,1950.767,0.0008,0.002
24.03.2020 08:33:53.303 GMT-0500,1953.933,1951.4479999999999,0.002,0.0008
24.03.2020 08:33:53.354 GMT-0500,1953.933,1950.628,0.002,0.0008
24.03.2020 08:33:53.404 GMT-0500,1951.993,1950.6270000000002,0.002,0.002
24.03.2020 08:33:53.680 GMT-0500,1953.933,1950.6270000000002,0.002,0.002
24.03.2020 08:33:53.835 GMT-0500,1952.993,1950.6270000000002,0.0008,0.002
24.03.2020 08:33:54.132 GMT-0500,1952.753,1951.278,0.002,0.0008
24.03.2020 08:33:54.804 GMT-0500,1952.753,1951.278,0.002,0.002
24.03.2020 08:33:55.299 GMT-0500,1952.753,1951.608,0.002,0.0008
24.03.2020 08:33:55.349 GMT-0500,1953.723,1952.1879999999999,0.002,0.0008
24.03.2020 08:33:56.979 GMT-0500,1953.7220000000002,1952.1879999999999,0.002,0.002
24.03.2020 08:33:57.029 GMT-0500,1953.723,1951.7579999999998,0.002,0.0008
24.03.2020 08:33:57.122 GMT-0500,1953.7220000000002,1951.7579999999998,0.002,0.002
24.03.2020 08:33:57.493 GMT-0500,1953.7220000000002,1952.4979999999998,0.002,0.002
24.03.2020 08:33:57.594 GMT-0500,1953.4320000000002,1952.778,0.002,0.002
24.03.2020 08:33:58.228 GMT-0500,1953.253,1952.0870000000002,0.002,0.002
24.03.2020 08:33:58.575 GMT-0500,1953.253,1952.0870000000002,0.002,0.002
24.03.2020 08:33:59.042 GMT-0500,1953.2420000000002,1951.64,0.0008,0.0008
24.03.2020 08:33:59.707 GMT-0500,1953.2320000000002,1952.007,0.0008,0.002
24.03.2020 08:34:00.184 GMT-0500,1952.8429999999998,1952.007,0.0008,0.002
24.03.2020 08:34:00.235 GMT-0500,1953.4120000000003,1952.4170000000001,0.0008,0.002
24.03.2020 08:34:00.356 GMT-0500,1953.413,1952.0079999999998,0.002,0.0008
24.03.2020 08:34:00.747 GMT-0500,1952.2520000000002,1950.9679999999998,0.002,0.002
24.03.2020 08:34:00.797 GMT-0500,1951.9920000000002,1950.967,0.0008,0.002
24.03.2020 08:34:00.934 GMT-0500,1952.8029999999999,1950.967,0.002,0.002
24.03.2020 08:34:00.985 GMT-0500,1952.8029999999999,1950.9879999999998,0.002,0.0008
24.03.2020 08:34:03.084 GMT-0500,1952.403,1950.9879999999998,0.0008,0.002
24.03.2020 08:34:03.674 GMT-0500,1952.403,1950.9979999999998,0.002,0.0008
24.03.2020 08:34:04.038 GMT-0500,1952.6920000000002,1950.997,0.0008,0.002
24.03.2020 08:34:04.386 GMT-0500,1953.332,1950.997,0.002,0.002
24.03.2020 08:34:04.486 GMT-0500,1952.993,1950.997,0.002,0.002
24.03.2020 08:34:04.992 GMT-0500,1953.2120000000002,1950.997,0.002,0.002
24.03.2020 08:34:05.305 GMT-0500,1953.2120000000002,1951.4979999999998,0.002,0.0008
24.03.2020 08:34:05.658 GMT-0500,1953.213,1951.497,0.002,0.002
24.03.2020 08:34:06.038 GMT-0500,1953.213,1951.1979999999999,0.002,0.002
24.03.2020 08:34:06.088 GMT-0500,1953.2120000000002,1951.1970000000001,0.0008,0.002
24.03.2020 08:34:06.312 GMT-0500,1953.2120000000002,1951.2179999999998,0.002,0.0008
24.03.2020 08:34:06.413 GMT-0500,1952.7220000000002,1951.2179999999998,0.002,0.002
24.03.2020 08:34:08.447 GMT-0500,1952.5629999999999,1951.2179999999998,0.0008,0.0008
24.03.2020 08:34:08.498 GMT-0500,1952.5629999999999,1951.1979999999999,0.002,0.0008
24.03.2020 08:34:08.858 GMT-0500,1952.7220000000002,1951.1970000000001,0.0008,0.002
24.03.2020 08:34:09.063 GMT-0500,1953.2120000000002,1951.1970000000001,0.002,0.002
24.03.2020 08:34:09.576 GMT-0500,1953.213,1951.1970000000001,0.002,0.002
24.03.2020 08:34:09.905 GMT-0500,1953.213,1951.1970000000001,0.002,0.002
24.03.2020 08:34:10.720 GMT-0500,1952.9820000000002,1951.1979999999999,0.002,0.002
24.03.2020 08:34:10.871 GMT-0500,1953.2120000000002,1951.2579999999998,0.002,0.002
24.03.2020 08:34:10.921 GMT-0500,1952.973,1951.747,0.002,0.002
24.03.2020 08:34:10.971 GMT-0500,1952.973,1951.2579999999998,0.002,0.0008
24.03.2020 08:34:12.484 GMT-0500,1953.2120000000002,1951.2579999999998,0.002,0.002
24.03.2020 08:34:13.319 GMT-0500,1952.9720000000002,1951.2579999999998,0.002,0.002
24.03.2020 08:34:13.872 GMT-0500,1952.993,1951.2579999999998,0.002,0.0008
24.03.2020 08:34:14.187 GMT-0500,1954.3329999999999,1951.2579999999998,0.002,0.002
24.03.2020 08:34:14.238 GMT-0500,1954.753,1952.5570000000002,0.002,0.002
24.03.2020 08:34:14.329 GMT-0500,1953.9920000000002,1952.5570000000002,0.0008,0.002
24.03.2020 08:34:14.637 GMT-0500,1953.9920000000002,1952.0079999999998,0.002,0.002
24.03.2020 08:34:15.023 GMT-0500,1953.993,1952.0079999999998,0.002,0.002
24.03.2020 08:34:15.285 GMT-0500,1953.9920000000002,1952.1670000000001,0.0008,0.002
24.03.2020 08:34:15.336 GMT-0500,1954.892,1952.168,0.002,0.002
24.03.2020 08:34:15.395 GMT-0500,1953.653,1952.168,0.0008,0.0008
24.03.2020 08:34:16.096 GMT-0500,1953.983,1952.1779999999999,0.002,0.0008
24.03.2020 08:34:16.148 GMT-0500,1953.983,1952.1770000000001,0.002,0.002
24.03.2020 08:34:16.206 GMT-0500,1953.653,1952.1770000000001,0.0008,0.002
24.03.2020 08:34:16.418 GMT-0500,1952.463,1951.408,0.002,0.0008
24.03.2020 08:34:16.469 GMT-0500,1953.402,1951.4070000000002,0.0008,0.002
24.03.2020 08:34:17.076 GMT-0500,1952.9920000000002,1951.4070000000002,0.0008,0.002
24.03.2020 08:34:17.126 GMT-0500,1953.9820000000002,1951.7870000000003,0.0008,0.002
24.03.2020 08:34:17.306 GMT-0500,1953.9820000000002,1951.6770000000001,0.002,0.002
24.03.2020 08:34:17.357 GMT-0500,1953.653,1951.6770000000001,0.002,0.002
24.03.2020 08:34:17.563 GMT-0500,1953.983,1952.4170000000001,0.002,0.0008
24.03.2020 08:34:17.686 GMT-0500,1953.9820000000002,1952.418,0.002,0.002
24.03.2020 08:34:17.736 GMT-0500,1953.653,1952.418,0.002,0.0008
24.03.2020 08:34:18.272 GMT-0500,1953.652,1951.8470000000002,0.0008,0.002
24.03.2020 08:34:18.401 GMT-0500,1953.652,1951.8470000000002,0.0008,0.0008
24.03.2020 08:34:18.452 GMT-0500,1953.652,1951.8370000000002,0.0008,0.002
24.03.2020 08:34:18.753 GMT-0500,1953.652,1951.8370000000002,0.0008,0.002
24.03.2020 08:34:19.372 GMT-0500,1953.653,1952.4270000000001,0.002,0.0008
24.03.2020 08:34:19.422 GMT-0500,1953.653,1951.838,0.002,0.0008
24.03.2020 08:34:19.473 GMT-0500,1953.653,1952.4279999999999,0.002,0.0008
24.03.2020 08:34:21.077 GMT-0500,1953.652,1951.838,0.002,0.002
24.03.2020 08:34:21.780 GMT-0500,1953.9820000000002,1951.838,0.002,0.002
24.03.2020 08:34:21.831 GMT-0500,1953.9820000000002,1952.4270000000001,0.0008,0.002
24.03.2020 08:34:22.181 GMT-0500,1953.9720000000002,1952.4270000000001,0.0008,0.002
24.03.2020 08:34:23.540 GMT-0500,1953.7620000000002,1952.4270000000001,0.0008,0.002
24.03.2020 08:34:23.874 GMT-0500,1953.763,1952.128,0.002,0.0008
24.03.2020 08:34:23.989 GMT-0500,1953.763,1949.9979999999998,0.002,0.002
24.03.2020 08:34:24.161 GMT-0500,1953.7620000000002,1949.9979999999998,0.002,0.002
24.03.2020 08:34:24.553 GMT-0500,1953.7620000000002,1952.608,0.0008,0.0008
24.03.2020 08:34:24.603 GMT-0500,1953.973,1952.608,0.002,0.0008
24.03.2020 08:34:25.343 GMT-0500,1953.763,1952.608,0.0008,0.0008
24.03.2020 08:34:25.394 GMT-0500,1953.763,1951.808,0.002,0.0008
24.03.2020 08:34:25.450 GMT-0500,1953.973,1951.808,0.002,0.002
24.03.2020 08:34:25.503 GMT-0500,1953.973,1952.608,0.002,0.0008
24.03.2020 08:34:26.439 GMT-0500,1953.973,1952.3070000000002,0.002,0.002
24.03.2020 08:34:26.490 GMT-0500,1953.963,1952.3070000000002,0.002,0.002
24.03.2020 08:34:26.701 GMT-0500,1953.963,1952.257,0.002,0.002
24.03.2020 08:34:26.751 GMT-0500,1953.7920000000001,1952.257,0.0008,0.002
24.03.2020 08:34:27.015 GMT-0500,1953.7920000000001,1952.3070000000002,0.002,0.0008
24.03.2020 08:34:27.666 GMT-0500,1953.483,1952.3070000000002,0.002,0.002
24.03.2020 08:34:27.768 GMT-0500,1953.143,1949.9979999999998,0.002,0.0008
24.03.2020 08:34:27.819 GMT-0500,1953.1329999999998,1949.997,0.002,0.002
24.03.2020 08:34:28.519 GMT-0500,1953.513,1952.088,0.002,0.0008
24.03.2020 08:34:28.721 GMT-0500,1953.7120000000002,1952.0870000000002,0.0008,0.002
24.03.2020 08:34:30.018 GMT-0500,1953.723,1952.0870000000002,0.002,0.0008
24.03.2020 08:34:31.010 GMT-0500,1953.723,1949.997,0.002,0.002
24.03.2020 08:34:31.235 GMT-0500,1953.7220000000002,1949.997,0.0008,0.002
24.03.2020 08:34:31.534 GMT-0500,1953.693,1952.2179999999998,0.002,0.0008
24.03.2020 08:34:31.741 GMT-0500,1953.723,1952.2179999999998,0.002,0.0008
24.03.2020 08:34:32.145 GMT-0500,1953.723,1952.2179999999998,0.002,0.0008
24.03.2020 08:34:32.296 GMT-0500,1953.723,1952.2179999999998,0.002,0.0008
24.03.2020 08:34:32.838 GMT-0500,1953.723,1952.2179999999998,0.002,0.0008
24.03.2020 08:34:33.052 GMT-0500,1953.723,1952.2179999999998,0.002,0.002
24.03.2020 08:34:33.103 GMT-0500,1953.703,1952.2479999999998,0.002,0.0008
24.03.2020 08:34:34.588 GMT-0500,1953.703,1952.2179999999998,0.002,0.002
24.03.2020 08:34:34.639 GMT-0500,1953.703,1952.2179999999998,0.002,0.0008
24.03.2020 08:34:34.689 GMT-0500,1953.4920000000002,1952.2179999999998,0.002,0.002
24.03.2020 08:34:34.993 GMT-0500,1952.132,1949.997,0.0008,0.002
24.03.2020 08:34:35.782 GMT-0500,1953.0629999999999,1949.997,0.002,0.002
24.03.2020 08:34:35.833 GMT-0500,1953.0629999999999,1951.4279999999999,0.002,0.0008
24.03.2020 08:34:36.375 GMT-0500,1951.8429999999998,1949.9979999999998,0.002,0.0008
24.03.2020 08:34:36.425 GMT-0500,1951.693,1949.997,0.002,0.002
24.03.2020 08:34:36.546 GMT-0500,1952.143,1949.9979999999998,0.002,0.0008
24.03.2020 08:34:36.915 GMT-0500,1952.143,1950.8170000000002,0.002,0.0008
24.03.2020 08:34:37.379 GMT-0500,1952.142,1951.007,0.0008,0.0008
24.03.2020 08:34:37.429 GMT-0500,1952.8529999999998,1951.007,0.002,0.002
24.03.2020 08:34:37.709 GMT-0500,1952.533,1951.007,0.0008,0.002
24.03.2020 08:34:37.827 GMT-0500,1952.5320000000002,1950.8170000000002,0.0008,0.002
24.03.2020 08:34:38.889 GMT-0500,1952.533,1950.8170000000002,0.002,0.002
24.03.2020 08:34:39.885 GMT-0500,1952.533,1951.148,0.002,0.0008
24.03.2020 08:34:39.986 GMT-0500,1952.6920000000002,1951.1470000000002,0.0008,0.002
24.03.2020 08:34:40.580 GMT-0500,1953.003,1951.148,0.002,0.0008
24.03.2020 08:34:42.624 GMT-0500,1952.652,1951.148,0.002,0.002
24.03.2020 08:34:43.297 GMT-0500,1952.642,1951.148,0.0008,0.002
24.03.2020 08:34:43.401 GMT-0500,1952.642,1951.158,0.002,0.002
24.03.2020 08:34:43.642 GMT-0500,1952.642,1951.158,0.002,0.002
24.03.2020 08:34:43.828 GMT-0500,1952.6229999999998,1951.1470000000002,0.0008,0.002
24.03.2020 08:34:43.879 GMT-0500,1952.652,1951.1470000000002,0.0008,0.002
24.03.2020 08:34:43.929 GMT-0500,1952.643,1951.158,0.002,0.0008
24.03.2020 08:34:44.357 GMT-0500,1952.643,1951.1770000000001,0.002,0.002
24.03.2020 08:34:44.712 GMT-0500,1952.653,1951.1770000000001,0.002,0.002
24.03.2020 08:34:44.846 GMT-0500,1952.653,1951.1770000000001,0.002,0.002
24.03.2020 08:34:45.159 GMT-0500,1952.642,1950.818,0.002,0.002
24.03.2020 08:34:45.209 GMT-0500,1952.643,1950.818,0.002,0.0008
24.03.2020 08:34:46.467 GMT-0500,1952.643,1950.818,0.002,0.002
24.03.2020 08:34:47.036 GMT-0500,1952.642,1951.3970000000002,0.0008,0.002
24.03.2020 08:34:47.089 GMT-0500,1952.642,1951.408,0.002,0.0008
24.03.2020 08:34:47.198 GMT-0500,1952.652,1951.4279999999999,0.002,0.002
24.03.2020 08:34:47.599 GMT-0500,1952.463,1951.3970000000002,0.002,0.002
24.03.2020 08:34:48.103 GMT-0500,1952.652,1950.8170000000002,0.0008,0.002
24.03.2020 08:34:48.153 GMT-0500,1951.763,1950.8170000000002,0.002,0.002
24.03.2020 08:34:48.941 GMT-0500,1951.753,1950.8170000000002,0.002,0.002
24.03.2020 08:34:49.090 GMT-0500,1951.4520000000002,1950.398,0.002,0.002
24.03.2020 08:34:50.305 GMT-0500,1951.0520000000001,1949.997,0.0008,0.002
24.03.2020 08:34:50.356 GMT-0500,1951.3129999999999,1950.257,0.002,0.002
24.03.2020 08:34:50.612 GMT-0500,1951.3129999999999,1950.6570000000002,0.002,0.0008
24.03.2020 08:34:50.663 GMT-0500,1951.3120000000001,1949.9979999999998,0.002,0.002
24.03.2020 08:34:50.713 GMT-0500,1950.933,1949.997,0.002,0.002
24.03.2020 08:34:51.299 GMT-0500,1950.933,1949.997,0.002,0.002
24.03.2020 08:34:51.453 GMT-0500,1950.592,1946.7179999999998,0.002,0.002
24.03.2020 08:34:51.503 GMT-0500,1950.183,1949.1779999999999,0.002,0.0008
24.03.2020 08:34:51.756 GMT-0500,1949.3529999999998,1945.967,0.002,0.002
24.03.2020 08:34:52.359 GMT-0500,1950.7720000000002,1948.9279999999999,0.002,0.002
24.03.2020 08:34:52.605 GMT-0500,1950.7720000000002,1948.9279999999999,0.002,0.002
24.03.2020 08:34:53.107 GMT-0500,1950.7720000000002,1948.9479999999999,0.002,0.002
24.03.2020 08:34:54.438 GMT-0500,1950.683,1948.9279999999999,0.002,0.0008
24.03.2020 08:34:54.749 GMT-0500,1950.683,1948.9470000000001,0.002,0.0008
24.03.2020 08:34:55.159 GMT-0500,1950.6820000000002,1948.9470000000001,0.0008,0.002
24.03.2020 08:34:55.381 GMT-0500,1950.683,1948.9279999999999,0.002,0.002
24.03.2020 08:34:55.432 GMT-0500,1950.683,1948.9279999999999,0.002,0.0008
24.03.2020 08:34:55.578 GMT-0500,1950.6620000000003,1948.9279999999999,0.0008,0.002
24.03.2020 08:34:56.144 GMT-0500,1950.6620000000003,1948.9279999999999,0.002,0.002
24.03.2020 08:34:56.304 GMT-0500,1950.652,1948.9479999999999,0.002,0.002
24.03.2020 08:34:56.431 GMT-0500,1950.543,1948.9470000000001,0.002,0.002
24.03.2020 08:34:56.588 GMT-0500,1950.543,1948.9470000000001,0.002,0.002
24.03.2020 08:34:57.667 GMT-0500,1950.543,1948.9879999999998,0.002,0.0008
24.03.2020 08:34:58.221 GMT-0500,1950.5420000000001,1948.9879999999998,0.002,0.002
24.03.2020 08:34:58.336 GMT-0500,1950.352,1948.967,0.0008,0.002
24.03.2020 08:34:58.975 GMT-0500,1950.352,1948.997,0.0008,0.0008
24.03.2020 08:34:59.076 GMT-0500,1950.3329999999999,1948.9979999999998,0.002,0.0008
24.03.2020 08:34:59.184 GMT-0500,1950.3529999999998,1949.1979999999999,0.002,0.002
24.03.2020 08:34:59.234 GMT-0500,1950.352,1949.1979999999999,0.002,0.002
24.03.2020 08:34:59.294 GMT-0500,1950.7320000000002,1949.1979999999999,0.002,0.002
24.03.2020 08:34:59.344 GMT-0500,1950.683,1949.868,0.002,0.0008
24.03.2020 08:34:59.447 GMT-0500,1952.203,1949.777,0.002,0.002
24.03.2020 08:34:59.569 GMT-0500,1952.2020000000002,1949.777,0.0008,0.002
24.03.2020 08:34:59.720 GMT-0500,1952.2020000000002,1950.558,0.002,0.002
24.03.2020 08:35:00.156 GMT-0500,1952.2020000000002,1950.5770000000002,0.002,0.002
24.03.2020 08:35:00.256 GMT-0500,1951.993,1949.8970000000002,0.002,0.002
24.03.2020 08:35:00.441 GMT-0500,1951.5520000000001,1949.8970000000002,0.0008,0.002
24.03.2020 08:35:00.491 GMT-0500,1952.203,1950.5970000000002,0.002,0.002
24.03.2020 08:35:01.162 GMT-0500,1952.203,1951.3070000000002,0.002,0.0008
24.03.2020 08:35:01.213 GMT-0500,1953.0020000000002,1950.9779999999998,0.002,0.002
24.03.2020 08:35:01.502 GMT-0500,1952.193,1950.9779999999998,0.002,0.0008
24.03.2020 08:35:01.671 GMT-0500,1952.193,1950.5670000000002,0.002,0.002
24.03.2020 08:35:01.722 GMT-0500,1952.193,1950.5670000000002,0.002,0.002
24.03.2020 08:35:02.683 GMT-0500,1953.0020000000002,1950.5670000000002,0.0008,0.002
24.03.2020 08:35:04.553 GMT-0500,1952.193,1950.538,0.002,0.0008
24.03.2020 08:35:04.668 GMT-0500,1950.862,1946.888,0.002,0.002
24.03.2020 08:35:05.094 GMT-0500,1952.1920000000002,1950.0079999999998,0.002,0.002
24.03.2020 08:35:05.144 GMT-0500,1952.193,1950.027,0.002,0.002
24.03.2020 08:35:06.210 GMT-0500,1952.193,1950.0470000000003,0.002,0.002
24.03.2020 08:35:07.571 GMT-0500,1950.5629999999999,1949.747,0.0008,0.0008
24.03.2020 08:35:07.622 GMT-0500,1949.993,1946.1879999999999,0.002,0.0008
24.03.2020 08:35:08.128 GMT-0500,1949.9920000000002,1948.4279999999999,0.002,0.002
24.03.2020 08:35:09.551 GMT-0500,1949.2420000000002,1945.278,0.002,0.002
24.03.2020 08:35:09.784 GMT-0500,1949.2420000000002,1945.277,0.002,0.002
24.03.2020 08:35:09.885 GMT-0500,1948.493,1947.2379999999998,0.002,0.0008
24.03.2020 08:35:10.997 GMT-0500,1947.173,1943.648,0.0008,0.0008
24.03.2020 08:35:11.165 GMT-0500,1947.2220000000002,1946.0370000000003,0.0008,0.0008
24.03.2020 08:35:11.215 GMT-0500,1947.2220000000002,1943.648,0.002,0.002
24.03.2020 08:35:11.854 GMT-0500,1947.2220000000002,1945.277,0.002,0.0008
24.03.2020 08:35:12.280 GMT-0500,1946.6129999999998,1945.278,0.002,0.0008
24.03.2020 08:35:12.330 GMT-0500,1945.773,1943.5570000000002,0.002,0.002
24.03.2020 08:35:12.381 GMT-0500,1945.3020000000001,1943.3470000000002,0.0008,0.002
24.03.2020 08:35:12.582 GMT-0500,1944.9720000000002,1943.348,0.002,0.002
24.03.2020 08:35:13.040 GMT-0500,1944.9720000000002,1943.8370000000002,0.0008,0.0008
24.03.2020 08:35:13.090 GMT-0500,1944.9120000000003,1943.348,0.002,0.002
24.03.2020 08:35:13.141 GMT-0500,1948.893,1944.9070000000002,0.002,0.002
24.03.2020 08:35:13.243 GMT-0500,1946.2120000000002,1944.5370000000003,0.0008,0.002
24.03.2020 08:35:13.362 GMT-0500,1946.2120000000002,1944.558,0.002,0.0008
24.03.2020 08:35:13.514 GMT-0500,1946.2120000000002,1944.578,0.002,0.002
24.03.2020 08:35:13.906 GMT-0500,1947.122,1945.3670000000002,0.0008,0.002
24.03.2020 08:35:13.959 GMT-0500,1947.122,1945.388,0.002,0.002
24.03.2020 08:35:14.087 GMT-0500,1947.1229999999998,1945.408,0.002,0.0008
24.03.2020 08:35:14.300 GMT-0500,1949.2420000000002,1945.4070000000002,0.0008,0.002
24.03.2020 08:35:14.620 GMT-0500,1949.2420000000002,1946.348,0.002,0.0008
24.03.2020 08:35:14.671 GMT-0500,1949.2420000000002,1947.0970000000002,0.0008,0.002
24.03.2020 08:35:14.722 GMT-0500,1949.233,1945.8270000000002,0.002,0.002
24.03.2020 08:35:14.772 GMT-0500,1949.233,1947.0470000000003,0.002,0.002
24.03.2020 08:35:14.925 GMT-0500,1949.233,1947.308,0.002,0.0008
24.03.2020 08:35:15.602 GMT-0500,1949.2320000000002,1947.3270000000002,0.0008,0.0008
24.03.2020 08:35:15.703 GMT-0500,1949.2320000000002,1947.378,0.002,0.002
24.03.2020 08:35:16.432 GMT-0500,1949.213,1948.0079999999998,0.002,0.0008
24.03.2020 08:35:16.879 GMT-0500,1949.213,1947.4279999999999,0.002,0.0008
24.03.2020 08:35:17.038 GMT-0500,1949.213,1947.4270000000001,0.002,0.002
24.03.2020 08:35:17.247 GMT-0500,1949.193,1948.6170000000002,0.0008,0.0008
24.03.2020 08:35:17.297 GMT-0500,1949.9920000000002,1948.6070000000002,0.0008,0.002
24.03.2020 08:35:17.367 GMT-0500,1949.9920000000002,1948.6170000000002,0.0008,0.0008
24.03.2020 08:35:18.220 GMT-0500,1949.993,1948.6170000000002,0.002,0.0008
24.03.2020 08:35:18.270 GMT-0500,1949.993,1947.4279999999999,0.002,0.0008
24.03.2020 08:35:19.769 GMT-0500,1949.993,1947.4279999999999,0.002,0.0008
24.03.2020 08:35:20.249 GMT-0500,1949.3120000000001,1947.4279999999999,0.002,0.002
24.03.2020 08:35:20.299 GMT-0500,1950.003,1948.0079999999998,0.002,0.0008
24.03.2020 08:35:21.344 GMT-0500,1950.0020000000002,1948.048,0.002,0.002
24.03.2020 08:35:21.445 GMT-0500,1950.0020000000002,1948.088,0.002,0.002
24.03.2020 08:35:21.546 GMT-0500,1950.0020000000002,1948.1270000000002,0.0008,0.002
24.03.2020 08:35:21.696 GMT-0500,1950.0020000000002,1948.1879999999999,0.002,0.002
24.03.2020 08:35:21.797 GMT-0500,1950.003,1948.2279999999998,0.002,0.0008
24.03.2020 08:35:22.278 GMT-0500,1950.0020000000002,1948.2479999999998,0.002,0.002
24.03.2020 08:35:22.706 GMT-0500,1950.0020000000002,1948.268,0.002,0.002
24.03.2020 08:35:22.756 GMT-0500,1949.983,1948.2379999999998,0.002,0.0008
24.03.2020 08:35:23.026 GMT-0500,1949.6129999999998,1948.2379999999998,0.0008,0.002
24.03.2020 08:35:23.126 GMT-0500,1949.983,1948.267,0.002,0.002
24.03.2020 08:35:23.246 GMT-0500,1949.9820000000002,1948.267,0.0008,0.002
24.03.2020 08:35:23.397 GMT-0500,1949.983,1948.348,0.002,0.0008
24.03.2020 08:35:23.825 GMT-0500,1949.9820000000002,1948.3670000000002,0.0008,0.0008
24.03.2020 08:35:23.876 GMT-0500,1949.9820000000002,1948.358,0.002,0.002
24.03.2020 08:35:23.976 GMT-0500,1949.1720000000003,1947.4379999999999,0.002,0.002
24.03.2020 08:35:24.186 GMT-0500,1949.1720000000003,1947.4579999999999,0.002,0.0008
24.03.2020 08:35:24.377 GMT-0500,1949.763,1947.4579999999999,0.002,0.0008
24.03.2020 08:35:25.367 GMT-0500,1949.763,1946.0670000000002,0.002,0.002
24.03.2020 08:35:25.418 GMT-0500,1948.2720000000002,1946.0670000000002,0.0008,0.002
24.03.2020 08:35:26.347 GMT-0500,1948.0829999999999,1946.0670000000002,0.002,0.002
24.03.2020 08:35:27.684 GMT-0500,1946.592,1945.1570000000002,0.0008,0.002
24.03.2020 08:35:28.179 GMT-0500,1946.592,1943.3470000000002,0.0008,0.002
24.03.2020 08:35:28.891 GMT-0500,1945.153,1943.3470000000002,0.0008,0.002
24.03.2020 08:35:31.140 GMT-0500,1945.153,1943.588,0.002,0.0008
24.03.2020 08:35:31.890 GMT-0500,1946.902,1944.4879999999998,0.002,0.002
24.03.2020 08:35:32.539 GMT-0500,1946.902,1944.5079999999998,0.002,0.0008
24.03.2020 08:35:34.127 GMT-0500,1946.902,1944.548,0.002,0.002
24.03.2020 08:35:34.585 GMT-0500,1947.2720000000002,1944.568,0.002,0.002
24.03.2020 08:35:36.284 GMT-0500,1947.2720000000002,1945.247,0.0008,0.002
24.03.2020 08:35:36.725 GMT-0500,1947.273,1945.247,0.002,0.002
24.03.2020 08:35:36.833 GMT-0500,1947.993,1946.778,0.002,0.0008
24.03.2020 08:35:36.925 GMT-0500,1948.0020000000002,1946.777,0.0008,0.002
24.03.2020 08:35:36.975 GMT-0500,1948.003,1946.7970000000003,0.002,0.002
24.03.2020 08:35:37.120 GMT-0500,1948.003,1946.798,0.002,0.0008
24.03.2020 08:35:37.170 GMT-0500,1947.993,1946.778,0.002,0.0008
24.03.2020 08:35:37.960 GMT-0500,1947.3829999999998,1945.9470000000001,0.002,0.002
24.03.2020 08:35:38.496 GMT-0500,1947.3829999999998,1945.278,0.002,0.0008
24.03.2020 08:35:39.542 GMT-0500,1947.3829999999998,1945.278,0.002,0.002
24.03.2020 08:35:40.336 GMT-0500,1947.3829999999998,1945.298,0.0008,0.0008
24.03.2020 08:35:40.387 GMT-0500,1947.9920000000002,1945.298,0.002,0.002
24.03.2020 08:35:40.886 GMT-0500,1947.9920000000002,1945.298,0.002,0.002
24.03.2020 08:35:42.504 GMT-0500,1947.9920000000002,1945.3170000000002,0.0008,0.0008
24.03.2020 08:35:44.139 GMT-0500,1945.5629999999999,1944.048,0.002,0.0008
24.03.2020 08:35:44.251 GMT-0500,1945.5629999999999,1943.348,0.002,0.0008
24.03.2020 08:35:44.352 GMT-0500,1944.153,1940.798,0.002,0.0008
24.03.2020 08:35:44.520 GMT-0500,1944.153,1940.808,0.002,0.0008
24.03.2020 08:35:44.570 GMT-0500,1943.5720000000001,1940.8070000000002,0.0008,0.002
24.03.2020 08:35:44.796 GMT-0500,1943.5720000000001,1942.257,0.0008,0.0008
24.03.2020 08:35:45.087 GMT-0500,1943.5720000000001,1940.8070000000002,0.0008,0.002
24.03.2020 08:35:45.137 GMT-0500,1943.5729999999999,1940.8070000000002,0.002,0.002
24.03.2020 08:35:45.348 GMT-0500,1943.5729999999999,1942.267,0.0008,0.0008
24.03.2020 08:35:45.398 GMT-0500,1944.642,1942.267,0.0008,0.002
24.03.2020 08:35:45.449 GMT-0500,1944.642,1942.2870000000003,0.0008,0.002
24.03.2020 08:35:45.499 GMT-0500,1944.642,1940.808,0.002,0.002
24.03.2020 08:35:45.555 GMT-0500,1944.642,1943.0079999999998,0.002,0.0008
24.03.2020 08:35:46.008 GMT-0500,1944.5529999999999,1943.0079999999998,0.002,0.0008
24.03.2020 08:35:46.370 GMT-0500,1944.5529999999999,1943.028,0.0008,0.0008
24.03.2020 08:35:46.621 GMT-0500,1944.5620000000001,1943.0470000000003,0.0008,0.002
24.03.2020 08:35:46.722 GMT-0500,1944.5520000000001,1943.2870000000003,0.0008,0.002
24.03.2020 08:35:46.801 GMT-0500,1944.5529999999999,1942.237,0.002,0.002
24.03.2020 08:35:47.526 GMT-0500,1944.5529999999999,1943.048,0.002,0.0008
24.03.2020 08:35:47.750 GMT-0500,1944.5529999999999,1942.2279999999998,0.002,0.0008
24.03.2020 08:35:49.060 GMT-0500,1944.5529999999999,1942.2279999999998,0.002,0.002
24.03.2020 08:35:49.178 GMT-0500,1944.5529999999999,1943.088,0.002,0.0008
24.03.2020 08:35:49.229 GMT-0500,1944.5520000000001,1942.2279999999998,0.002,0.002
24.03.2020 08:35:49.513 GMT-0500,1944.5320000000002,1942.2279999999998,0.0008,0.002
24.03.2020 08:35:49.765 GMT-0500,1944.643,1943.237,0.002,0.002
24.03.2020 08:35:50.112 GMT-0500,1944.643,1943.2379999999998,0.002,0.0008
24.03.2020 08:35:50.162 GMT-0500,1944.543,1942.237,0.002,0.002
24.03.2020 08:35:50.610 GMT-0500,1944.5420000000001,1940.808,0.002,0.002
24.03.2020 08:35:51.138 GMT-0500,1944.5420000000001,1940.808,0.002,0.002
24.03.2020 08:35:51.285 GMT-0500,1944.543,1942.227,0.002,0.002
24.03.2020 08:35:51.392 GMT-0500,1944.543,1943.078,0.002,0.0008
24.03.2020 08:35:51.493 GMT-0500,1944.413,1942.237,0.002,0.002
24.03.2020 08:35:51.543 GMT-0500,1944.413,1943.0770000000002,0.002,0.002
24.03.2020 08:35:51.788 GMT-0500,1944.642,1943.098,0.002,0.002
24.03.2020 08:35:52.193 GMT-0500,1944.5420000000001,1943.098,0.0008,0.002
24.03.2020 08:35:52.501 GMT-0500,1944.642,1943.098,0.002,0.002
24.03.2020 08:35:52.552 GMT-0500,1944.642,1943.358,0.002,0.002
24.03.2020 08:35:52.653 GMT-0500,1944.643,1943.4470000000001,0.002,0.002
24.03.2020 08:35:52.803 GMT-0500,1944.643,1943.457,0.002,0.002
24.03.2020 08:35:53.371 GMT-0500,1944.643,1942.538,0.002,0.002
24.03.2020 08:35:53.461 GMT-0500,1944.632,1943.1670000000001,0.0008,0.002
24.03.2020 08:35:53.934 GMT-0500,1944.632,1942.518,0.002,0.0008
24.03.2020 08:35:54.479 GMT-0500,1944.6329999999998,1943.1670000000001,0.002,0.0008
24.03.2020 08:35:54.648 GMT-0500,1944.6329999999998,1942.9979999999998,0.002,0.002
24.03.2020 08:35:54.699 GMT-0500,1944.632,1942.9979999999998,0.002,0.002
24.03.2020 08:35:54.749 GMT-0500,1944.642,1943.6070000000002,0.0008,0.002
24.03.2020 08:35:55.422 GMT-0500,1944.642,1942.997,0.0008,0.002
24.03.2020 08:35:55.514 GMT-0500,1944.643,1942.997,0.002,0.002
24.03.2020 08:35:55.715 GMT-0500,1944.643,1943.638,0.002,0.0008
24.03.2020 08:35:55.816 GMT-0500,1944.643,1943.6779999999999,0.002,0.0008
24.03.2020 08:35:56.151 GMT-0500,1944.643,1942.997,0.002,0.002
24.03.2020 08:35:56.202 GMT-0500,1944.6229999999998,1942.997,0.002,0.002
24.03.2020 08:35:56.425 GMT-0500,1944.642,1942.997,0.002,0.002
24.03.2020 08:35:56.903 GMT-0500,1943.903,1942.4279999999999,0.0008,0.002
24.03.2020 08:35:57.004 GMT-0500,1942.983,1941.2970000000003,0.002,0.002
24.03.2020 08:35:57.054 GMT-0500,1942.9520000000002,1941.3170000000002,0.0008,0.002
24.03.2020 08:35:57.309 GMT-0500,1942.953,1941.3170000000002,0.002,0.0008
24.03.2020 08:35:57.359 GMT-0500,1942.933,1939.997,0.002,0.002
24.03.2020 08:35:57.919 GMT-0500,1942.9120000000003,1939.997,0.0008,0.002
24.03.2020 08:35:58.915 GMT-0500,1942.9120000000003,1939.997,0.0008,0.002
24.03.2020 08:35:58.965 GMT-0500,1942.9120000000003,1939.997,0.0008,0.002
24.03.2020 08:36:00.588 GMT-0500,1942.9120000000003,1941.3070000000002,0.0008,0.0008
24.03.2020 08:36:00.739 GMT-0500,1942.913,1939.9979999999998,0.002,0.002
24.03.2020 08:36:00.791 GMT-0500,1941.842,1939.9979999999998,0.002,0.002
24.03.2020 08:36:00.927 GMT-0500,1941.842,1940.408,0.002,0.0008
24.03.2020 08:36:01.515 GMT-0500,1941.8220000000001,1940.408,0.0008,0.002
24.03.2020 08:36:02.438 GMT-0500,1943.0829999999999,1940.4479999999999,0.002,0.0008
24.03.2020 08:36:03.424 GMT-0500,1943.0829999999999,1940.4679999999998,0.002,0.002
24.03.2020 08:36:03.563 GMT-0500,1943.082,1940.528,0.002,0.002
24.03.2020 08:36:03.713 GMT-0500,1943.0829999999999,1940.608,0.002,0.0008
24.03.2020 08:36:04.408 GMT-0500,1943.0629999999999,1940.608,0.0008,0.0008
24.03.2020 08:36:06.204 GMT-0500,1941.8329999999999,1940.6070000000002,0.0008,0.0008
24.03.2020 08:36:06.733 GMT-0500,1940.5520000000001,1939.997,0.0008,0.0008
24.03.2020 08:36:06.783 GMT-0500,1940.3220000000001,1938.9979999999998,0.002,0.002
24.03.2020 08:36:07.177 GMT-0500,1940.582,1939.007,0.0008,0.002
24.03.2020 08:36:07.772 GMT-0500,1940.5729999999999,1939.0079999999998,0.002,0.0008
24.03.2020 08:36:07.833 GMT-0500,1940.5829999999999,1939.007,0.002,0.002
24.03.2020 08:36:07.883 GMT-0500,1940.2420000000002,1938.997,0.0008,0.002
24.03.2020 08:36:08.034 GMT-0500,1940.2420000000002,1939.0079999999998,0.0008,0.0008
24.03.2020 08:36:08.084 GMT-0500,1940.5729999999999,1939.0079999999998,0.002,0.0008
24.03.2020 08:36:08.676 GMT-0500,1940.5729999999999,1938.9979999999998,0.002,0.002
24.03.2020 08:36:08.864 GMT-0500,1940.5729999999999,1939.017,0.002,0.0008
24.03.2020 08:36:09.175 GMT-0500,1940.5629999999999,1939.018,0.002,0.0008
24.03.2020 08:36:09.805 GMT-0500,1940.5520000000001,1939.038,0.0008,0.002
24.03.2020 08:36:10.151 GMT-0500,1940.872,1939.098,0.002,0.002
24.03.2020 08:36:10.341 GMT-0500,1939.983,1939.0079999999998,0.0008,0.0008
24.03.2020 08:36:10.391 GMT-0500,1940.8729999999998,1939.0079999999998,0.002,0.0008
24.03.2020 08:36:10.938 GMT-0500,1939.9320000000002,1939.0079999999998,0.0008,0.0008
24.03.2020 08:36:10.988 GMT-0500,1939.8629999999998,1938.007,0.002,0.002
24.03.2020 08:36:12.250 GMT-0500,1939.862,1938.007,0.0008,0.002
24.03.2020 08:36:12.473 GMT-0500,1939.852,1938.028,0.0008,0.002
24.03.2020 08:36:12.649 GMT-0500,1939.852,1938.048,0.002,0.0008
24.03.2020 08:36:12.816 GMT-0500,1939.8529999999998,1938.0670000000002,0.002,0.0008
24.03.2020 08:36:13.261 GMT-0500,1939.8529999999998,1938.0670000000002,0.002,0.002
24.03.2020 08:36:13.794 GMT-0500,1939.8529999999998,1935.9979999999998,0.002,0.002
24.03.2020 08:36:13.847 GMT-0500,1939.852,1935.9979999999998,0.002,0.002
24.03.2020 08:36:14.138 GMT-0500,1939.852,1935.9979999999998,0.002,0.002
24.03.2020 08:36:14.636 GMT-0500,1939.832,1938.078,0.0008,0.002
24.03.2020 08:36:14.687 GMT-0500,1939.8329999999999,1935.9979999999998,0.002,0.0008
24.03.2020 08:36:14.836 GMT-0500,1938.733,1935.9979999999998,0.0008,0.0008
24.03.2020 08:36:15.519 GMT-0500,1938.3529999999998,1937.1779999999999,0.002,0.0008
24.03.2020 08:36:15.569 GMT-0500,1938.773,1937.1779999999999,0.002,0.0008
24.03.2020 08:36:15.775 GMT-0500,1939.4120000000003,1937.1770000000001,0.0008,0.002
24.03.2020 08:36:16.083 GMT-0500,1939.9920000000002,1938.6070000000002,0.0008,0.002
24.03.2020 08:36:16.186 GMT-0500,1939.993,1937.467,0.002,0.002
24.03.2020 08:36:16.594 GMT-0500,1939.993,1935.997,0.002,0.002
24.03.2020 08:36:16.701 GMT-0500,1939.3629999999998,1935.997,0.0008,0.002
24.03.2020 08:36:16.978 GMT-0500,1939.3629999999998,1937.5370000000003,0.002,0.002
24.03.2020 08:36:17.144 GMT-0500,1939.102,1937.517,0.0008,0.002
24.03.2020 08:36:18.451 GMT-0500,1939.642,1935.997,0.0008,0.002
24.03.2020 08:36:18.932 GMT-0500,1941.2120000000002,1939.138,0.002,0.002
24.03.2020 08:36:19.518 GMT-0500,1941.213,1940.007,0.002,0.002
24.03.2020 08:36:20.943 GMT-0500,1941.892,1940.237,0.0008,0.002
24.03.2020 08:36:21.634 GMT-0500,1944.642,1941.9270000000001,0.0008,0.002
24.03.2020 08:36:21.803 GMT-0500,1944.642,1941.9270000000001,0.0008,0.0008
24.03.2020 08:36:22.259 GMT-0500,1944.642,1941.9470000000001,0.0008,0.002
24.03.2020 08:36:22.416 GMT-0500,1943.983,1942.507,0.0008,0.0008
24.03.2020 08:36:22.466 GMT-0500,1943.983,1942.0870000000002,0.002,0.002
24.03.2020 08:36:22.640 GMT-0500,1943.983,1942.1070000000002,0.002,0.002
24.03.2020 08:36:22.779 GMT-0500,1943.043,1942.1070000000002,0.0008,0.0008
24.03.2020 08:36:22.829 GMT-0500,1943.043,1940.2079999999999,0.002,0.0008
24.03.2020 08:36:23.024 GMT-0500,1943.043,1941.9070000000002,0.0008,0.0008
24.03.2020 08:36:23.075 GMT-0500,1943.5929999999998,1941.9070000000002,0.002,0.002
24.03.2020 08:36:23.249 GMT-0500,1943.5929999999998,1941.9070000000002,0.002,0.002
24.03.2020 08:36:23.299 GMT-0500,1944.642,1941.9470000000001,0.0008,0.002
24.03.2020 08:36:23.420 GMT-0500,1944.043,1941.957,0.002,0.002
24.03.2020 08:36:23.625 GMT-0500,1943.5929999999998,1941.977,0.002,0.002
24.03.2020 08:36:23.789 GMT-0500,1943.592,1941.977,0.0008,0.002
24.03.2020 08:36:23.840 GMT-0500,1944.643,1942.017,0.002,0.002
24.03.2020 08:36:23.896 GMT-0500,1944.642,1942.038,0.002,0.002
24.03.2020 08:36:24.032 GMT-0500,1944.642,1942.038,0.002,0.002
24.03.2020 08:36:24.287 GMT-0500,1943.592,1942.0570000000002,0.0008,0.0008
24.03.2020 08:36:24.754 GMT-0500,1943.592,1940.207,0.0008,0.002
24.03.2020 08:36:24.805 GMT-0500,1943.592,1941.977,0.0008,0.002
24.03.2020 08:36:24.967 GMT-0500,1943.592,1940.207,0.0008,0.002
24.03.2020 08:36:25.038 GMT-0500,1943.592,1941.997,0.0008,0.0008
24.03.2020 08:36:25.188 GMT-0500,1943.592,1942.0570000000002,0.0008,0.002
24.03.2020 08:36:25.476 GMT-0500,1944.642,1942.078,0.002,0.002
24.03.2020 08:36:25.527 GMT-0500,1944.642,1942.078,0.002,0.002
24.03.2020 08:36:25.577 GMT-0500,1943.983,1942.078,0.002,0.0008
24.03.2020 08:36:26.241 GMT-0500,1944.643,1942.0770000000002,0.002,0.002
24.03.2020 08:36:26.392 GMT-0500,1943.9820000000002,1942.078,0.002,0.002
24.03.2020 08:36:26.936 GMT-0500,1944.642,1942.078,0.002,0.002
24.03.2020 08:36:27.262 GMT-0500,1944.642,1942.108,0.002,0.002
24.03.2020 08:36:27.470 GMT-0500,1943.983,1942.2970000000003,0.002,0.002
24.03.2020 08:36:28.031 GMT-0500,1944.643,1942.298,0.002,0.0008
24.03.2020 08:36:28.443 GMT-0500,1944.643,1942.298,0.002,0.0008
24.03.2020 08:36:28.493 GMT-0500,1943.983,1940.2079999999999,0.002,0.0008
24.03.2020 08:36:28.615 GMT-0500,1943.983,1940.207,0.002,0.002
24.03.2020 08:36:30.254 GMT-0500,1943.9620000000002,1940.207,0.002,0.002
24.03.2020 08:36:30.304 GMT-0500,1943.963,1942.3570000000002,0.002,0.002
24.03.2020 08:36:30.355 GMT-0500,1943.963,1942.3970000000002,0.002,0.002
24.03.2020 08:36:30.737 GMT-0500,1944.642,1942.3970000000002,0.002,0.002
24.03.2020 08:36:30.837 GMT-0500,1943.9620000000002,1940.207,0.0008,0.002
24.03.2020 08:36:30.888 GMT-0500,1943.963,1942.3770000000002,0.002,0.002
24.03.2020 08:36:31.066 GMT-0500,1943.9620000000002,1942.3770000000002,0.0008,0.0008
24.03.2020 08:36:31.116 GMT-0500,1943.9620000000002,1940.207,0.0008,0.002
24.03.2020 08:36:31.167 GMT-0500,1943.9620000000002,1942.3770000000002,0.0008,0.002
24.03.2020 08:36:33.811 GMT-0500,1943.9720000000002,1942.378,0.002,0.002
24.03.2020 08:36:33.917 GMT-0500,1943.9720000000002,1943.737,0.0008,0.0008
24.03.2020 08:36:33.968 GMT-0500,1944.643,1943.9579999999999,0.002,0.0008
24.03.2020 08:36:34.068 GMT-0500,1945.7320000000002,1943.8570000000002,0.0008,0.002
24.03.2020 08:36:34.169 GMT-0500,1945.733,1943.0570000000002,0.002,0.002
24.03.2020 08:36:34.267 GMT-0500,1945.7320000000002,1943.888,0.002,0.002
24.03.2020 08:36:34.519 GMT-0500,1944.9320000000002,1943.888,0.0008,0.0008
24.03.2020 08:36:34.570 GMT-0500,1944.9320000000002,1943.217,0.0008,0.002
24.03.2020 08:36:34.910 GMT-0500,1945.733,1943.217,0.002,0.002
24.03.2020 08:36:35.015 GMT-0500,1945.733,1943.237,0.002,0.002
24.03.2020 08:36:35.267 GMT-0500,1945.733,1943.2379999999998,0.002,0.0008
24.03.2020 08:36:35.535 GMT-0500,1945.7320000000002,1943.2379999999998,0.002,0.002
24.03.2020 08:36:35.663 GMT-0500,1944.9320000000002,1943.2379999999998,0.0008,0.002
24.03.2020 08:36:36.360 GMT-0500,1945.733,1943.237,0.002,0.002
24.03.2020 08:36:36.410 GMT-0500,1945.733,1943.9779999999998,0.002,0.0008
24.03.2020 08:36:36.693 GMT-0500,1945.7320000000002,1943.9779999999998,0.002,0.002
24.03.2020 08:36:37.182 GMT-0500,1945.5120000000002,1943.9979999999998,0.002,0.002
24.03.2020 08:36:37.270 GMT-0500,1945.5120000000002,1944.018,0.002,0.0008
24.03.2020 08:36:37.498 GMT-0500,1945.733,1944.0370000000003,0.002,0.002
24.03.2020 08:36:37.679 GMT-0500,1945.513,1944.0370000000003,0.0008,0.002
24.03.2020 08:36:39.403 GMT-0500,1945.733,1945.017,0.002,0.002
24.03.2020 08:36:39.571 GMT-0500,1945.733,1942.298,0.002,0.0008
24.03.2020 08:36:39.913 GMT-0500,1945.733,1944.65,0.002,0.0008
24.03.2020 08:36:40.052 GMT-0500,1945.733,1944.8370000000002,0.002,0.002
24.03.2020 08:36:40.102 GMT-0500,1947.0120000000002,1944.868,0.002,0.002
24.03.2020 08:36:41.286 GMT-0500,1946.0720000000001,1942.298,0.002,0.002
24.03.2020 08:36:41.603 GMT-0500,1945.3129999999999,1944.028,0.002,0.0008
24.03.2020 08:36:42.025 GMT-0500,1945.3029999999999,1944.027,0.0008,0.002
24.03.2020 08:36:42.076 GMT-0500,1946.0720000000001,1944.027,0.0008,0.002
24.03.2020 08:36:42.307 GMT-0500,1945.4120000000003,1944.028,0.002,0.002
24.03.2020 08:36:42.409 GMT-0500,1945.4120000000003,1942.298,0.002,0.002
24.03.2020 08:36:42.460 GMT-0500,1945.4120000000003,1944.028,0.002,0.002
24.03.2020 08:36:42.598 GMT-0500,1945.4120000000003,1942.2970000000003,0.0008,0.002
24.03.2020 08:36:42.690 GMT-0500,1945.4120000000003,1944.0079999999998,0.002,0.0008
24.03.2020 08:36:43.296 GMT-0500,1945.4120000000003,1944.007,0.0008,0.002
24.03.2020 08:36:43.346 GMT-0500,1945.413,1944.007,0.002,0.002
24.03.2020 08:36:43.669 GMT-0500,1945.4120000000003,1944.018,0.002,0.002
24.03.2020 08:36:43.827 GMT-0500,1945.413,1944.0079999999998,0.002,0.002
24.03.2020 08:36:43.878 GMT-0500,1945.413,1944.0079999999998,0.002,0.0008
24.03.2020 08:36:43.994 GMT-0500,1945.413,1943.2279999999998,0.002,0.002
24.03.2020 08:36:44.045 GMT-0500,1944.433,1943.2279999999998,0.002,0.0008
24.03.2020 08:36:44.211 GMT-0500,1944.433,1943.227,0.002,0.002
24.03.2020 08:36:44.261 GMT-0500,1943.5729999999999,1942.298,0.002,0.0008
24.03.2020 08:36:44.384 GMT-0500,1944.213,1942.2970000000003,0.002,0.002
24.03.2020 08:36:45.462 GMT-0500,1944.415,1943.018,0.0008,0.0008
24.03.2020 08:36:46.145 GMT-0500,1944.203,1942.2970000000003,0.002,0.002
24.03.2020 08:36:46.348 GMT-0500,1945.003,1943.507,0.002,0.0008
24.03.2020 08:36:46.398 GMT-0500,1945.003,1942.2970000000003,0.002,0.002
24.03.2020 08:36:46.990 GMT-0500,1945.003,1942.298,0.002,0.0008
24.03.2020 08:36:47.380 GMT-0500,1943.9920000000002,1942.298,0.0008,0.002
24.03.2020 08:36:47.940 GMT-0500,1943.393,1942.298,0.0008,0.0008
24.03.2020 08:36:48.091 GMT-0500,1942.153,1940.207,0.002,0.002
24.03.2020 08:36:48.193 GMT-0500,1942.153,1940.997,0.002,0.0008
24.03.2020 08:36:49.652 GMT-0500,1942.142,1940.9979999999998,0.002,0.002
24.03.2020 08:36:50.136 GMT-0500,1942.8329999999999,1941.017,0.0008,0.0008
24.03.2020 08:36:50.601 GMT-0500,1943.9920000000002,1941.578,0.002,0.002
24.03.2020 08:36:51.439 GMT-0500,1943.9920000000002,1941.598,0.002,0.0008
24.03.2020 08:36:51.540 GMT-0500,1943.9920000000002,1941.638,0.002,0.002
24.03.2020 08:36:51.641 GMT-0500,1943.993,1941.6770000000001,0.002,0.002
24.03.2020 08:36:51.754 GMT-0500,1943.993,1941.7179999999998,0.002,0.0008
24.03.2020 08:36:51.855 GMT-0500,1943.993,1941.777,0.002,0.002
24.03.2020 08:36:52.006 GMT-0500,1943.9920000000002,1941.8370000000002,0.0008,0.002
24.03.2020 08:36:52.698 GMT-0500,1943.9920000000002,1941.8570000000002,0.0008,0.002
24.03.2020 08:36:53.070 GMT-0500,1943.9920000000002,1941.8770000000002,0.0008,0.0008
24.03.2020 08:36:54.594 GMT-0500,1943.9220000000003,1940.2079999999999,0.002,0.002
24.03.2020 08:36:54.644 GMT-0500,1943.923,1940.2079999999999,0.002,0.0008
24.03.2020 08:36:54.695 GMT-0500,1943.733,1942.2079999999999,0.002,0.0008
24.03.2020 08:36:55.058 GMT-0500,1943.733,1942.2079999999999,0.0008,0.0008
24.03.2020 08:36:55.109 GMT-0500,1943.9920000000002,1942.2079999999999,0.002,0.002
24.03.2020 08:36:56.028 GMT-0500,1943.9920000000002,1942.3670000000002,0.0008,0.0008
24.03.2020 08:36:56.588 GMT-0500,1944.092,1942.368,0.002,0.002
24.03.2020 08:36:56.718 GMT-0500,1944.092,1942.3670000000002,0.002,0.002
24.03.2020 08:36:56.819 GMT-0500,1943.7220000000002,1942.3670000000002,0.0008,0.002
24.03.2020 08:36:56.869 GMT-0500,1944.0929999999998,1942.3670000000002,0.002,0.002
24.03.2020 08:36:56.919 GMT-0500,1944.092,1942.658,0.002,0.002
24.03.2020 08:36:57.119 GMT-0500,1943.392,1942.4270000000001,0.0008,0.002
24.03.2020 08:36:57.169 GMT-0500,1944.0120000000002,1942.2079999999999,0.002,0.002
24.03.2020 08:36:57.263 GMT-0500,1944.0020000000002,1942.457,0.0008,0.002
24.03.2020 08:36:57.494 GMT-0500,1944.0020000000002,1942.4679999999998,0.002,0.0008
24.03.2020 08:36:57.595 GMT-0500,1944.0120000000002,1942.4679999999998,0.002,0.002
24.03.2020 08:36:57.829 GMT-0500,1944.0120000000002,1942.467,0.002,0.002
24.03.2020 08:36:57.930 GMT-0500,1943.0120000000002,1941.9379999999999,0.002,0.002
24.03.2020 08:37:01.011 GMT-0500,1942.362,1940.207,0.0008,0.002
24.03.2020 08:37:01.129 GMT-0500,1942.362,1941.1270000000002,0.0008,0.0008
24.03.2020 08:37:01.230 GMT-0500,1942.3629999999998,1941.128,0.002,0.0008
24.03.2020 08:37:01.350 GMT-0500,1943.7120000000002,1941.138,0.002,0.002
24.03.2020 08:37:01.755 GMT-0500,1943.7120000000002,1941.1370000000002,0.002,0.002
24.03.2020 08:37:01.984 GMT-0500,1943.0620000000001,1940.6670000000001,0.0008,0.002
24.03.2020 08:37:02.035 GMT-0500,1943.0629999999999,1940.6670000000001,0.002,0.002
24.03.2020 08:37:02.085 GMT-0500,1942.993,1941.128,0.002,0.0008
24.03.2020 08:37:02.135 GMT-0500,1942.9920000000002,1940.668,0.002,0.002
24.03.2020 08:37:02.262 GMT-0500,1942.9920000000002,1940.2079999999999,0.002,0.002
24.03.2020 08:37:02.411 GMT-0500,1942.993,1940.2079999999999,0.002,0.002
24.03.2020 08:37:02.611 GMT-0500,1942.9920000000002,1941.0770000000002,0.0008,0.002
24.03.2020 08:37:02.711 GMT-0500,1942.9920000000002,1940.2079999999999,0.002,0.002
24.03.2020 08:37:02.840 GMT-0500,1942.9920000000002,1940.207,0.002,0.002
24.03.2020 08:37:02.948 GMT-0500,1942.122,1940.2079999999999,0.002,0.002
24.03.2020 08:37:03.313 GMT-0500,1941.8829999999998,1940.207,0.002,0.002
24.03.2020 08:37:03.363 GMT-0500,1941.043,1939.1370000000002,0.002,0.002
24.03.2020 08:37:03.418 GMT-0500,1940.5220000000002,1939.1370000000002,0.0008,0.002
24.03.2020 08:37:03.468 GMT-0500,1941.372,1939.1370000000002,0.0008,0.002
24.03.2020 08:37:03.600 GMT-0500,1941.372,1939.6970000000001,0.0008,0.0008
24.03.2020 08:37:04.488 GMT-0500,1941.3729999999998,1939.6970000000001,0.002,0.002
24.03.2020 08:37:04.731 GMT-0500,1941.893,1940.0079999999998,0.002,0.0008
24.03.2020 08:37:04.782 GMT-0500,1941.893,1940.0079999999998,0.002,0.0008
24.03.2020 08:37:05.293 GMT-0500,1941.893,1940.0079999999998,0.002,0.0008
24.03.2020 08:37:05.343 GMT-0500,1941.362,1939.737,0.0008,0.002
24.03.2020 08:37:08.180 GMT-0500,1941.3629999999998,1939.737,0.002,0.002
24.03.2020 08:37:08.281 GMT-0500,1941.892,1940.027,0.0008,0.002
24.03.2020 08:37:08.331 GMT-0500,1941.892,1940.0470000000003,0.0008,0.002
24.03.2020 08:37:08.434 GMT-0500,1941.893,1940.0870000000002,0.002,0.002
24.03.2020 08:37:08.538 GMT-0500,1941.893,1939.737,0.002,0.002
24.03.2020 08:37:08.588 GMT-0500,1941.352,1939.737,0.0008,0.002
24.03.2020 08:37:08.855 GMT-0500,1941.352,1939.737,0.0008,0.0008
24.03.2020 08:37:08.906 GMT-0500,1941.352,1939.7279999999998,0.002,0.002
24.03.2020 08:37:08.960 GMT-0500,1941.352,1940.027,0.0008,0.0008
24.03.2020 08:37:09.213 GMT-0500,1940.0220000000002,1939.2379999999998,0.0008,0.0008
24.03.2020 08:37:09.263 GMT-0500,1940.463,1939.2379999999998,0.002,0.0008
24.03.2020 08:37:09.851 GMT-0500,1940.463,1939.138,0.002,0.002
24.03.2020 08:37:09.902 GMT-0500,1939.143,1935.9979999999998,0.002,0.0008
24.03.2020 08:37:10.019 GMT-0500,1939.132,1935.997,0.0008,0.002
24.03.2020 08:37:10.907 GMT-0500,1938.5620000000001,1935.9979999999998,0.0008,0.002
24.03.2020 08:37:11.008 GMT-0500,1938.382,1936.658,0.002,0.002
24.03.2020 08:37:11.109 GMT-0500,1938.3829999999998,1937.0670000000002,0.002,0.002
24.03.2020 08:37:11.255 GMT-0500,1938.9120000000003,1937.088,0.002,0.002
24.03.2020 08:37:11.305 GMT-0500,1941.0120000000002,1939.0570000000002,0.0008,0.002
24.03.2020 08:37:11.355 GMT-0500,1941.013,1939.078,0.002,0.0008
24.03.2020 08:37:11.464 GMT-0500,1940.933,1939.0770000000002,0.002,0.002
24.03.2020 08:37:11.962 GMT-0500,1940.933,1939.088,0.002,0.0008
24.03.2020 08:37:12.089 GMT-0500,1940.7020000000002,1939.0770000000002,0.002,0.002
24.03.2020 08:37:12.190 GMT-0500,1940.693,1939.277,0.002,0.002
24.03.2020 08:37:12.429 GMT-0500,1940.6920000000002,1939.277,0.0008,0.0008
24.03.2020 08:37:12.479 GMT-0500,1940.6920000000002,1939.0670000000002,0.0008,0.002
24.03.2020 08:37:12.529 GMT-0500,1940.693,1939.277,0.002,0.002
24.03.2020 08:37:12.650 GMT-0500,1941.3529999999998,1939.277,0.002,0.002
24.03.2020 08:37:13.393 GMT-0500,1941.352,1939.2970000000003,0.0008,0.002
24.03.2020 08:37:13.444 GMT-0500,1941.3529999999998,1939.0670000000002,0.002,0.002
24.03.2020 08:37:13.569 GMT-0500,1941.3529999999998,1939.4279999999999,0.002,0.0008
24.03.2020 08:37:14.215 GMT-0500,1941.342,1939.4270000000001,0.0008,0.002
24.03.2020 08:37:14.434 GMT-0500,1941.892,1939.4270000000001,0.0008,0.002
24.03.2020 08:37:14.841 GMT-0500,1941.342,1939.4270000000001,0.0008,0.002
24.03.2020 08:37:14.941 GMT-0500,1941.342,1939.0670000000002,0.0008,0.002
24.03.2020 08:37:14.992 GMT-0500,1941.342,1939.4979999999998,0.002,0.002
24.03.2020 08:37:15.143 GMT-0500,1941.3429999999998,1940.0079999999998,0.002,0.0008
24.03.2020 08:37:15.349 GMT-0500,1941.3429999999998,1940.0079999999998,0.0008,0.0008
24.03.2020 08:37:15.399 GMT-0500,1941.892,1940.0079999999998,0.002,0.002
24.03.2020 08:37:15.544 GMT-0500,1941.892,1940.3970000000002,0.0008,0.0008
24.03.2020 08:37:15.595 GMT-0500,1943.0020000000002,1941.898,0.002,0.002
24.03.2020 08:37:16.001 GMT-0500,1942.453,1941.605,0.0008,0.0008
24.03.2020 08:37:16.051 GMT-0500,1943.0020000000002,1939.0670000000002,0.0008,0.002
24.03.2020 08:37:16.101 GMT-0500,1942.9920000000002,1939.068,0.002,0.002
24.03.2020 08:37:17.418 GMT-0500,1942.9920000000002,1941.358,0.0008,0.002
24.03.2020 08:37:17.469 GMT-0500,1943.003,1941.358,0.002,0.0008
24.03.2020 08:37:17.545 GMT-0500,1943.003,1941.358,0.002,0.0008
24.03.2020 08:37:18.464 GMT-0500,1942.993,1939.0670000000002,0.002,0.002
24.03.2020 08:37:18.982 GMT-0500,1942.9720000000002,1939.0670000000002,0.0008,0.002
24.03.2020 08:37:19.383 GMT-0500,1942.9720000000002,1941.1979999999999,0.002,0.0008
24.03.2020 08:37:19.563 GMT-0500,1942.9520000000002,1941.1979999999999,0.0008,0.002
24.03.2020 08:37:20.424 GMT-0500,1942.953,1941.1779999999999,0.002,0.0008
24.03.2020 08:37:21.160 GMT-0500,1942.953,1941.1770000000001,0.002,0.002
24.03.2020 08:37:21.422 GMT-0500,1941.0420000000001,1939.0670000000002,0.0008,0.002
24.03.2020 08:37:21.473 GMT-0500,1942.3020000000001,1940.018,0.002,0.002
24.03.2020 08:37:21.523 GMT-0500,1942.3020000000001,1940.038,0.002,0.002
24.03.2020 08:37:21.727 GMT-0500,1943.003,1940.0370000000003,0.002,0.002
24.03.2020 08:37:21.840 GMT-0500,1943.003,1940.0370000000003,0.002,0.002
24.03.2020 08:37:22.318 GMT-0500,1940.673,1939.068,0.0008,0.002
24.03.2020 08:37:22.506 GMT-0500,1940.673,1939.288,0.002,0.0008
24.03.2020 08:37:22.556 GMT-0500,1940.673,1939.0670000000002,0.002,0.002
24.03.2020 08:37:22.654 GMT-0500,1940.673,1939.2870000000003,0.002,0.0008
24.03.2020 08:37:22.706 GMT-0500,1941.2220000000002,1939.288,0.002,0.002
24.03.2020 08:37:22.821 GMT-0500,1941.223,1939.068,0.002,0.0008
24.03.2020 08:37:22.871 GMT-0500,1939.993,1938.217,0.002,0.002
24.03.2020 08:37:23.077 GMT-0500,1939.993,1938.237,0.0008,0.0008
24.03.2020 08:37:23.128 GMT-0500,1943.0020000000002,1939.018,0.002,0.002
24.03.2020 08:37:23.245 GMT-0500,1941.0420000000001,1939.5079999999998,0.002,0.002
24.03.2020 08:37:23.454 GMT-0500,1941.0420000000001,1940.4270000000001,0.0008,0.0008
24.03.2020 08:37:23.504 GMT-0500,1943.003,1942.4370000000001,0.002,0.002
24.03.2020 08:37:23.555 GMT-0500,1943.0020000000002,1941.9279999999999,0.002,0.002
24.03.2020 08:37:23.605 GMT-0500,1943.0020000000002,1942.4479999999999,0.002,0.002
24.03.2020 08:37:23.742 GMT-0500,1944.092,1942.7279999999998,0.002,0.002
24.03.2020 08:37:23.836 GMT-0500,1944.092,1942.318,0.002,0.002
24.03.2020 08:37:23.887 GMT-0500,1943.7120000000002,1942.1670000000001,0.0008,0.002
24.03.2020 08:37:24.229 GMT-0500,1944.092,1942.9679999999998,0.002,0.002
24.03.2020 08:37:24.382 GMT-0500,1944.092,1942.9679999999998,0.002,0.002
24.03.2020 08:37:24.757 GMT-0500,1943.5020000000002,1942.168,0.002,0.002
24.03.2020 08:37:24.807 GMT-0500,1943.993,1942.1670000000001,0.002,0.002
24.03.2020 08:37:25.839 GMT-0500,1943.9920000000002,1942.1970000000001,0.0008,0.002
24.03.2020 08:37:26.750 GMT-0500,1944.0929999999998,1941.9979999999998,0.002,0.0008
24.03.2020 08:37:26.800 GMT-0500,1944.0929999999998,1942.9379999999999,0.002,0.0008
24.03.2020 08:37:26.965 GMT-0500,1944.0929999999998,1941.9979999999998,0.002,0.002
24.03.2020 08:37:27.015 GMT-0500,1943.993,1941.9979999999998,0.002,0.0008
24.03.2020 08:37:27.366 GMT-0500,1943.993,1941.997,0.002,0.002
24.03.2020 08:37:27.493 GMT-0500,1943.3429999999998,1942.007,0.002,0.0008
24.03.2020 08:37:27.593 GMT-0500,1944.003,1942.017,0.002,0.002
24.03.2020 08:37:27.665 GMT-0500,1944.003,1941.997,0.002,0.002
24.03.2020 08:37:27.716 GMT-0500,1944.003,1941.997,0.002,0.002
24.03.2020 08:37:27.912 GMT-0500,1944.003,1942.017,0.002,0.0008
24.03.2020 08:37:28.368 GMT-0500,1944.003,1941.997,0.002,0.002
24.03.2020 08:37:28.419 GMT-0500,1942.4920000000002,1941.1670000000001,0.0008,0.002
24.03.2020 08:37:28.852 GMT-0500,1942.4920000000002,1941.148,0.002,0.002
24.03.2020 08:37:30.534 GMT-0500,1944.003,1941.158,0.002,0.0008
24.03.2020 08:37:31.201 GMT-0500,1944.003,1941.158,0.002,0.002
24.03.2020 08:37:32.655 GMT-0500,1944.003,1941.2579999999998,0.002,0.0008
24.03.2020 08:37:33.163 GMT-0500,1941.8329999999999,1940.1570000000002,0.002,0.0008
24.03.2020 08:37:33.968 GMT-0500,1941.0020000000002,1937.778,0.0008,0.002
24.03.2020 08:37:34.401 GMT-0500,1941.8429999999998,1939.7479999999998,0.002,0.0008
24.03.2020 08:37:34.690 GMT-0500,1941.8429999999998,1939.788,0.002,0.0008
24.03.2020 08:37:35.405 GMT-0500,1939.923,1936.1779999999999,0.002,0.0008
24.03.2020 08:37:35.455 GMT-0500,1941.3029999999999,1939.0079999999998,0.002,0.0008
24.03.2020 08:37:35.568 GMT-0500,1941.3029999999999,1939.028,0.002,0.0008
24.03.2020 08:37:37.478 GMT-0500,1941.3029999999999,1939.027,0.002,0.002
24.03.2020 08:37:38.313 GMT-0500,1941.223,1939.048,0.002,0.0008
24.03.2020 08:37:39.568 GMT-0500,1941.2220000000002,1939.598,0.0008,0.0008
24.03.2020 08:37:39.618 GMT-0500,1941.023,1938.778,0.002,0.0008
24.03.2020 08:37:39.736 GMT-0500,1941.023,1938.798,0.002,0.0008
24.03.2020 08:37:40.213 GMT-0500,1940.602,1938.798,0.0008,0.002
24.03.2020 08:37:40.523 GMT-0500,1940.592,1938.808,0.0008,0.0008
24.03.2020 08:37:40.573 GMT-0500,1941.2020000000002,1939.028,0.002,0.002
24.03.2020 08:37:40.743 GMT-0500,1941.2020000000002,1939.028,0.002,0.002
24.03.2020 08:37:41.407 GMT-0500,1941.203,1939.0670000000002,0.002,0.0008
24.03.2020 08:37:42.094 GMT-0500,1941.2020000000002,1939.028,0.002,0.002
24.03.2020 08:37:42.460 GMT-0500,1941.1920000000002,1939.028,0.0008,0.002
24.03.2020 08:37:42.601 GMT-0500,1941.1920000000002,1939.068,0.002,0.0008
24.03.2020 08:37:43.038 GMT-0500,1944.0929999999998,1940.1070000000002,0.002,0.002
24.03.2020 08:37:43.169 GMT-0500,1944.092,1940.128,0.002,0.0008
24.03.2020 08:37:43.269 GMT-0500,1944.092,1940.158,0.002,0.002
24.03.2020 08:37:43.439 GMT-0500,1944.092,1940.1779999999999,0.002,0.0008
24.03.2020 08:37:43.870 GMT-0500,1944.092,1941.408,0.002,0.002
24.03.2020 08:37:44.088 GMT-0500,1942.9920000000002,1941.158,0.002,0.002
24.03.2020 08:37:44.189 GMT-0500,1942.993,1940.778,0.002,0.0008
24.03.2020 08:37:44.641 GMT-0500,1942.993,1940.148,0.002,0.002
24.03.2020 08:37:44.847 GMT-0500,1942.9920000000002,1940.148,0.002,0.002
24.03.2020 08:37:44.898 GMT-0500,1943.6620000000003,1940.148,0.002,0.002
24.03.2020 08:37:44.948 GMT-0500,1943.6620000000003,1941.9379999999999,0.002,0.002
24.03.2020 08:37:44.998 GMT-0500,1943.663,1940.1470000000002,0.002,0.002
24.03.2020 08:37:45.048 GMT-0500,1943.6620000000003,1942.9170000000001,0.0008,0.002
24.03.2020 08:37:45.149 GMT-0500,1943.653,1941.848,0.002,0.0008
24.03.2020 08:37:45.199 GMT-0500,1943.652,1941.868,0.002,0.002
24.03.2020 08:37:45.791 GMT-0500,1943.652,1941.358,0.002,0.002
24.03.2020 08:37:45.996 GMT-0500,1942.763,1941.358,0.0008,0.0008
24.03.2020 08:37:46.102 GMT-0500,1941.653,1941.358,0.0008,0.0008
24.03.2020 08:37:46.152 GMT-0500,1942.033,1940.318,0.002,0.0008
24.03.2020 08:37:47.125 GMT-0500,1942.0320000000002,1940.148,0.002,0.002
24.03.2020 08:37:47.501 GMT-0500,1942.8429999999998,1941.0370000000003,0.002,0.002
24.03.2020 08:37:47.715 GMT-0500,1942.8429999999998,1940.148,0.002,0.0008
24.03.2020 08:37:47.904 GMT-0500,1941.9320000000002,1940.1470000000002,0.0008,0.002
24.03.2020 08:37:48.307 GMT-0500,1941.5220000000002,1940.1470000000002,0.0008,0.002
24.03.2020 08:37:48.357 GMT-0500,1940.832,1938.777,0.0008,0.002
24.03.2020 08:37:48.718 GMT-0500,1940.543,1938.778,0.002,0.0008
24.03.2020 08:37:49.258 GMT-0500,1940.543,1938.788,0.002,0.0008
24.03.2020 08:37:49.705 GMT-0500,1940.293,1938.7870000000003,0.002,0.0008
24.03.2020 08:37:49.755 GMT-0500,1940.293,1937.2479999999998,0.002,0.0008
24.03.2020 08:37:50.020 GMT-0500,1940.293,1937.247,0.002,0.002
24.03.2020 08:37:50.763 GMT-0500,1939.9920000000002,1937.068,0.002,0.002
24.03.2020 08:37:50.889 GMT-0500,1939.3529999999998,1937.068,0.0008,0.0008
24.03.2020 08:37:50.989 GMT-0500,1939.342,1936.737,0.0008,0.002
24.03.2020 08:37:51.040 GMT-0500,1939.3429999999998,1936.1779999999999,0.002,0.0008
24.03.2020 08:37:51.171 GMT-0500,1939.0720000000001,1936.1779999999999,0.0008,0.002
24.03.2020 08:37:51.320 GMT-0500,1939.0720000000001,1936.997,0.002,0.002
24.03.2020 08:37:51.480 GMT-0500,1938.663,1936.9979999999998,0.002,0.0008
24.03.2020 08:37:51.588 GMT-0500,1938.6620000000003,1937.1270000000002,0.0008,0.0008
24.03.2020 08:37:51.740 GMT-0500,1938.6620000000003,1937.027,0.0008,0.002
24.03.2020 08:37:51.791 GMT-0500,1938.6620000000003,1937.027,0.0008,0.002
24.03.2020 08:37:51.959 GMT-0500,1938.663,1936.1779999999999,0.002,0.0008
24.03.2020 08:37:52.332 GMT-0500,1938.663,1936.1779999999999,0.002,0.0008
24.03.2020 08:37:52.434 GMT-0500,1937.743,1936.0079999999998,0.002,0.0008
24.03.2020 08:37:52.956 GMT-0500,1937.743,1936.007,0.0008,0.002
24.03.2020 08:37:53.007 GMT-0500,1938.4120000000003,1936.027,0.0008,0.002
24.03.2020 08:37:53.736 GMT-0500,1938.4120000000003,1936.4370000000001,0.0008,0.0008
24.03.2020 08:37:53.786 GMT-0500,1938.8429999999998,1936.4379999999999,0.002,0.0008
24.03.2020 08:37:54.567 GMT-0500,1938.8429999999998,1936.4370000000001,0.0008,0.002
24.03.2020 08:37:54.618 GMT-0500,1939.5620000000001,1936.4370000000001,0.0008,0.002
24.03.2020 08:37:55.518 GMT-0500,1938.832,1936.4379999999999,0.002,0.002
24.03.2020 08:37:55.898 GMT-0500,1938.832,1937.027,0.0008,0.0008
24.03.2020 08:37:55.949 GMT-0500,1939.5620000000001,1937.0470000000003,0.0008,0.002
24.03.2020 08:37:57.264 GMT-0500,1939.5620000000001,1937.0670000000002,0.0008,0.0008
24.03.2020 08:37:57.796 GMT-0500,1939.5629999999999,1937.068,0.002,0.0008
24.03.2020 08:37:57.939 GMT-0500,1939.5620000000001,1937.0670000000002,0.0008,0.002
24.03.2020 08:37:58.655 GMT-0500,1939.5620000000001,1937.0670000000002,0.002,0.002
24.03.2020 08:37:58.706 GMT-0500,1937.9420000000002,1935.997,0.0008,0.002
24.03.2020 08:37:59.639 GMT-0500,1937.943,1935.997,0.002,0.002
24.03.2020 08:38:00.071 GMT-0500,1937.9420000000002,1936.4279999999999,0.001,0.0008
24.03.2020 08:38:00.121 GMT-0500,1938.183,1936.007,0.002,0.002
24.03.2020 08:38:00.501 GMT-0500,1938.7120000000002,1936.007,0.002,0.002
24.03.2020 08:38:00.552 GMT-0500,1938.7120000000002,1936.017,0.0008,0.002
24.03.2020 08:38:00.602 GMT-0500,1938.283,1936.017,0.002,0.002
24.03.2020 08:38:01.446 GMT-0500,1938.283,1936.018,0.0008,0.0008
24.03.2020 08:38:02.886 GMT-0500,1934.4920000000002,1933.3370000000002,0.0008,0.0008
24.03.2020 08:38:02.936 GMT-0500,1934.7420000000002,1933.3370000000002,0.0008,0.002
24.03.2020 08:38:03.397 GMT-0500,1934.743,1932.278,0.002,0.0008
24.03.2020 08:38:03.881 GMT-0500,1935.892,1934.1870000000001,0.0008,0.002
24.03.2020 08:38:04.033 GMT-0500,1936.043,1933.4479999999999,0.002,0.0008
24.03.2020 08:38:04.095 GMT-0500,1934.753,1933.4479999999999,0.0008,0.0008
24.03.2020 08:38:04.146 GMT-0500,1934.7420000000002,1931.268,0.002,0.002
24.03.2020 08:38:04.196 GMT-0500,1934.763,1932.7279999999998,0.002,0.0008
24.03.2020 08:38:04.314 GMT-0500,1934.7620000000002,1932.1979999999999,0.002,0.002
24.03.2020 08:38:04.365 GMT-0500,1934.7620000000002,1932.207,0.0008,0.002
24.03.2020 08:38:04.415 GMT-0500,1933.1329999999998,1930.1070000000002,0.002,0.002
24.03.2020 08:38:04.465 GMT-0500,1934.223,1932.1270000000002,0.002,0.002
24.03.2020 08:38:04.566 GMT-0500,1934.223,1932.9779999999998,0.002,0.0008
24.03.2020 08:38:04.618 GMT-0500,1933.5929999999998,1932.1270000000002,0.002,0.002
24.03.2020 08:38:04.917 GMT-0500,1933.592,1929.997,0.0008,0.002
24.03.2020 08:38:04.986 GMT-0500,1933.5929999999998,1932.0079999999998,0.002,0.0008
24.03.2020 08:38:05.230 GMT-0500,1933.5929999999998,1929.9979999999998,0.002,0.002
24.03.2020 08:38:05.281 GMT-0500,1932.7920000000001,1929.9979999999998,0.002,0.002
24.03.2020 08:38:05.365 GMT-0500,1932.7920000000001,1929.9979999999998,0.002,0.002
24.03.2020 08:38:05.824 GMT-0500,1932.503,1931.7379999999998,0.0008,0.0008
24.03.2020 08:38:06.025 GMT-0500,1933.1620000000003,1931.7579999999998,0.002,0.002
24.03.2020 08:38:06.098 GMT-0500,1933.163,1931.7579999999998,0.002,0.002
24.03.2020 08:38:06.366 GMT-0500,1934.372,1932.1370000000002,0.0008,0.002
24.03.2020 08:38:07.581 GMT-0500,1936.0320000000002,1933.9279999999999,0.002,0.002
24.03.2020 08:38:07.857 GMT-0500,1938.003,1934.237,0.002,0.0008
24.03.2020 08:38:08.131 GMT-0500,1934.9820000000002,1933.6270000000002,0.0008,0.002
24.03.2020 08:38:08.464 GMT-0500,1935.7220000000002,1933.9370000000001,0.0008,0.002
24.03.2020 08:38:09.012 GMT-0500,1934.832,1933.9370000000001,0.0008,0.0008
24.03.2020 08:38:09.062 GMT-0500,1934.362,1932.467,0.0008,0.002
24.03.2020 08:38:09.137 GMT-0500,1934.362,1932.4879999999998,0.002,0.0008
24.03.2020 08:38:09.292 GMT-0500,1934.8120000000001,1931.7379999999998,0.002,0.002
24.03.2020 08:38:09.392 GMT-0500,1934.293,1932.2579999999998,0.002,0.0008
24.03.2020 08:38:09.549 GMT-0500,1934.892,1933.3370000000002,0.0008,0.002
24.03.2020 08:38:09.750 GMT-0500,1934.892,1932.268,0.002,0.002
24.03.2020 08:38:09.800 GMT-0500,1934.8029999999999,1932.268,0.002,0.0008
24.03.2020 08:38:09.908 GMT-0500,1934.8029999999999,1932.2870000000003,0.002,0.0008
24.03.2020 08:38:11.931 GMT-0500,1934.8029999999999,1933.0570000000002,0.002,0.002
24.03.2020 08:38:11.981 GMT-0500,1934.8020000000001,1932.368,0.002,0.002
24.03.2020 08:38:12.046 GMT-0500,1934.8020000000001,1932.388,0.002,0.0008
24.03.2020 08:38:12.955 GMT-0500,1934.8020000000001,1932.388,0.002,0.002
24.03.2020 08:38:13.056 GMT-0500,1934.7820000000002,1932.408,0.002,0.002
24.03.2020 08:38:13.173 GMT-0500,1934.7820000000002,1932.408,0.002,0.002
24.03.2020 08:38:13.426 GMT-0500,1934.3220000000001,1932.4279999999999,0.002,0.0008
24.03.2020 08:38:13.837 GMT-0500,1934.783,1932.4279999999999,0.002,0.002
24.03.2020 08:38:13.887 GMT-0500,1934.783,1932.4470000000001,0.002,0.002
24.03.2020 08:38:13.995 GMT-0500,1934.783,1932.4679999999998,0.002,0.0008
24.03.2020 08:38:14.413 GMT-0500,1934.7820000000002,1932.4679999999998,0.002,0.002
24.03.2020 08:38:15.501 GMT-0500,1934.7820000000002,1932.997,0.0008,0.002
24.03.2020 08:38:15.866 GMT-0500,1937.993,1934.8870000000002,0.0008,0.0008
24.03.2020 08:38:15.918 GMT-0500,1938.0020000000002,1934.8870000000002,0.0008,0.002
24.03.2020 08:38:15.980 GMT-0500,1938.0020000000002,1934.8870000000002,0.0008,0.002
24.03.2020 08:38:16.030 GMT-0500,1938.0020000000002,1935.1270000000002,0.0008,0.002
24.03.2020 08:38:16.260 GMT-0500,1938.0020000000002,1935.148,0.002,0.0008
24.03.2020 08:38:16.553 GMT-0500,1938.003,1935.7870000000003,0.002,0.0008
24.03.2020 08:38:16.654 GMT-0500,1936.9420000000002,1934.548,0.002,0.002
24.03.2020 08:38:17.083 GMT-0500,1936.943,1934.568,0.002,0.0008
24.03.2020 08:38:17.427 GMT-0500,1936.943,1934.568,0.002,0.002
24.03.2020 08:38:17.681 GMT-0500,1935.0729999999999,1932.997,0.002,0.002
24.03.2020 08:38:17.782 GMT-0500,1934.973,1932.997,0.002,0.002
24.03.2020 08:38:18.635 GMT-0500,1934.9720000000002,1932.997,0.0008,0.002
24.03.2020 08:38:19.142 GMT-0500,1934.973,1932.9979999999998,0.002,0.0008
24.03.2020 08:38:19.205 GMT-0500,1934.743,1932.9979999999998,0.0008,0.0008
24.03.2020 08:38:19.750 GMT-0500,1933.893,1932.4479999999999,0.002,0.0008
24.03.2020 08:38:19.860 GMT-0500,1933.893,1932.467,0.002,0.002
24.03.2020 08:38:19.966 GMT-0500,1933.892,1932.467,0.0008,0.0008
24.03.2020 08:38:20.016 GMT-0500,1933.892,1932.4379999999999,0.002,0.002
24.03.2020 08:38:20.188 GMT-0500,1933.163,1929.997,0.002,0.002
24.03.2020 08:38:20.239 GMT-0500,1933.1620000000003,1931.217,0.0008,0.002
24.03.2020 08:38:20.545 GMT-0500,1933.163,1929.9979999999998,0.002,0.0008
24.03.2020 08:38:20.726 GMT-0500,1933.163,1929.997,0.002,0.002
24.03.2020 08:38:21.346 GMT-0500,1933.152,1929.997,0.002,0.002
24.03.2020 08:38:21.396 GMT-0500,1933.152,1931.2079999999999,0.002,0.002
24.03.2020 08:38:23.125 GMT-0500,1933.152,1930.1979999999999,0.002,0.002
24.03.2020 08:38:23.570 GMT-0500,1933.153,1931.007,0.002,0.002
24.03.2020 08:38:24.065 GMT-0500,1933.163,1931.0370000000003,0.002,0.002
24.03.2020 08:38:24.288 GMT-0500,1932.5620000000001,1931.0370000000003,0.0008,0.002
24.03.2020 08:38:24.402 GMT-0500,1933.163,1931.0570000000002,0.002,0.002
24.03.2020 08:38:24.615 GMT-0500,1933.163,1929.997,0.002,0.002
24.03.2020 08:38:24.665 GMT-0500,1932.283,1929.997,0.002,0.002
24.03.2020 08:38:25.248 GMT-0500,1932.283,1931.0470000000003,0.0008,0.0008
24.03.2020 08:38:25.299 GMT-0500,1932.673,1931.0470000000003,0.002,0.002
24.03.2020 08:38:25.501 GMT-0500,1932.673,1929.997,0.002,0.002
24.03.2020 08:38:25.552 GMT-0500,1931.382,1929.997,0.0008,0.002
24.03.2020 08:38:25.958 GMT-0500,1932.6720000000003,1929.997,0.002,0.002
24.03.2020 08:38:26.058 GMT-0500,1931.9920000000002,1930.207,0.0008,0.002
24.03.2020 08:38:26.329 GMT-0500,1932.243,1930.2079999999999,0.002,0.0008
24.03.2020 08:38:26.470 GMT-0500,1932.2420000000002,1929.997,0.0008,0.002
24.03.2020 08:38:26.720 GMT-0500,1932.2420000000002,1929.997,0.0008,0.002
24.03.2020 08:38:27.136 GMT-0500,1932.2420000000002,1930.1970000000001,0.002,0.002
24.03.2020 08:38:29.226 GMT-0500,1931.6329999999998,1930.1979999999999,0.002,0.0008
24.03.2020 08:38:29.327 GMT-0500,1931.622,1928.767,0.0008,0.002
24.03.2020 08:38:29.648 GMT-0500,1931.622,1930.227,0.0008,0.0008
24.03.2020 08:38:29.698 GMT-0500,1933.163,1930.2279999999998,0.002,0.0008
24.03.2020 08:38:30.081 GMT-0500,1931.773,1930.2279999999998,0.002,0.0008
24.03.2020 08:38:30.288 GMT-0500,1931.773,1930.227,0.0008,0.002
24.03.2020 08:38:30.338 GMT-0500,1933.1620000000003,1930.227,0.0008,0.002
24.03.2020 08:38:30.504 GMT-0500,1933.163,1930.888,0.002,0.0008
