Local time,Ask,Bid,AskVolume,BidVolume
23.03.2020 08:30:00.027 GMT-0500,10.290000000000001,10.197000000000001,0.0008,0.002
23.03.2020 08:30:00.515 GMT-0500,10.263,10.197000000000001,0.002,0.002
23.03.2020 08:30:00.635 GMT-0500,10.262,10.198,0.002,0.002
23.03.2020 08:30:00.902 GMT-0500,10.262,10.198,0.0008,0.002
23.03.2020 08:30:00.953 GMT-0500,10.262,10.198,0.002,0.002
23.03.2020 08:30:01.212 GMT-0500,10.502,10.197000000000001,0.0008,0.002
23.03.2020 08:30:03.026 GMT-0500,10.503,10.197000000000001,0.002,0.002
23.03.2020 08:30:06.021 GMT-0500,10.502,10.258,0.0008,0.0008
23.03.2020 08:30:06.138 GMT-0500,10.282,10.248,0.0008,0.0008
23.03.2020 08:30:06.606 GMT-0500,10.273,10.258,0.0008,0.0008
23.03.2020 08:30:06.656 GMT-0500,10.293,10.247,0.002,0.002
23.03.2020 08:30:06.867 GMT-0500,10.273,10.247,0.0008,0.0008
23.03.2020 08:30:06.917 GMT-0500,10.292,10.208,0.0008,0.0008
23.03.2020 08:30:06.967 GMT-0500,10.293,10.227,0.002,0.002
23.03.2020 08:30:07.293 GMT-0500,10.293,10.227,0.002,0.002
23.03.2020 08:30:08.580 GMT-0500,10.292,10.247,0.0008,0.002
23.03.2020 08:30:10.094 GMT-0500,10.263,10.248,0.0008,0.0008
23.03.2020 08:30:15.564 GMT-0500,10.263,10.247,0.002,0.002
23.03.2020 08:30:18.180 GMT-0500,10.262,10.247,0.0008,0.002
23.03.2020 08:30:20.253 GMT-0500,10.263,10.247,0.002,0.002
23.03.2020 08:30:23.754 GMT-0500,10.262,10.248,0.0008,0.0008
23.03.2020 08:30:23.854 GMT-0500,10.253,10.237,0.002,0.002
23.03.2020 08:30:24.055 GMT-0500,10.243,10.227,0.002,0.002
23.03.2020 08:30:25.203 GMT-0500,10.242,10.227,0.0008,0.0008
23.03.2020 08:30:25.254 GMT-0500,10.243,10.197000000000001,0.002,0.002
23.03.2020 08:30:26.885 GMT-0500,10.233,10.197000000000001,0.0008,0.002
23.03.2020 08:30:27.557 GMT-0500,10.203,10.177000000000001,0.0008,0.002
23.03.2020 08:30:27.766 GMT-0500,10.193,10.177000000000001,0.0008,0.002
23.03.2020 08:30:27.867 GMT-0500,10.182,10.108,0.002,0.002
23.03.2020 08:30:28.468 GMT-0500,10.183,10.127,0.002,0.002
23.03.2020 08:30:29.145 GMT-0500,10.183,10.137,0.002,0.0008
23.03.2020 08:30:29.196 GMT-0500,10.183,10.127,0.002,0.002
23.03.2020 08:30:29.638 GMT-0500,10.173,10.127,0.002,0.002
23.03.2020 08:30:29.688 GMT-0500,10.173,10.097000000000001,0.002,0.002
23.03.2020 08:30:29.738 GMT-0500,10.162,10.097000000000001,0.0008,0.002
23.03.2020 08:30:29.982 GMT-0500,10.152000000000001,10.097999999999999,0.0008,0.0008
23.03.2020 08:30:30.226 GMT-0500,10.153,10.097000000000001,0.002,0.002
23.03.2020 08:30:30.366 GMT-0500,10.152000000000001,10.108,0.0008,0.0008
23.03.2020 08:30:30.472 GMT-0500,10.152000000000001,10.097999999999999,0.0008,0.002
23.03.2020 08:30:30.523 GMT-0500,10.152000000000001,10.097000000000001,0.0008,0.002
23.03.2020 08:30:30.573 GMT-0500,10.142000000000001,10.097999999999999,0.002,0.002
23.03.2020 08:30:31.486 GMT-0500,10.132000000000001,10.097999999999999,0.0008,0.002
23.03.2020 08:30:31.707 GMT-0500,10.122,10.097999999999999,0.0008,0.0008
23.03.2020 08:30:35.084 GMT-0500,10.112,10.068,0.0008,0.0008
23.03.2020 08:30:38.179 GMT-0500,10.112,10.078,0.0008,0.0008
23.03.2020 08:30:38.230 GMT-0500,10.113,10.067,0.002,0.002
23.03.2020 08:30:38.280 GMT-0500,10.112,10.097999999999999,0.002,0.002
23.03.2020 08:30:40.127 GMT-0500,10.113,10.097000000000001,0.002,0.002
23.03.2020 08:30:40.667 GMT-0500,10.112,10.097999999999999,0.0008,0.002
23.03.2020 08:30:40.718 GMT-0500,10.112,10.097999999999999,0.002,0.002
23.03.2020 08:30:40.768 GMT-0500,10.122,10.108,0.0008,0.0008
23.03.2020 08:30:40.931 GMT-0500,10.123,10.097000000000001,0.002,0.002
23.03.2020 08:30:41.570 GMT-0500,10.122,10.108,0.002,0.002
23.03.2020 08:30:41.731 GMT-0500,10.132000000000001,10.108,0.002,0.002
23.03.2020 08:30:42.639 GMT-0500,10.133,10.107000000000001,0.0008,0.002
23.03.2020 08:30:42.739 GMT-0500,10.152000000000001,10.117,0.0008,0.002
23.03.2020 08:30:43.141 GMT-0500,10.153,10.117,0.002,0.002
23.03.2020 08:30:43.243 GMT-0500,10.152000000000001,10.127,0.0008,0.002
23.03.2020 08:30:44.444 GMT-0500,10.172,10.127,0.0008,0.002
23.03.2020 08:30:44.733 GMT-0500,10.162,10.127,0.0008,0.002
23.03.2020 08:30:45.131 GMT-0500,10.163,10.127,0.002,0.002
23.03.2020 08:30:45.232 GMT-0500,10.162,10.137,0.0008,0.002
23.03.2020 08:30:45.385 GMT-0500,10.153,10.137,0.0008,0.002
23.03.2020 08:30:45.435 GMT-0500,10.162,10.138,0.0008,0.0008
23.03.2020 08:30:45.485 GMT-0500,10.162,10.147,0.0008,0.002
23.03.2020 08:30:45.535 GMT-0500,10.252,10.167,0.0008,0.002
23.03.2020 08:30:45.676 GMT-0500,10.262,10.167,0.0008,0.002
23.03.2020 08:30:46.047 GMT-0500,10.232000000000001,10.167,0.0008,0.002
23.03.2020 08:30:46.170 GMT-0500,10.232000000000001,10.168,0.0008,0.002
23.03.2020 08:30:46.340 GMT-0500,10.233,10.187000000000001,0.002,0.002
23.03.2020 08:30:46.457 GMT-0500,10.232000000000001,10.188,0.002,0.002
23.03.2020 08:30:46.626 GMT-0500,10.203,10.188,0.0008,0.0008
23.03.2020 08:30:46.786 GMT-0500,10.203,10.187000000000001,0.0008,0.002
23.03.2020 08:30:46.837 GMT-0500,10.233,10.187000000000001,0.002,0.002
23.03.2020 08:30:46.896 GMT-0500,10.202,10.188,0.0008,0.0008
23.03.2020 08:30:46.997 GMT-0500,10.232000000000001,10.188,0.0008,0.0008
23.03.2020 08:30:47.297 GMT-0500,10.233,10.138,0.001,0.002
23.03.2020 08:30:47.347 GMT-0500,10.172,10.138,0.002,0.002
23.03.2020 08:30:48.091 GMT-0500,10.192,10.137,0.0008,0.002
23.03.2020 08:30:48.757 GMT-0500,10.152000000000001,10.108,0.0008,0.002
23.03.2020 08:30:48.807 GMT-0500,10.182,10.127,0.0008,0.002
23.03.2020 08:30:48.858 GMT-0500,10.183,10.107000000000001,0.002,0.002
23.03.2020 08:30:48.992 GMT-0500,10.183,10.107000000000001,0.002,0.002
23.03.2020 08:30:49.232 GMT-0500,10.182,10.108,0.0008,0.0008
23.03.2020 08:30:49.484 GMT-0500,10.163,10.108,0.0008,0.0008
23.03.2020 08:30:49.534 GMT-0500,10.163,10.097000000000001,0.002,0.002
23.03.2020 08:30:49.810 GMT-0500,10.152000000000001,10.008,0.0008,0.002
23.03.2020 08:30:49.863 GMT-0500,10.152000000000001,10.008,0.0008,0.0008
23.03.2020 08:30:50.060 GMT-0500,10.152000000000001,9.997,0.0008,0.002
23.03.2020 08:30:50.348 GMT-0500,10.152000000000001,9.998,0.0008,0.002
23.03.2020 08:30:50.633 GMT-0500,10.152000000000001,9.998,0.002,0.002
23.03.2020 08:30:50.790 GMT-0500,10.152000000000001,10.078,0.002,0.0008
23.03.2020 08:30:51.165 GMT-0500,10.152000000000001,9.998,0.002,0.002
23.03.2020 08:30:51.449 GMT-0500,10.152000000000001,9.998,0.0008,0.002
23.03.2020 08:30:51.820 GMT-0500,10.152000000000001,9.998,0.002,0.002
23.03.2020 08:30:52.179 GMT-0500,10.152000000000001,10.008,0.002,0.0008
23.03.2020 08:30:52.332 GMT-0500,10.152000000000001,10.008,0.002,0.002
23.03.2020 08:30:52.531 GMT-0500,10.152000000000001,10.078,0.0008,0.0008
23.03.2020 08:30:53.102 GMT-0500,10.192,10.078,0.002,0.002
23.03.2020 08:30:53.217 GMT-0500,10.183,10.078,0.0008,0.0008
23.03.2020 08:30:53.268 GMT-0500,10.202,10.007000000000001,0.0008,0.002
23.03.2020 08:30:53.468 GMT-0500,10.142999999999999,9.997,0.0008,0.002
23.03.2020 08:30:53.872 GMT-0500,10.142000000000001,10.048,0.0008,0.0008
23.03.2020 08:30:54.242 GMT-0500,10.142000000000001,9.997,0.0008,0.002
23.03.2020 08:30:54.410 GMT-0500,10.142000000000001,10.077,0.0008,0.0008
23.03.2020 08:30:54.924 GMT-0500,10.142999999999999,10.077,0.002,0.0008
23.03.2020 08:30:54.974 GMT-0500,10.142000000000001,10.008,0.0008,0.0008
23.03.2020 08:30:55.118 GMT-0500,10.142000000000001,9.998,0.0008,0.0008
23.03.2020 08:30:55.177 GMT-0500,10.142000000000001,10.078,0.0008,0.0008
23.03.2020 08:30:55.826 GMT-0500,10.142999999999999,10.108,0.0008,0.0008
23.03.2020 08:30:55.876 GMT-0500,10.182,10.108,0.002,0.002
23.03.2020 08:30:57.410 GMT-0500,10.182,10.137,0.0008,0.0008
23.03.2020 08:30:57.725 GMT-0500,10.153,10.137,0.0008,0.0008
23.03.2020 08:30:57.775 GMT-0500,10.182,10.138,0.002,0.002
23.03.2020 08:30:58.995 GMT-0500,10.182,10.147,0.0008,0.0008
23.03.2020 08:30:59.045 GMT-0500,10.193,10.147,0.002,0.002
23.03.2020 08:30:59.096 GMT-0500,10.202,10.148,0.002,0.002
23.03.2020 08:30:59.587 GMT-0500,10.203,10.147,0.002,0.002
23.03.2020 08:31:00.257 GMT-0500,10.152000000000001,10.138,0.0008,0.0008
23.03.2020 08:31:00.485 GMT-0500,10.203,10.137,0.002,0.002
23.03.2020 08:31:00.555 GMT-0500,10.158,10.137,0.0008,0.002
23.03.2020 08:31:00.655 GMT-0500,10.153,10.127,0.002,0.002
23.03.2020 08:31:01.273 GMT-0500,10.202,10.128,0.0008,0.0008
23.03.2020 08:31:01.323 GMT-0500,10.192,10.128,0.002,0.002
23.03.2020 08:31:01.466 GMT-0500,10.203,10.127,0.002,0.002
23.03.2020 08:31:02.203 GMT-0500,10.163,10.127,0.0008,0.002
23.03.2020 08:31:02.414 GMT-0500,10.193,10.127,0.002,0.002
23.03.2020 08:31:02.465 GMT-0500,10.202,10.128,0.0008,0.0008
23.03.2020 08:31:03.669 GMT-0500,10.162,10.128,0.0008,0.0008
23.03.2020 08:31:04.413 GMT-0500,10.162,10.128,0.002,0.002
23.03.2020 08:31:04.463 GMT-0500,10.162,10.127,0.0008,0.002
23.03.2020 08:31:04.880 GMT-0500,10.202,10.128,0.0008,0.0008
23.03.2020 08:31:05.067 GMT-0500,10.192,10.127,0.0008,0.002
23.03.2020 08:31:05.202 GMT-0500,10.202,10.127,0.0008,0.002
23.03.2020 08:31:06.289 GMT-0500,10.153,10.127,0.0008,0.002
23.03.2020 08:31:06.390 GMT-0500,10.152000000000001,10.128,0.0008,0.0008
23.03.2020 08:31:07.732 GMT-0500,10.162,10.128,0.0008,0.0008
23.03.2020 08:31:07.783 GMT-0500,10.202,10.137,0.0008,0.002
23.03.2020 08:31:08.021 GMT-0500,10.155,10.137,0.0008,0.0008
23.03.2020 08:31:08.071 GMT-0500,10.152000000000001,10.128,0.0008,0.0008
23.03.2020 08:31:08.329 GMT-0500,10.162,10.128,0.002,0.002
23.03.2020 08:31:08.463 GMT-0500,10.163,10.127,0.002,0.002
23.03.2020 08:31:08.677 GMT-0500,10.163,10.138,0.0008,0.0008
23.03.2020 08:31:08.728 GMT-0500,10.192,10.138,0.002,0.002
23.03.2020 08:31:08.904 GMT-0500,10.203,10.137,0.002,0.002
23.03.2020 08:31:09.560 GMT-0500,10.192,10.138,0.0008,0.0008
23.03.2020 08:31:09.611 GMT-0500,10.202,10.138,0.002,0.002
23.03.2020 08:31:10.168 GMT-0500,10.193,10.137,0.002,0.002
23.03.2020 08:31:10.639 GMT-0500,10.182,10.148,0.0008,0.0008
23.03.2020 08:31:12.420 GMT-0500,10.182,10.148,0.002,0.002
23.03.2020 08:31:12.571 GMT-0500,10.182,10.148,0.002,0.002
23.03.2020 08:31:12.764 GMT-0500,10.173,10.137,0.0008,0.002
23.03.2020 08:31:12.814 GMT-0500,10.173,10.137,0.002,0.002
23.03.2020 08:31:13.637 GMT-0500,10.172,10.137,0.0008,0.002
23.03.2020 08:31:13.738 GMT-0500,10.182,10.158,0.0008,0.0008
23.03.2020 08:31:14.074 GMT-0500,10.183,10.147,0.002,0.002
23.03.2020 08:31:14.125 GMT-0500,10.182,10.147,0.0008,0.002
23.03.2020 08:31:14.184 GMT-0500,10.182,10.157,0.0008,0.002
23.03.2020 08:31:14.674 GMT-0500,10.163,10.148,0.0008,0.002
23.03.2020 08:31:14.725 GMT-0500,10.162,10.148,0.002,0.002
23.03.2020 08:31:15.246 GMT-0500,10.162,10.137,0.0008,0.002
23.03.2020 08:31:15.555 GMT-0500,10.153,10.137,0.0008,0.002
23.03.2020 08:31:15.605 GMT-0500,10.113,10.067,0.002,0.002
23.03.2020 08:31:15.682 GMT-0500,10.112,9.998,0.0008,0.0008
23.03.2020 08:31:15.847 GMT-0500,10.112,9.998,0.0008,0.002
23.03.2020 08:31:15.898 GMT-0500,10.122,10.078,0.002,0.002
23.03.2020 08:31:16.565 GMT-0500,10.133,10.077,0.002,0.002
23.03.2020 08:31:16.715 GMT-0500,10.123,10.077,0.0008,0.002
23.03.2020 08:31:17.324 GMT-0500,10.122,10.077,0.0008,0.002
23.03.2020 08:31:21.803 GMT-0500,10.202,10.127,0.0008,0.002
23.03.2020 08:31:21.854 GMT-0500,10.203,10.117,0.002,0.002
23.03.2020 08:31:21.904 GMT-0500,10.142000000000001,10.088,0.0008,0.0008
23.03.2020 08:31:23.199 GMT-0500,10.142999999999999,10.097000000000001,0.002,0.0008
23.03.2020 08:31:23.249 GMT-0500,10.142000000000001,10.088,0.002,0.002
23.03.2020 08:31:25.359 GMT-0500,10.142000000000001,10.078,0.002,0.002
23.03.2020 08:31:25.409 GMT-0500,10.142000000000001,10.088,0.002,0.002
23.03.2020 08:31:25.855 GMT-0500,10.142999999999999,10.087000000000002,0.002,0.0008
23.03.2020 08:31:25.906 GMT-0500,10.142999999999999,10.077,0.002,0.002
23.03.2020 08:31:26.008 GMT-0500,10.142999999999999,10.077,0.002,0.002
23.03.2020 08:31:26.109 GMT-0500,10.142000000000001,10.078,0.0008,0.0008
23.03.2020 08:31:26.772 GMT-0500,10.133,10.078,0.0008,0.0008
23.03.2020 08:31:26.823 GMT-0500,10.112,9.998,0.002,0.002
23.03.2020 08:31:26.959 GMT-0500,10.172,9.998,0.002,0.002
23.03.2020 08:31:27.082 GMT-0500,10.202,9.998,0.002,0.002
23.03.2020 08:31:27.295 GMT-0500,10.123,9.997,0.002,0.002
23.03.2020 08:31:27.660 GMT-0500,10.123,10.027000000000001,0.002,0.0008
23.03.2020 08:31:27.811 GMT-0500,10.122,10.038,0.0008,0.0008
23.03.2020 08:31:27.927 GMT-0500,10.122,10.028,0.0008,0.0008
23.03.2020 08:31:28.042 GMT-0500,10.113,10.027000000000001,0.002,0.002
23.03.2020 08:31:28.092 GMT-0500,10.122,10.027000000000001,0.0008,0.002
23.03.2020 08:31:28.142 GMT-0500,10.063,9.997,0.002,0.002
23.03.2020 08:31:28.193 GMT-0500,10.122,9.997,0.0008,0.002
23.03.2020 08:31:28.614 GMT-0500,10.123,10.007000000000001,0.002,0.0008
23.03.2020 08:31:28.715 GMT-0500,10.122,9.998,0.002,0.002
23.03.2020 08:31:28.888 GMT-0500,10.072000000000001,9.998,0.0008,0.002
23.03.2020 08:31:28.938 GMT-0500,10.122,9.998,0.0008,0.0008
23.03.2020 08:31:30.513 GMT-0500,10.112,9.998,0.0008,0.002
23.03.2020 08:31:30.730 GMT-0500,10.122,9.998,0.002,0.002
23.03.2020 08:31:30.999 GMT-0500,10.063,10.017000000000001,0.0008,0.0008
23.03.2020 08:31:31.412 GMT-0500,10.062000000000001,10.027000000000001,0.0008,0.0008
23.03.2020 08:31:31.493 GMT-0500,10.072000000000001,10.027000000000001,0.0008,0.002
23.03.2020 08:31:36.815 GMT-0500,10.033,9.997,0.0008,0.002
23.03.2020 08:31:36.866 GMT-0500,10.012,9.997,0.0008,0.002
23.03.2020 08:31:37.643 GMT-0500,10.013,9.997,0.002,0.0008
23.03.2020 08:31:37.694 GMT-0500,10.013,9.977,0.002,0.002
23.03.2020 08:31:37.744 GMT-0500,10.002,9.978,0.002,0.002
23.03.2020 08:31:37.896 GMT-0500,10.003,9.977,0.002,0.002
23.03.2020 08:31:38.532 GMT-0500,10.003,9.977,0.0008,0.002
23.03.2020 08:31:38.583 GMT-0500,10.012,9.978,0.002,0.002
23.03.2020 08:31:38.776 GMT-0500,10.012,9.987,0.0008,0.0008
23.03.2020 08:31:38.877 GMT-0500,10.013,9.977,0.002,0.002
23.03.2020 08:31:39.804 GMT-0500,10.012,9.977,0.0008,0.002
23.03.2020 08:31:41.886 GMT-0500,10.032,9.978,0.0008,0.0008
23.03.2020 08:31:42.432 GMT-0500,10.022,9.978,0.0008,0.0008
23.03.2020 08:31:42.533 GMT-0500,10.032,9.978,0.0008,0.0008
23.03.2020 08:31:43.150 GMT-0500,10.033,9.977,0.002,0.002
23.03.2020 08:31:43.296 GMT-0500,10.033,9.987,0.002,0.002
23.03.2020 08:31:43.449 GMT-0500,10.003,9.988,0.0008,0.0008
23.03.2020 08:31:44.315 GMT-0500,10.092,10.008,0.0008,0.0008
23.03.2020 08:31:44.795 GMT-0500,10.062000000000001,10.008,0.0008,0.002
23.03.2020 08:31:44.845 GMT-0500,10.132000000000001,10.017999999999999,0.002,0.002
23.03.2020 08:31:46.078 GMT-0500,10.122,10.017999999999999,0.002,0.002
23.03.2020 08:31:46.291 GMT-0500,10.142999999999999,10.017000000000001,0.002,0.002
23.03.2020 08:31:47.207 GMT-0500,10.142000000000001,10.008,0.0008,0.002
23.03.2020 08:31:47.832 GMT-0500,10.113,9.977,0.0008,0.002
23.03.2020 08:31:47.882 GMT-0500,10.112,9.977,0.0008,0.002
23.03.2020 08:31:48.994 GMT-0500,10.103,9.987,0.002,0.002
23.03.2020 08:31:49.187 GMT-0500,10.102,9.987,0.0008,0.0008
23.03.2020 08:31:49.237 GMT-0500,10.102,9.977,0.0008,0.002
23.03.2020 08:31:50.463 GMT-0500,10.102,9.987,0.0008,0.0008
23.03.2020 08:31:50.564 GMT-0500,10.112,10.008,0.0008,0.0008
23.03.2020 08:31:50.768 GMT-0500,10.112,9.977,0.0008,0.002
23.03.2020 08:31:51.069 GMT-0500,10.113,9.977,0.002,0.002
23.03.2020 08:31:51.364 GMT-0500,10.112,10.007000000000001,0.0008,0.002
23.03.2020 08:31:51.564 GMT-0500,10.102,10.017999999999999,0.002,0.002
23.03.2020 08:31:51.614 GMT-0500,10.112,10.017000000000001,0.0008,0.002
23.03.2020 08:31:52.605 GMT-0500,10.102,10.017999999999999,0.002,0.002
23.03.2020 08:31:53.743 GMT-0500,10.033,9.978,0.0008,0.002
23.03.2020 08:31:53.794 GMT-0500,10.102,9.978,0.002,0.002
23.03.2020 08:31:54.264 GMT-0500,10.062000000000001,9.978,0.0008,0.002
23.03.2020 08:31:54.390 GMT-0500,10.062000000000001,9.998,0.002,0.0008
23.03.2020 08:31:54.887 GMT-0500,10.052999999999999,9.997,0.0008,0.002
23.03.2020 08:31:55.104 GMT-0500,10.052999999999999,9.997,0.0008,0.002
23.03.2020 08:31:55.154 GMT-0500,10.062000000000001,9.997,0.0008,0.002
23.03.2020 08:31:55.205 GMT-0500,10.082,9.998,0.0008,0.0008
23.03.2020 08:31:55.352 GMT-0500,10.103,9.997,0.002,0.002
23.03.2020 08:31:55.476 GMT-0500,10.083,9.977,0.0008,0.002
23.03.2020 08:31:55.527 GMT-0500,10.083,9.977,0.002,0.002
23.03.2020 08:31:55.797 GMT-0500,10.082,9.977,0.0008,0.002
23.03.2020 08:31:56.035 GMT-0500,10.062000000000001,9.978,0.0008,0.0008
23.03.2020 08:31:56.600 GMT-0500,10.052999999999999,9.977,0.0008,0.002
23.03.2020 08:31:57.037 GMT-0500,10.052999999999999,9.977,0.0008,0.002
23.03.2020 08:31:57.088 GMT-0500,10.062000000000001,9.997,0.0008,0.002
23.03.2020 08:31:57.568 GMT-0500,10.052000000000001,9.978,0.0008,0.002
23.03.2020 08:31:57.618 GMT-0500,10.052000000000001,9.978,0.002,0.002
23.03.2020 08:31:57.741 GMT-0500,10.062000000000001,9.977,0.0008,0.002
23.03.2020 08:31:58.006 GMT-0500,10.063,9.997,0.002,0.002
23.03.2020 08:31:58.438 GMT-0500,10.062000000000001,9.978,0.0008,0.002
23.03.2020 08:31:58.488 GMT-0500,10.062000000000001,9.978,0.002,0.002
23.03.2020 08:31:58.640 GMT-0500,10.052000000000001,9.978,0.0008,0.002
23.03.2020 08:31:58.853 GMT-0500,10.062000000000001,9.978,0.002,0.002
23.03.2020 08:31:59.786 GMT-0500,10.032,9.998,0.002,0.002
23.03.2020 08:32:00.722 GMT-0500,10.033,9.997,0.0008,0.002
23.03.2020 08:32:00.772 GMT-0500,10.072000000000001,10.028,0.0008,0.0008
23.03.2020 08:32:01.994 GMT-0500,10.072000000000001,10.017999999999999,0.002,0.002
23.03.2020 08:32:02.245 GMT-0500,10.062000000000001,10.017999999999999,0.002,0.002
23.03.2020 08:32:02.628 GMT-0500,10.043,10.017000000000001,0.0008,0.002
23.03.2020 08:32:02.873 GMT-0500,10.042,10.017000000000001,0.0008,0.0008
23.03.2020 08:32:02.923 GMT-0500,10.042,9.998,0.002,0.002
23.03.2020 08:32:03.295 GMT-0500,10.042,10.017000000000001,0.0008,0.0008
23.03.2020 08:32:03.400 GMT-0500,10.042,10.028,0.0008,0.0008
23.03.2020 08:32:03.450 GMT-0500,10.062000000000001,10.038,0.0008,0.0008
23.03.2020 08:32:03.716 GMT-0500,10.052999999999999,10.037,0.002,0.002
23.03.2020 08:32:03.767 GMT-0500,10.052000000000001,10.008,0.002,0.002
23.03.2020 08:32:03.989 GMT-0500,10.052000000000001,9.997,0.0008,0.002
23.03.2020 08:32:04.375 GMT-0500,10.052000000000001,9.997,0.0008,0.002
23.03.2020 08:32:04.774 GMT-0500,10.052000000000001,10.037,0.0008,0.0008
23.03.2020 08:32:04.825 GMT-0500,10.052000000000001,10.027000000000001,0.0008,0.002
23.03.2020 08:32:05.247 GMT-0500,10.052000000000001,9.998,0.0008,0.0008
23.03.2020 08:32:05.478 GMT-0500,10.052999999999999,10.027000000000001,0.002,0.0008
23.03.2020 08:32:05.688 GMT-0500,10.052000000000001,10.027000000000001,0.0008,0.002
23.03.2020 08:32:06.813 GMT-0500,10.052000000000001,10.037,0.0008,0.002
23.03.2020 08:32:07.208 GMT-0500,10.052000000000001,10.028,0.002,0.002
23.03.2020 08:32:09.991 GMT-0500,10.052999999999999,10.027000000000001,0.002,0.002
23.03.2020 08:32:10.151 GMT-0500,10.052000000000001,10.027000000000001,0.0008,0.002
23.03.2020 08:32:10.251 GMT-0500,10.042,10.028,0.002,0.002
23.03.2020 08:32:11.906 GMT-0500,10.052000000000001,10.028,0.002,0.002
23.03.2020 08:32:12.070 GMT-0500,10.042,10.017999999999999,0.0008,0.002
23.03.2020 08:32:12.120 GMT-0500,10.052000000000001,10.017999999999999,0.0008,0.0008
23.03.2020 08:32:13.677 GMT-0500,10.052999999999999,10.017000000000001,0.002,0.002
23.03.2020 08:32:14.138 GMT-0500,10.042,10.017999999999999,0.0008,0.002
23.03.2020 08:32:15.463 GMT-0500,10.042,9.998,0.0008,0.002
23.03.2020 08:32:15.514 GMT-0500,10.042,9.998,0.002,0.002
23.03.2020 08:32:16.642 GMT-0500,10.042,10.008,0.0008,0.0008
23.03.2020 08:32:16.867 GMT-0500,10.043,10.007000000000001,0.002,0.002
23.03.2020 08:32:17.376 GMT-0500,10.042,9.998,0.0008,0.002
23.03.2020 08:32:17.427 GMT-0500,10.042,9.998,0.0008,0.0008
23.03.2020 08:32:18.783 GMT-0500,10.052000000000001,9.998,0.002,0.002
23.03.2020 08:32:20.037 GMT-0500,10.042,9.997,0.0008,0.002
23.03.2020 08:32:20.334 GMT-0500,10.052000000000001,9.998,0.002,0.002
23.03.2020 08:32:20.740 GMT-0500,10.015,9.998,0.0008,0.002
23.03.2020 08:32:22.424 GMT-0500,10.013,9.997,0.002,0.002
23.03.2020 08:32:22.674 GMT-0500,10.012,9.997,0.0008,0.002
23.03.2020 08:32:22.793 GMT-0500,10.042,9.997,0.0008,0.002
23.03.2020 08:32:22.981 GMT-0500,10.043,9.997,0.0008,0.002
23.03.2020 08:32:24.589 GMT-0500,10.042,9.998,0.0008,0.0008
23.03.2020 08:32:24.689 GMT-0500,10.052000000000001,9.998,0.002,0.002
23.03.2020 08:32:24.913 GMT-0500,10.015,9.997,0.0008,0.002
23.03.2020 08:32:25.529 GMT-0500,10.013,9.997,0.002,0.002
23.03.2020 08:32:25.579 GMT-0500,10.022,9.998,0.002,0.002
23.03.2020 08:32:26.347 GMT-0500,10.023,10.007000000000001,0.002,0.002
23.03.2020 08:32:26.837 GMT-0500,10.022,10.008,0.0008,0.0008
23.03.2020 08:32:27.114 GMT-0500,10.025,10.017999999999999,0.0008,0.0008
23.03.2020 08:32:27.164 GMT-0500,10.052000000000001,10.017999999999999,0.002,0.002
23.03.2020 08:32:27.838 GMT-0500,10.052000000000001,10.028,0.002,0.0008
23.03.2020 08:32:28.296 GMT-0500,10.052000000000001,10.017000000000001,0.0008,0.002
23.03.2020 08:32:28.699 GMT-0500,10.052000000000001,10.027000000000001,0.0008,0.0008
23.03.2020 08:32:28.929 GMT-0500,10.052000000000001,10.027000000000001,0.0008,0.002
23.03.2020 08:32:30.005 GMT-0500,10.052000000000001,10.028,0.0008,0.0008
23.03.2020 08:32:30.162 GMT-0500,10.052999999999999,10.017000000000001,0.002,0.002
23.03.2020 08:32:30.644 GMT-0500,10.043,10.007000000000001,0.0008,0.002
23.03.2020 08:32:30.694 GMT-0500,10.052000000000001,10.008,0.002,0.002
23.03.2020 08:32:32.086 GMT-0500,10.033,9.997,0.0008,0.002
23.03.2020 08:32:32.136 GMT-0500,10.052999999999999,9.997,0.002,0.002
23.03.2020 08:32:32.888 GMT-0500,10.052999999999999,9.997,0.002,0.002
23.03.2020 08:32:33.056 GMT-0500,10.042,10.008,0.002,0.002
23.03.2020 08:32:33.211 GMT-0500,10.043,10.017000000000001,0.002,0.002
23.03.2020 08:32:33.597 GMT-0500,10.042,10.017999999999999,0.0008,0.0008
23.03.2020 08:32:33.703 GMT-0500,10.042,10.027000000000001,0.0008,0.002
23.03.2020 08:32:33.805 GMT-0500,10.043,10.007000000000001,0.002,0.002
23.03.2020 08:32:34.288 GMT-0500,10.042,10.007000000000001,0.0008,0.002
23.03.2020 08:32:34.388 GMT-0500,10.043,10.017000000000001,0.002,0.002
23.03.2020 08:32:34.652 GMT-0500,10.043,10.027000000000001,0.002,0.0008
23.03.2020 08:32:35.059 GMT-0500,10.042,10.028,0.002,0.002
23.03.2020 08:32:35.429 GMT-0500,10.052999999999999,10.017000000000001,0.002,0.002
23.03.2020 08:32:35.479 GMT-0500,10.052999999999999,10.027000000000001,0.002,0.002
23.03.2020 08:32:38.496 GMT-0500,10.052999999999999,10.037,0.0008,0.0008
23.03.2020 08:32:38.546 GMT-0500,10.083,10.037,0.002,0.002
23.03.2020 08:32:38.842 GMT-0500,10.083,10.027000000000001,0.002,0.002
23.03.2020 08:32:38.944 GMT-0500,10.082,10.028,0.002,0.002
23.03.2020 08:32:39.707 GMT-0500,10.082,10.028,0.0008,0.002
23.03.2020 08:32:39.808 GMT-0500,10.092,10.037,0.0008,0.002
23.03.2020 08:32:39.930 GMT-0500,10.102,10.038,0.002,0.002
23.03.2020 08:32:40.436 GMT-0500,10.092,10.038,0.0008,0.0008
23.03.2020 08:32:40.487 GMT-0500,10.092,10.027000000000001,0.0008,0.002
23.03.2020 08:32:41.202 GMT-0500,10.092,10.008,0.002,0.002
23.03.2020 08:32:41.413 GMT-0500,10.103,10.007000000000001,0.002,0.002
23.03.2020 08:32:41.653 GMT-0500,10.102,10.017999999999999,0.0008,0.0008
23.03.2020 08:32:41.803 GMT-0500,10.083,10.017000000000001,0.0008,0.002
23.03.2020 08:32:42.209 GMT-0500,10.073,10.017999999999999,0.0008,0.0008
23.03.2020 08:32:42.447 GMT-0500,10.082,10.017999999999999,0.002,0.002
23.03.2020 08:32:42.632 GMT-0500,10.082,10.037,0.0008,0.0008
23.03.2020 08:32:42.682 GMT-0500,10.102,10.037,0.0008,0.002
23.03.2020 08:32:43.332 GMT-0500,10.102,10.028,0.0008,0.0008
23.03.2020 08:32:45.217 GMT-0500,10.103,10.027000000000001,0.002,0.002
23.03.2020 08:32:46.780 GMT-0500,10.093,10.027000000000001,0.0008,0.002
23.03.2020 08:32:47.359 GMT-0500,10.093,10.027000000000001,0.0008,0.002
23.03.2020 08:32:47.409 GMT-0500,10.102,10.027000000000001,0.0008,0.002
23.03.2020 08:32:47.606 GMT-0500,10.102,10.048,0.0008,0.0008
23.03.2020 08:32:48.698 GMT-0500,10.103,10.047,0.002,0.002
23.03.2020 08:32:49.683 GMT-0500,10.102,10.047,0.0008,0.002
23.03.2020 08:32:50.307 GMT-0500,10.093,10.077,0.002,0.002
23.03.2020 08:32:50.692 GMT-0500,10.102,10.078,0.0008,0.0008
23.03.2020 08:32:50.904 GMT-0500,10.102,10.088,0.0008,0.0008
23.03.2020 08:32:51.179 GMT-0500,10.102,10.077,0.0008,0.002
23.03.2020 08:32:51.450 GMT-0500,10.103,10.077,0.002,0.002
23.03.2020 08:32:51.687 GMT-0500,10.112,10.078,0.0008,0.0008
23.03.2020 08:32:51.738 GMT-0500,10.142000000000001,10.088,0.002,0.002
23.03.2020 08:32:52.147 GMT-0500,10.112,10.088,0.0008,0.0008
23.03.2020 08:32:52.622 GMT-0500,10.112,10.097999999999999,0.0008,0.0008
23.03.2020 08:32:52.749 GMT-0500,10.142999999999999,10.097000000000001,0.002,0.002
23.03.2020 08:32:53.056 GMT-0500,10.142000000000001,10.087000000000002,0.0008,0.002
23.03.2020 08:32:53.607 GMT-0500,10.113,10.077,0.0008,0.002
23.03.2020 08:32:53.657 GMT-0500,10.113,10.077,0.002,0.002
23.03.2020 08:32:54.189 GMT-0500,10.093,10.047,0.002,0.002
23.03.2020 08:32:54.240 GMT-0500,10.112,10.047,0.0008,0.002
23.03.2020 08:32:57.211 GMT-0500,10.103,10.047,0.0008,0.002
23.03.2020 08:32:58.320 GMT-0500,10.103,10.057,0.002,0.0008
23.03.2020 08:32:58.421 GMT-0500,10.102,10.047,0.0008,0.002
23.03.2020 08:32:59.078 GMT-0500,10.062000000000001,9.998,0.0008,0.002
23.03.2020 08:32:59.129 GMT-0500,10.062000000000001,9.998,0.002,0.002
23.03.2020 08:33:00.972 GMT-0500,10.062000000000001,9.998,0.002,0.002
23.03.2020 08:33:01.196 GMT-0500,10.062000000000001,9.998,0.002,0.002
23.03.2020 08:33:02.469 GMT-0500,10.062000000000001,9.998,0.002,0.002
23.03.2020 08:33:05.821 GMT-0500,10.062000000000001,10.037,0.0008,0.002
23.03.2020 08:33:06.329 GMT-0500,10.063,10.037,0.002,0.002
23.03.2020 08:33:06.470 GMT-0500,10.062000000000001,10.037,0.0008,0.002
23.03.2020 08:33:06.571 GMT-0500,10.072000000000001,10.048,0.002,0.002
23.03.2020 08:33:06.865 GMT-0500,10.063,10.037,0.0008,0.002
23.03.2020 08:33:06.916 GMT-0500,10.062000000000001,10.037,0.0008,0.002
23.03.2020 08:33:07.306 GMT-0500,10.063,10.037,0.002,0.002
23.03.2020 08:33:08.271 GMT-0500,10.062000000000001,10.038,0.0008,0.0008
23.03.2020 08:33:08.504 GMT-0500,10.063,10.037,0.002,0.002
23.03.2020 08:33:09.312 GMT-0500,10.062000000000001,10.038,0.002,0.002
23.03.2020 08:33:10.599 GMT-0500,10.052999999999999,10.037,0.0008,0.002
23.03.2020 08:33:11.329 GMT-0500,10.052000000000001,10.037,0.0008,0.002
23.03.2020 08:33:11.429 GMT-0500,10.052000000000001,10.008,0.002,0.002
23.03.2020 08:33:11.737 GMT-0500,10.052000000000001,10.027000000000001,0.0008,0.0008
23.03.2020 08:33:11.788 GMT-0500,10.052000000000001,10.007000000000001,0.0008,0.002
23.03.2020 08:33:13.718 GMT-0500,10.052000000000001,10.038,0.002,0.002
23.03.2020 08:33:14.044 GMT-0500,10.058,10.038,0.0008,0.002
23.03.2020 08:33:14.095 GMT-0500,10.092,10.048,0.002,0.002
23.03.2020 08:33:14.195 GMT-0500,10.172,10.058,0.002,0.002
23.03.2020 08:33:14.669 GMT-0500,10.113,10.057,0.002,0.002
23.03.2020 08:33:15.530 GMT-0500,10.112,10.057,0.0008,0.002
23.03.2020 08:33:16.412 GMT-0500,10.112,10.078,0.0008,0.0008
23.03.2020 08:33:16.463 GMT-0500,10.152000000000001,10.088,0.002,0.002
23.03.2020 08:33:16.626 GMT-0500,10.152000000000001,10.097000000000001,0.0008,0.0008
23.03.2020 08:33:16.779 GMT-0500,10.153,10.097000000000001,0.0008,0.002
23.03.2020 08:33:16.830 GMT-0500,10.172,10.097000000000001,0.0008,0.002
23.03.2020 08:33:16.880 GMT-0500,10.162,10.097999999999999,0.002,0.002
23.03.2020 08:33:16.931 GMT-0500,10.172,10.097999999999999,0.0008,0.0008
23.03.2020 08:33:17.032 GMT-0500,10.153,10.097999999999999,0.0008,0.0008
23.03.2020 08:33:17.378 GMT-0500,10.153,10.097000000000001,0.0008,0.0008
23.03.2020 08:33:17.429 GMT-0500,10.172,10.087000000000002,0.0008,0.002
23.03.2020 08:33:17.539 GMT-0500,10.182,10.108,0.0008,0.0008
23.03.2020 08:33:18.065 GMT-0500,10.183,10.107000000000001,0.002,0.002
23.03.2020 08:33:19.529 GMT-0500,10.182,10.108,0.0008,0.0008
23.03.2020 08:33:19.630 GMT-0500,10.133,10.107000000000001,0.002,0.002
23.03.2020 08:33:20.457 GMT-0500,10.123,10.107000000000001,0.0008,0.002
23.03.2020 08:33:20.558 GMT-0500,10.123,10.077,0.002,0.002
23.03.2020 08:33:21.038 GMT-0500,10.123,10.087000000000002,0.002,0.0008
23.03.2020 08:33:22.479 GMT-0500,10.122,10.097999999999999,0.0008,0.0008
23.03.2020 08:33:22.529 GMT-0500,10.122,10.088,0.002,0.002
23.03.2020 08:33:23.167 GMT-0500,10.123,10.107000000000001,0.0008,0.0008
23.03.2020 08:33:23.218 GMT-0500,10.132000000000001,10.107000000000001,0.0008,0.002
23.03.2020 08:33:23.620 GMT-0500,10.163,10.107000000000001,0.002,0.002
23.03.2020 08:33:23.966 GMT-0500,10.122,10.097000000000001,0.0008,0.002
23.03.2020 08:33:24.091 GMT-0500,10.112,10.097000000000001,0.0008,0.002
23.03.2020 08:33:24.141 GMT-0500,10.153,10.107000000000001,0.002,0.002
23.03.2020 08:33:24.491 GMT-0500,10.133,10.107000000000001,0.0008,0.002
23.03.2020 08:33:24.767 GMT-0500,10.133,10.107000000000001,0.0008,0.002
23.03.2020 08:33:24.818 GMT-0500,10.142000000000001,10.108,0.002,0.002
23.03.2020 08:33:27.599 GMT-0500,10.142000000000001,10.117,0.0008,0.002
23.03.2020 08:33:30.575 GMT-0500,10.132000000000001,10.118,0.0008,0.002
23.03.2020 08:33:30.676 GMT-0500,10.122,10.088,0.002,0.002
23.03.2020 08:33:30.932 GMT-0500,10.122,10.097999999999999,0.002,0.0008
23.03.2020 08:33:30.982 GMT-0500,10.122,10.088,0.0008,0.0008
23.03.2020 08:33:31.581 GMT-0500,10.102,10.088,0.0008,0.002
23.03.2020 08:33:31.732 GMT-0500,10.103,10.097999999999999,0.0008,0.0008
23.03.2020 08:33:31.783 GMT-0500,10.112,10.088,0.002,0.002
23.03.2020 08:33:32.374 GMT-0500,10.102,10.087000000000002,0.0008,0.002
23.03.2020 08:33:33.731 GMT-0500,10.102,10.068,0.0008,0.0008
23.03.2020 08:33:34.209 GMT-0500,10.102,10.068,0.0008,0.002
23.03.2020 08:33:34.259 GMT-0500,10.112,10.078,0.002,0.002
23.03.2020 08:33:34.523 GMT-0500,10.112,10.068,0.0008,0.0008
23.03.2020 08:33:35.267 GMT-0500,10.113,10.077,0.002,0.0008
23.03.2020 08:33:35.648 GMT-0500,10.112,10.068,0.0008,0.002
23.03.2020 08:33:35.698 GMT-0500,10.112,10.068,0.0008,0.0008
23.03.2020 08:33:36.486 GMT-0500,10.113,10.067,0.002,0.002
23.03.2020 08:33:37.596 GMT-0500,10.113,10.097999999999999,0.0008,0.0008
23.03.2020 08:33:37.646 GMT-0500,10.112,10.087000000000002,0.0008,0.002
23.03.2020 08:33:37.697 GMT-0500,10.102,10.077,0.0008,0.002
23.03.2020 08:33:37.889 GMT-0500,10.103,10.077,0.0008,0.002
23.03.2020 08:33:37.940 GMT-0500,10.122,10.088,0.0008,0.0008
23.03.2020 08:33:38.040 GMT-0500,10.122,10.097999999999999,0.002,0.002
23.03.2020 08:33:38.145 GMT-0500,10.112,10.088,0.0008,0.002
23.03.2020 08:33:38.246 GMT-0500,10.122,10.107000000000001,0.0008,0.002
23.03.2020 08:33:38.400 GMT-0500,10.123,10.107000000000001,0.002,0.002
23.03.2020 08:33:38.501 GMT-0500,10.142999999999999,10.117,0.002,0.002
23.03.2020 08:33:38.682 GMT-0500,10.142000000000001,10.117,0.0008,0.002
23.03.2020 08:33:38.866 GMT-0500,10.142000000000001,10.127,0.0008,0.0008
23.03.2020 08:33:38.917 GMT-0500,10.142000000000001,10.117,0.0008,0.002
23.03.2020 08:33:39.068 GMT-0500,10.142999999999999,10.117,0.0008,0.002
23.03.2020 08:33:39.119 GMT-0500,10.152000000000001,10.127,0.0008,0.002
23.03.2020 08:33:39.197 GMT-0500,10.153,10.127,0.002,0.002
23.03.2020 08:33:39.764 GMT-0500,10.152000000000001,10.128,0.0008,0.0008
23.03.2020 08:33:40.725 GMT-0500,10.153,10.137,0.002,0.0008
23.03.2020 08:33:41.143 GMT-0500,10.152000000000001,10.137,0.0008,0.002
23.03.2020 08:33:42.290 GMT-0500,10.182,10.148,0.0008,0.0008
23.03.2020 08:33:42.375 GMT-0500,10.182,10.138,0.0008,0.0008
23.03.2020 08:33:42.458 GMT-0500,10.162,10.138,0.0008,0.0008
23.03.2020 08:33:42.775 GMT-0500,10.162,10.107000000000001,0.0008,0.002
23.03.2020 08:33:43.101 GMT-0500,10.162,10.118,0.0008,0.0008
23.03.2020 08:33:43.770 GMT-0500,10.162,10.118,0.0008,0.002
23.03.2020 08:33:43.821 GMT-0500,10.182,10.148,0.002,0.002
23.03.2020 08:33:43.990 GMT-0500,10.183,10.147,0.002,0.002
23.03.2020 08:33:44.262 GMT-0500,10.183,10.147,0.002,0.002
23.03.2020 08:33:44.312 GMT-0500,10.202,10.168,0.002,0.002
23.03.2020 08:33:44.675 GMT-0500,10.202,10.168,0.0008,0.002
23.03.2020 08:33:44.725 GMT-0500,10.242,10.197000000000001,0.0008,0.002
23.03.2020 08:33:44.826 GMT-0500,10.262,10.198,0.0008,0.0008
23.03.2020 08:33:45.059 GMT-0500,10.272,10.197000000000001,0.0008,0.002
23.03.2020 08:33:45.263 GMT-0500,10.273,10.197000000000001,0.002,0.002
23.03.2020 08:33:45.314 GMT-0500,10.302000000000001,10.198,0.0008,0.0008
23.03.2020 08:33:45.564 GMT-0500,10.293,10.198,0.0008,0.0008
23.03.2020 08:33:45.708 GMT-0500,10.293,10.197000000000001,0.002,0.002
23.03.2020 08:33:46.777 GMT-0500,10.292,10.198,0.0008,0.0008
23.03.2020 08:33:47.766 GMT-0500,10.282,10.198,0.002,0.002
23.03.2020 08:33:47.816 GMT-0500,10.293,10.197000000000001,0.002,0.002
23.03.2020 08:33:47.866 GMT-0500,10.292,10.218,0.0008,0.0008
23.03.2020 08:33:48.403 GMT-0500,10.292,10.228,0.0008,0.0008
23.03.2020 08:33:48.503 GMT-0500,10.292,10.218,0.0008,0.0008
23.03.2020 08:33:48.930 GMT-0500,10.293,10.217,0.002,0.002
23.03.2020 08:33:49.501 GMT-0500,10.293,10.217,0.002,0.002
23.03.2020 08:33:49.757 GMT-0500,10.292,10.218,0.0008,0.002
23.03.2020 08:33:49.808 GMT-0500,10.292,10.218,0.002,0.002
23.03.2020 08:33:50.255 GMT-0500,10.292,10.257000000000001,0.0008,0.0008
23.03.2020 08:33:51.672 GMT-0500,10.293,10.227,0.002,0.002
23.03.2020 08:33:51.764 GMT-0500,10.272,10.218,0.0008,0.0008
23.03.2020 08:33:51.867 GMT-0500,10.272,10.248,0.0008,0.0008
23.03.2020 08:33:53.070 GMT-0500,10.252,10.238,0.0008,0.002
23.03.2020 08:33:53.121 GMT-0500,10.262,10.237,0.0008,0.002
23.03.2020 08:33:53.257 GMT-0500,10.263,10.237,0.0008,0.002
23.03.2020 08:33:53.784 GMT-0500,10.263,10.237,0.0008,0.002
23.03.2020 08:33:54.077 GMT-0500,10.262,10.237,0.0008,0.002
23.03.2020 08:33:57.753 GMT-0500,10.262,10.227,0.0008,0.002
23.03.2020 08:33:59.160 GMT-0500,10.262,10.228,0.002,0.002
23.03.2020 08:33:59.636 GMT-0500,10.262,10.227,0.0008,0.002
23.03.2020 08:34:00.149 GMT-0500,10.232000000000001,10.208,0.002,0.002
23.03.2020 08:34:00.253 GMT-0500,10.262,10.177999999999999,0.002,0.002
23.03.2020 08:34:00.362 GMT-0500,10.232000000000001,10.177999999999999,0.0008,0.002
23.03.2020 08:34:00.462 GMT-0500,10.213,10.157,0.002,0.002
23.03.2020 08:34:00.583 GMT-0500,10.212000000000002,10.158,0.002,0.002
23.03.2020 08:34:00.695 GMT-0500,10.203,10.158,0.0008,0.0008
23.03.2020 08:34:00.746 GMT-0500,10.202,10.138,0.0008,0.0008
23.03.2020 08:34:00.874 GMT-0500,10.203,10.137,0.0008,0.002
23.03.2020 08:34:01.189 GMT-0500,10.202,10.137,0.0008,0.0008
23.03.2020 08:34:01.695 GMT-0500,10.202,10.088,0.002,0.002
23.03.2020 08:34:01.746 GMT-0500,10.202,10.088,0.002,0.002
23.03.2020 08:34:02.121 GMT-0500,10.202,10.097999999999999,0.002,0.0008
23.03.2020 08:34:02.222 GMT-0500,10.202,10.088,0.0008,0.0008
23.03.2020 08:34:02.418 GMT-0500,10.202,10.088,0.002,0.002
23.03.2020 08:34:02.907 GMT-0500,10.203,10.107000000000001,0.002,0.0008
23.03.2020 08:34:02.958 GMT-0500,10.202,10.088,0.0008,0.0008
23.03.2020 08:34:03.062 GMT-0500,10.202,10.088,0.002,0.002
23.03.2020 08:34:04.277 GMT-0500,10.202,10.097999999999999,0.0008,0.0008
23.03.2020 08:34:05.222 GMT-0500,10.203,10.087000000000002,0.002,0.002
23.03.2020 08:34:06.720 GMT-0500,10.202,10.138,0.0008,0.0008
23.03.2020 08:34:10.202 GMT-0500,10.202,10.177999999999999,0.0008,0.0008
23.03.2020 08:34:10.513 GMT-0500,10.203,10.187000000000001,0.002,0.002
23.03.2020 08:34:10.709 GMT-0500,10.222999999999999,10.197000000000001,0.002,0.002
23.03.2020 08:34:11.297 GMT-0500,10.222999999999999,10.197000000000001,0.0008,0.002
23.03.2020 08:34:11.348 GMT-0500,10.222999999999999,10.187000000000001,0.002,0.002
23.03.2020 08:34:11.606 GMT-0500,10.222000000000001,10.177999999999999,0.0008,0.002
23.03.2020 08:34:12.346 GMT-0500,10.232000000000001,10.198,0.002,0.002
23.03.2020 08:34:12.397 GMT-0500,10.232000000000001,10.177999999999999,0.002,0.002
23.03.2020 08:34:15.835 GMT-0500,10.232000000000001,10.208,0.0008,0.0008
23.03.2020 08:34:16.178 GMT-0500,10.242,10.207,0.0008,0.002
23.03.2020 08:34:17.844 GMT-0500,10.243,10.207,0.002,0.002
23.03.2020 08:34:17.953 GMT-0500,10.242,10.187000000000001,0.0008,0.002
23.03.2020 08:34:18.006 GMT-0500,10.242,10.177999999999999,0.0008,0.0008
23.03.2020 08:34:18.550 GMT-0500,10.242,10.188,0.0008,0.0008
23.03.2020 08:34:18.730 GMT-0500,10.242,10.177999999999999,0.0008,0.0008
23.03.2020 08:34:19.222 GMT-0500,10.243,10.197000000000001,0.002,0.0008
23.03.2020 08:34:20.926 GMT-0500,10.242,10.207,0.0008,0.002
23.03.2020 08:34:22.571 GMT-0500,10.232000000000001,10.208,0.0008,0.002
23.03.2020 08:34:22.671 GMT-0500,10.213,10.157,0.002,0.002
23.03.2020 08:34:22.771 GMT-0500,10.213,10.157,0.002,0.002
23.03.2020 08:34:23.108 GMT-0500,10.212000000000002,10.168,0.0008,0.0008
23.03.2020 08:34:23.159 GMT-0500,10.212000000000002,10.158,0.0008,0.0008
23.03.2020 08:34:26.098 GMT-0500,10.212000000000002,10.177999999999999,0.0008,0.0008
23.03.2020 08:34:26.338 GMT-0500,10.202,10.177999999999999,0.0008,0.002
23.03.2020 08:34:26.634 GMT-0500,10.202,10.187000000000001,0.0008,0.0008
23.03.2020 08:34:26.685 GMT-0500,10.233,10.197000000000001,0.002,0.002
23.03.2020 08:34:26.810 GMT-0500,10.202,10.177999999999999,0.0008,0.002
23.03.2020 08:34:26.861 GMT-0500,10.202,10.177000000000001,0.0008,0.002
23.03.2020 08:34:27.827 GMT-0500,10.202,10.177999999999999,0.0008,0.002
23.03.2020 08:34:28.176 GMT-0500,10.203,10.188,0.0008,0.0008
23.03.2020 08:34:28.226 GMT-0500,10.232000000000001,10.188,0.002,0.002
23.03.2020 08:34:30.303 GMT-0500,10.233,10.177000000000001,0.002,0.002
23.03.2020 08:34:30.431 GMT-0500,10.232000000000001,10.177999999999999,0.0008,0.0008
23.03.2020 08:34:31.591 GMT-0500,10.192,10.167,0.0008,0.002
23.03.2020 08:34:32.757 GMT-0500,10.182,10.138,0.002,0.002
23.03.2020 08:34:34.642 GMT-0500,10.163,10.137,0.0008,0.002
23.03.2020 08:34:34.693 GMT-0500,10.163,10.117,0.002,0.002
23.03.2020 08:34:35.203 GMT-0500,10.162,10.108,0.002,0.002
23.03.2020 08:34:35.760 GMT-0500,10.162,10.108,0.0008,0.002
23.03.2020 08:34:35.811 GMT-0500,10.173,10.117,0.002,0.002
23.03.2020 08:34:35.933 GMT-0500,10.173,10.107000000000001,0.002,0.002
23.03.2020 08:34:36.714 GMT-0500,10.173,10.147,0.002,0.0008
23.03.2020 08:34:36.764 GMT-0500,10.162,10.107000000000001,0.0008,0.002
23.03.2020 08:34:37.221 GMT-0500,10.153,10.107000000000001,0.0008,0.002
23.03.2020 08:34:37.947 GMT-0500,10.142000000000001,10.107000000000001,0.0008,0.002
23.03.2020 08:34:38.084 GMT-0500,10.142000000000001,10.108,0.002,0.002
23.03.2020 08:34:38.686 GMT-0500,10.132000000000001,10.108,0.002,0.002
23.03.2020 08:34:38.904 GMT-0500,10.142000000000001,10.107000000000001,0.0008,0.002
23.03.2020 08:34:39.987 GMT-0500,10.132000000000001,10.107000000000001,0.0008,0.002
23.03.2020 08:34:40.184 GMT-0500,10.122,10.097999999999999,0.0008,0.002
23.03.2020 08:34:40.235 GMT-0500,10.123,10.097000000000001,0.002,0.002
23.03.2020 08:34:40.515 GMT-0500,10.122,10.097999999999999,0.0008,0.0008
23.03.2020 08:34:40.940 GMT-0500,10.122,10.068,0.0008,0.0008
23.03.2020 08:34:41.196 GMT-0500,10.122,10.068,0.0008,0.002
23.03.2020 08:34:41.246 GMT-0500,10.122,10.068,0.002,0.002
23.03.2020 08:34:45.353 GMT-0500,10.123,10.077,0.002,0.0008
23.03.2020 08:34:45.674 GMT-0500,10.123,10.067,0.002,0.002
23.03.2020 08:34:46.435 GMT-0500,10.112,10.078,0.0008,0.0008
23.03.2020 08:34:46.536 GMT-0500,10.122,10.068,0.0008,0.0008
23.03.2020 08:34:46.831 GMT-0500,10.113,10.068,0.0008,0.0008
23.03.2020 08:34:48.216 GMT-0500,10.112,10.067,0.0008,0.002
23.03.2020 08:34:49.803 GMT-0500,10.122,10.068,0.0008,0.0008
23.03.2020 08:34:49.890 GMT-0500,10.122,10.097999999999999,0.0008,0.0008
23.03.2020 08:34:49.998 GMT-0500,10.122,10.097999999999999,0.0008,0.002
23.03.2020 08:34:50.049 GMT-0500,10.122,10.097999999999999,0.002,0.002
23.03.2020 08:34:50.211 GMT-0500,10.122,10.068,0.0008,0.0008
23.03.2020 08:34:50.596 GMT-0500,10.123,10.067,0.002,0.002
23.03.2020 08:34:51.058 GMT-0500,10.102,10.068,0.0008,0.0008
23.03.2020 08:34:51.108 GMT-0500,10.112,10.068,0.002,0.002
23.03.2020 08:34:53.177 GMT-0500,10.083,10.067,0.0008,0.002
23.03.2020 08:34:53.278 GMT-0500,10.082,10.048,0.0008,0.0008
23.03.2020 08:34:54.108 GMT-0500,10.073,10.048,0.0008,0.0008
23.03.2020 08:34:54.486 GMT-0500,10.072000000000001,10.048,0.002,0.002
23.03.2020 08:34:55.331 GMT-0500,10.063,10.047,0.0008,0.002
23.03.2020 08:34:58.148 GMT-0500,10.062000000000001,10.048,0.0008,0.0008
23.03.2020 08:34:58.699 GMT-0500,10.042,10.008,0.0008,0.0008
23.03.2020 08:34:58.987 GMT-0500,10.043,10.007000000000001,0.002,0.002
23.03.2020 08:35:00.021 GMT-0500,10.043,10.028,0.0008,0.0008
23.03.2020 08:35:00.072 GMT-0500,10.052000000000001,10.007000000000001,0.0008,0.002
23.03.2020 08:35:00.763 GMT-0500,10.062000000000001,10.038,0.002,0.002
23.03.2020 08:35:01.235 GMT-0500,10.062000000000001,10.028,0.0008,0.0008
23.03.2020 08:35:01.286 GMT-0500,10.062000000000001,10.017000000000001,0.0008,0.002
23.03.2020 08:35:01.644 GMT-0500,10.063,10.017000000000001,0.0008,0.002
23.03.2020 08:35:01.694 GMT-0500,10.073,10.047,0.002,0.002
23.03.2020 08:35:01.744 GMT-0500,10.072000000000001,10.058,0.002,0.002
23.03.2020 08:35:01.795 GMT-0500,10.072000000000001,10.048,0.0008,0.0008
23.03.2020 08:35:01.855 GMT-0500,10.062000000000001,10.037,0.0008,0.002
23.03.2020 08:35:02.279 GMT-0500,10.062000000000001,10.048,0.0008,0.002
23.03.2020 08:35:02.511 GMT-0500,10.062000000000001,10.038,0.0008,0.002
23.03.2020 08:35:02.561 GMT-0500,10.062000000000001,10.038,0.002,0.002
23.03.2020 08:35:02.661 GMT-0500,10.052999999999999,10.027000000000001,0.0008,0.002
23.03.2020 08:35:02.711 GMT-0500,10.062000000000001,10.007000000000001,0.0008,0.002
23.03.2020 08:35:02.930 GMT-0500,10.063,10.007000000000001,0.002,0.002
23.03.2020 08:35:03.114 GMT-0500,10.062000000000001,10.008,0.0008,0.0008
23.03.2020 08:35:04.153 GMT-0500,10.062000000000001,10.008,0.0008,0.002
23.03.2020 08:35:04.473 GMT-0500,10.052999999999999,10.027000000000001,0.0008,0.002
23.03.2020 08:35:04.525 GMT-0500,10.062000000000001,10.037,0.0008,0.002
23.03.2020 08:35:05.207 GMT-0500,10.063,10.037,0.0008,0.002
23.03.2020 08:35:05.621 GMT-0500,10.072000000000001,10.038,0.0008,0.0008
23.03.2020 08:35:05.671 GMT-0500,10.072000000000001,10.057,0.0008,0.002
23.03.2020 08:35:06.690 GMT-0500,10.072000000000001,10.057,0.0008,0.0008
23.03.2020 08:35:06.740 GMT-0500,10.072000000000001,10.037,0.0008,0.002
23.03.2020 08:35:09.145 GMT-0500,10.072000000000001,10.037,0.0008,0.0008
23.03.2020 08:35:09.827 GMT-0500,10.072000000000001,10.028,0.002,0.0008
23.03.2020 08:35:09.977 GMT-0500,10.072000000000001,10.008,0.0008,0.0008
23.03.2020 08:35:10.092 GMT-0500,10.072000000000001,10.008,0.0008,0.002
23.03.2020 08:35:10.832 GMT-0500,10.072000000000001,10.008,0.002,0.002
23.03.2020 08:35:11.782 GMT-0500,10.073,10.017000000000001,0.002,0.0008
23.03.2020 08:35:11.833 GMT-0500,10.072000000000001,10.007000000000001,0.0008,0.002
23.03.2020 08:35:12.144 GMT-0500,10.063,10.007000000000001,0.0008,0.002
23.03.2020 08:35:12.313 GMT-0500,10.062000000000001,10.008,0.002,0.002
23.03.2020 08:35:12.484 GMT-0500,10.042,10.007000000000001,0.0008,0.002
23.03.2020 08:35:12.584 GMT-0500,10.062000000000001,10.017000000000001,0.0008,0.002
23.03.2020 08:35:12.787 GMT-0500,10.052999999999999,10.017000000000001,0.002,0.002
23.03.2020 08:35:14.172 GMT-0500,10.032,9.998,0.0008,0.002
23.03.2020 08:35:14.223 GMT-0500,10.033,9.997,0.002,0.002
23.03.2020 08:35:14.465 GMT-0500,10.023,9.997,0.0008,0.002
23.03.2020 08:35:14.876 GMT-0500,10.023,9.997,0.0008,0.002
23.03.2020 08:35:14.926 GMT-0500,10.033,9.997,0.002,0.002
23.03.2020 08:35:15.290 GMT-0500,10.023,9.997,0.0008,0.002
23.03.2020 08:35:15.927 GMT-0500,10.022,9.998,0.0008,0.0008
23.03.2020 08:35:15.978 GMT-0500,10.033,9.997,0.002,0.002
23.03.2020 08:35:17.028 GMT-0500,10.032,9.997,0.0008,0.002
23.03.2020 08:35:18.709 GMT-0500,10.032,9.997,0.0008,0.002
23.03.2020 08:35:19.087 GMT-0500,10.033,10.007000000000001,0.002,0.002
23.03.2020 08:35:19.352 GMT-0500,10.032,10.007000000000001,0.0008,0.002
23.03.2020 08:35:21.381 GMT-0500,10.032,9.997,0.0008,0.002
23.03.2020 08:35:21.432 GMT-0500,10.032,10.007000000000001,0.0008,0.002
23.03.2020 08:35:21.555 GMT-0500,10.033,9.997,0.002,0.002
23.03.2020 08:35:22.865 GMT-0500,10.032,9.998,0.0008,0.0008
23.03.2020 08:35:23.663 GMT-0500,10.032,9.998,0.002,0.002
23.03.2020 08:35:23.715 GMT-0500,10.032,9.997,0.0008,0.002
23.03.2020 08:35:24.252 GMT-0500,10.032,9.997,0.0008,0.002
23.03.2020 08:35:24.675 GMT-0500,10.033,10.007000000000001,0.002,0.0008
23.03.2020 08:35:24.726 GMT-0500,10.032,9.998,0.0008,0.0008
23.03.2020 08:35:27.126 GMT-0500,10.022,9.998,0.0008,0.002
23.03.2020 08:35:30.273 GMT-0500,10.033,9.997,0.002,0.002
23.03.2020 08:35:30.485 GMT-0500,10.032,9.998,0.0008,0.0008
23.03.2020 08:35:36.057 GMT-0500,10.023,9.997,0.0008,0.002
23.03.2020 08:35:38.533 GMT-0500,10.013,9.997,0.0008,0.002
23.03.2020 08:35:38.583 GMT-0500,10.022,9.997,0.0008,0.002
23.03.2020 08:35:40.636 GMT-0500,10.012,9.997,0.0008,0.002
23.03.2020 08:35:40.737 GMT-0500,10.022,9.997,0.0008,0.002
23.03.2020 08:35:43.491 GMT-0500,10.012,9.998,0.0008,0.002
23.03.2020 08:35:44.923 GMT-0500,10.013,9.997,0.002,0.002
23.03.2020 08:35:45.459 GMT-0500,10.012,9.998,0.0008,0.0008
23.03.2020 08:35:46.495 GMT-0500,10.013,9.997,0.002,0.002
23.03.2020 08:35:48.092 GMT-0500,10.012,9.997,0.0008,0.002
23.03.2020 08:35:52.157 GMT-0500,10.013,9.997,0.002,0.002
23.03.2020 08:35:52.325 GMT-0500,10.012,9.998,0.002,0.002
23.03.2020 08:35:56.219 GMT-0500,10.013,9.997,0.002,0.002
23.03.2020 08:35:56.487 GMT-0500,10.012,9.998,0.0008,0.0008
23.03.2020 08:36:01.055 GMT-0500,10.013,9.997,0.002,0.002
23.03.2020 08:36:02.513 GMT-0500,10.012,9.997,0.0008,0.002
23.03.2020 08:36:06.543 GMT-0500,10.013,9.997,0.002,0.002
23.03.2020 08:36:09.098 GMT-0500,10.012,9.997,0.0008,0.002
23.03.2020 08:36:10.180 GMT-0500,10.013,9.997,0.002,0.002
23.03.2020 08:36:10.281 GMT-0500,10.012,9.997,0.0008,0.002
23.03.2020 08:36:10.433 GMT-0500,10.013,9.997,0.002,0.002
23.03.2020 08:36:10.534 GMT-0500,10.012,9.997,0.0008,0.002
23.03.2020 08:36:11.044 GMT-0500,10.013,9.997,0.002,0.002
23.03.2020 08:36:11.723 GMT-0500,10.012,9.998,0.0008,0.0008
23.03.2020 08:36:11.987 GMT-0500,10.013,9.997,0.002,0.002
23.03.2020 08:36:12.181 GMT-0500,10.012,9.998,0.002,0.002
23.03.2020 08:36:12.281 GMT-0500,10.012,9.978,0.002,0.002
23.03.2020 08:36:14.269 GMT-0500,10.012,9.977,0.0008,0.002
23.03.2020 08:36:15.257 GMT-0500,10.012,9.978,0.0008,0.0008
23.03.2020 08:36:15.307 GMT-0500,9.992,9.977,0.0008,0.002
23.03.2020 08:36:15.514 GMT-0500,9.993,9.977,0.002,0.002
23.03.2020 08:36:16.495 GMT-0500,9.992,9.977,0.0008,0.002
23.03.2020 08:36:18.247 GMT-0500,9.993,9.977,0.002,0.002
23.03.2020 08:36:20.124 GMT-0500,9.983,9.947000000000001,0.0008,0.002
23.03.2020 08:36:20.174 GMT-0500,9.982000000000001,9.947000000000001,0.0008,0.002
23.03.2020 08:36:20.275 GMT-0500,9.972000000000001,9.948,0.0008,0.002
23.03.2020 08:36:23.307 GMT-0500,9.963,9.907,0.0008,0.002
23.03.2020 08:36:23.357 GMT-0500,9.963,9.907,0.002,0.002
23.03.2020 08:36:24.357 GMT-0500,9.962000000000002,9.908,0.0008,0.0008
23.03.2020 08:36:24.458 GMT-0500,9.963,9.917,0.002,0.002
23.03.2020 08:36:24.743 GMT-0500,9.943,9.897,0.0008,0.002
23.03.2020 08:36:24.794 GMT-0500,9.943,9.897,0.002,0.002
23.03.2020 08:36:25.675 GMT-0500,9.943,9.897,0.002,0.002
23.03.2020 08:36:25.725 GMT-0500,9.942,9.897,0.0008,0.002
23.03.2020 08:36:30.438 GMT-0500,9.933,9.897,0.0008,0.002
23.03.2020 08:36:30.688 GMT-0500,9.932,9.898,0.002,0.002
23.03.2020 08:36:32.500 GMT-0500,9.913,9.897,0.0008,0.002
23.03.2020 08:36:33.302 GMT-0500,9.912,9.898,0.002,0.002
23.03.2020 08:36:33.402 GMT-0500,9.882000000000001,9.857000000000001,0.0008,0.002
23.03.2020 08:36:34.732 GMT-0500,9.873,9.857000000000001,0.0008,0.002
23.03.2020 08:36:34.850 GMT-0500,9.872,9.858,0.0008,0.0008
23.03.2020 08:36:36.007 GMT-0500,9.913,9.877,0.002,0.002
23.03.2020 08:36:36.080 GMT-0500,9.912,9.888,0.0008,0.0008
23.03.2020 08:36:36.184 GMT-0500,9.913,9.877,0.002,0.002
23.03.2020 08:36:36.234 GMT-0500,9.913,9.877,0.002,0.002
23.03.2020 08:36:36.285 GMT-0500,9.923,9.877,0.002,0.002
23.03.2020 08:36:36.458 GMT-0500,9.923,9.897,0.002,0.002
23.03.2020 08:36:36.601 GMT-0500,9.922,9.908,0.0008,0.0008
23.03.2020 08:36:36.651 GMT-0500,9.932,9.908,0.0008,0.0008
23.03.2020 08:36:36.781 GMT-0500,9.932,9.898,0.002,0.002
23.03.2020 08:36:36.832 GMT-0500,9.922,9.877,0.0008,0.002
23.03.2020 08:36:36.932 GMT-0500,9.932,9.898,0.0008,0.0008
23.03.2020 08:36:37.415 GMT-0500,9.933,9.877,0.002,0.002
23.03.2020 08:36:37.516 GMT-0500,9.932,9.877,0.0008,0.002
23.03.2020 08:36:37.618 GMT-0500,9.932,9.877,0.0008,0.0008
23.03.2020 08:36:39.643 GMT-0500,9.933,9.857000000000001,0.002,0.002
23.03.2020 08:36:40.678 GMT-0500,9.922,9.858,0.0008,0.0008
23.03.2020 08:36:41.817 GMT-0500,9.933,9.857000000000001,0.002,0.002
23.03.2020 08:36:43.078 GMT-0500,9.912,9.858,0.0008,0.0008
23.03.2020 08:36:43.129 GMT-0500,9.932,9.857000000000001,0.0008,0.002
23.03.2020 08:36:43.662 GMT-0500,9.923,9.857000000000001,0.0008,0.002
23.03.2020 08:36:44.502 GMT-0500,9.892000000000001,9.858,0.0008,0.002
23.03.2020 08:36:44.602 GMT-0500,9.922,9.857000000000001,0.0008,0.002
23.03.2020 08:36:45.144 GMT-0500,9.922,9.877,0.0008,0.0008
23.03.2020 08:36:45.833 GMT-0500,9.922,9.867,0.0008,0.002
23.03.2020 08:36:46.039 GMT-0500,9.922,9.878,0.0008,0.0008
23.03.2020 08:36:46.244 GMT-0500,9.922,9.868,0.002,0.002
23.03.2020 08:36:46.978 GMT-0500,9.922,9.877,0.0008,0.0008
23.03.2020 08:36:47.078 GMT-0500,9.982000000000001,9.908,0.002,0.002
23.03.2020 08:36:47.155 GMT-0500,9.962000000000002,9.908,0.0008,0.002
23.03.2020 08:36:47.648 GMT-0500,9.963,9.907,0.002,0.002
23.03.2020 08:36:47.721 GMT-0500,9.982000000000001,9.908,0.002,0.002
23.03.2020 08:36:47.800 GMT-0500,9.972000000000001,9.908,0.0008,0.002
23.03.2020 08:36:47.976 GMT-0500,9.972000000000001,9.908,0.0008,0.002
23.03.2020 08:36:48.087 GMT-0500,9.972999999999999,9.947000000000001,0.0008,0.0008
23.03.2020 08:36:48.138 GMT-0500,9.982000000000001,9.927000000000001,0.0008,0.002
23.03.2020 08:36:48.554 GMT-0500,9.983,9.927000000000001,0.002,0.002
23.03.2020 08:36:51.543 GMT-0500,9.982000000000001,9.927999999999999,0.0008,0.0008
23.03.2020 08:36:52.347 GMT-0500,9.972000000000001,9.927999999999999,0.002,0.002
23.03.2020 08:36:52.620 GMT-0500,9.972999999999999,9.897,0.002,0.002
23.03.2020 08:36:53.072 GMT-0500,9.942,9.898,0.0008,0.0008
23.03.2020 08:36:53.584 GMT-0500,9.972000000000001,9.898,0.0008,0.0008
23.03.2020 08:36:57.942 GMT-0500,9.972000000000001,9.908,0.0008,0.0008
23.03.2020 08:36:58.444 GMT-0500,9.925,9.908,0.0008,0.0008
23.03.2020 08:36:58.494 GMT-0500,9.923,9.897,0.002,0.002
23.03.2020 08:36:58.758 GMT-0500,9.972999999999999,9.897,0.002,0.002
23.03.2020 08:36:59.183 GMT-0500,9.962000000000002,9.898,0.002,0.002
23.03.2020 08:37:03.995 GMT-0500,9.943,9.897,0.0008,0.002
23.03.2020 08:37:05.373 GMT-0500,9.943,9.897,0.002,0.002
23.03.2020 08:37:05.493 GMT-0500,9.933,9.897,0.0008,0.002
23.03.2020 08:37:05.594 GMT-0500,9.922,9.897,0.0008,0.002
23.03.2020 08:37:05.705 GMT-0500,9.943,9.897,0.002,0.002
23.03.2020 08:37:06.105 GMT-0500,9.943,9.907,0.002,0.0008
23.03.2020 08:37:06.396 GMT-0500,9.942,9.917,0.0008,0.002
23.03.2020 08:37:06.446 GMT-0500,9.943,9.907,0.002,0.002
23.03.2020 08:37:06.497 GMT-0500,9.942,9.917,0.0008,0.002
23.03.2020 08:37:08.453 GMT-0500,9.972000000000001,9.958,0.002,0.002
23.03.2020 08:37:08.553 GMT-0500,9.992,9.937000000000001,0.0008,0.002
23.03.2020 08:37:09.216 GMT-0500,9.993,9.937000000000001,0.002,0.002
23.03.2020 08:37:09.401 GMT-0500,9.992,9.968,0.0008,0.0008
23.03.2020 08:37:10.026 GMT-0500,9.992,9.937000000000001,0.0008,0.002
23.03.2020 08:37:10.076 GMT-0500,9.992,9.957,0.0008,0.002
23.03.2020 08:37:10.545 GMT-0500,9.992,9.968,0.002,0.0008
23.03.2020 08:37:10.595 GMT-0500,9.992,9.957,0.0008,0.002
23.03.2020 08:37:11.240 GMT-0500,9.992,9.957,0.0008,0.0008
23.03.2020 08:37:11.291 GMT-0500,9.992,9.947000000000001,0.0008,0.002
23.03.2020 08:37:11.601 GMT-0500,9.992,9.957,0.0008,0.0008
23.03.2020 08:37:12.387 GMT-0500,9.992,9.948,0.002,0.002
23.03.2020 08:37:13.585 GMT-0500,10.012,9.988,0.0008,0.0008
23.03.2020 08:37:13.686 GMT-0500,10.012,9.978,0.002,0.002
23.03.2020 08:37:14.313 GMT-0500,9.983,9.978,0.0008,0.0008
23.03.2020 08:37:14.364 GMT-0500,9.983,9.947000000000001,0.002,0.002
23.03.2020 08:37:14.650 GMT-0500,9.982000000000001,9.948,0.0008,0.0008
23.03.2020 08:37:15.061 GMT-0500,9.983,9.947000000000001,0.002,0.002
23.03.2020 08:37:15.585 GMT-0500,9.982000000000001,9.948,0.002,0.002
23.03.2020 08:37:15.922 GMT-0500,9.982000000000001,9.968,0.002,0.0008
23.03.2020 08:37:16.304 GMT-0500,9.982000000000001,9.948,0.0008,0.0008
23.03.2020 08:37:16.892 GMT-0500,9.982000000000001,9.938,0.002,0.002
23.03.2020 08:37:17.544 GMT-0500,9.982000000000001,9.957,0.0008,0.0008
23.03.2020 08:37:17.740 GMT-0500,9.982000000000001,9.938,0.002,0.002
23.03.2020 08:37:17.790 GMT-0500,9.982000000000001,9.938,0.002,0.002
23.03.2020 08:37:17.840 GMT-0500,9.972000000000001,9.938,0.002,0.002
23.03.2020 08:37:18.295 GMT-0500,9.972000000000001,9.927000000000001,0.0008,0.002
23.03.2020 08:37:18.379 GMT-0500,9.953,9.927000000000001,0.0008,0.0008
23.03.2020 08:37:18.430 GMT-0500,9.953,9.917,0.002,0.002
23.03.2020 08:37:18.762 GMT-0500,9.952,9.908,0.0008,0.002
23.03.2020 08:37:18.988 GMT-0500,9.952,9.938,0.0008,0.0008
23.03.2020 08:37:19.038 GMT-0500,10.022,9.957,0.0008,0.002
23.03.2020 08:37:19.562 GMT-0500,10.043,9.957,0.002,0.002
23.03.2020 08:37:19.643 GMT-0500,10.022,9.948,0.0008,0.002
23.03.2020 08:37:19.693 GMT-0500,10.022,9.948,0.002,0.002
23.03.2020 08:37:19.744 GMT-0500,10.032,9.937000000000001,0.0008,0.002
23.03.2020 08:37:19.844 GMT-0500,9.983,9.937000000000001,0.002,0.002
23.03.2020 08:37:20.258 GMT-0500,9.982000000000001,9.927999999999999,0.0008,0.002
23.03.2020 08:37:20.308 GMT-0500,9.982000000000001,9.927999999999999,0.0008,0.0008
23.03.2020 08:37:20.420 GMT-0500,9.982000000000001,9.918,0.0008,0.002
23.03.2020 08:37:20.583 GMT-0500,9.982000000000001,9.918,0.0008,0.0008
23.03.2020 08:37:21.822 GMT-0500,9.992,9.918,0.0008,0.0008
23.03.2020 08:37:22.183 GMT-0500,9.983,9.917,0.0008,0.002
23.03.2020 08:37:22.332 GMT-0500,9.983,9.917,0.0008,0.002
23.03.2020 08:37:22.382 GMT-0500,9.992,9.918,0.002,0.002
23.03.2020 08:37:22.736 GMT-0500,9.962000000000002,9.918,0.0008,0.002
23.03.2020 08:37:22.942 GMT-0500,9.943,9.918,0.0008,0.0008
23.03.2020 08:37:23.050 GMT-0500,9.933,9.897,0.002,0.002
23.03.2020 08:37:23.879 GMT-0500,9.942,9.898,0.0008,0.0008
23.03.2020 08:37:24.418 GMT-0500,9.933,9.898,0.0008,0.0008
23.03.2020 08:37:25.771 GMT-0500,9.922,9.858,0.002,0.002
23.03.2020 08:37:25.822 GMT-0500,9.932,9.898,0.0008,0.0008
23.03.2020 08:37:27.054 GMT-0500,9.933,9.897,0.002,0.002
23.03.2020 08:37:28.045 GMT-0500,9.932,9.897,0.0008,0.002
23.03.2020 08:37:28.485 GMT-0500,9.923,9.898,0.0008,0.0008
23.03.2020 08:37:28.536 GMT-0500,9.932,9.898,0.002,0.002
23.03.2020 08:37:29.995 GMT-0500,9.933,9.897,0.002,0.002
23.03.2020 08:37:30.135 GMT-0500,9.932,9.897,0.0008,0.002
23.03.2020 08:37:30.186 GMT-0500,9.913,9.857000000000001,0.002,0.002
23.03.2020 08:37:31.347 GMT-0500,9.902000000000001,9.858,0.002,0.002
23.03.2020 08:37:32.352 GMT-0500,9.882000000000001,9.858,0.0008,0.0008
23.03.2020 08:37:33.334 GMT-0500,9.873,9.857000000000001,0.0008,0.002
23.03.2020 08:37:34.297 GMT-0500,9.872,9.857000000000001,0.0008,0.002
23.03.2020 08:37:37.035 GMT-0500,9.873,9.857000000000001,0.002,0.002
23.03.2020 08:37:38.225 GMT-0500,9.872,9.857000000000001,0.0008,0.002
23.03.2020 08:37:38.734 GMT-0500,9.873,9.857000000000001,0.002,0.002
23.03.2020 08:37:39.390 GMT-0500,9.872,9.858,0.0008,0.0008
23.03.2020 08:37:39.853 GMT-0500,9.872,9.847999999999999,0.0008,0.002
23.03.2020 08:37:41.086 GMT-0500,9.862,9.847999999999999,0.002,0.0008
23.03.2020 08:37:41.137 GMT-0500,9.852,9.828,0.002,0.002
23.03.2020 08:37:41.816 GMT-0500,9.853,9.828,0.0008,0.0008
23.03.2020 08:37:42.107 GMT-0500,9.852,9.828,0.0008,0.0008
23.03.2020 08:37:42.473 GMT-0500,9.853,9.827,0.002,0.002
23.03.2020 08:37:43.153 GMT-0500,9.852,9.837000000000002,0.0008,0.0008
23.03.2020 08:37:43.891 GMT-0500,9.852,9.837000000000002,0.0008,0.002
23.03.2020 08:37:48.266 GMT-0500,9.853,9.837000000000002,0.002,0.002
23.03.2020 08:37:49.788 GMT-0500,9.852,9.838,0.0008,0.0008
23.03.2020 08:37:58.373 GMT-0500,9.842,9.828,0.0008,0.002
23.03.2020 08:37:58.423 GMT-0500,9.842,9.828,0.0008,0.0008
23.03.2020 08:38:00.354 GMT-0500,9.843,9.827,0.002,0.002
23.03.2020 08:38:00.748 GMT-0500,9.842,9.827,0.0008,0.002
23.03.2020 08:38:01.495 GMT-0500,9.842,9.837000000000002,0.0008,0.0008
23.03.2020 08:38:01.546 GMT-0500,9.852,9.837000000000002,0.0008,0.002
23.03.2020 08:38:02.083 GMT-0500,9.853,9.837000000000002,0.002,0.002
23.03.2020 08:38:02.184 GMT-0500,9.852,9.838,0.0008,0.0008
23.03.2020 08:38:02.381 GMT-0500,9.855,9.838,0.0008,0.002
23.03.2020 08:38:02.431 GMT-0500,9.882000000000001,9.867,0.0008,0.002
23.03.2020 08:38:02.482 GMT-0500,9.922,9.897,0.0008,0.002
23.03.2020 08:38:02.820 GMT-0500,9.922,9.908,0.002,0.0008
23.03.2020 08:38:02.966 GMT-0500,9.932,9.918,0.002,0.002
23.03.2020 08:38:03.345 GMT-0500,9.933,9.897,0.002,0.002
23.03.2020 08:38:03.831 GMT-0500,9.932,9.897,0.0008,0.0008
23.03.2020 08:38:04.206 GMT-0500,9.923,9.888,0.0008,0.0008
23.03.2020 08:38:04.256 GMT-0500,9.933,9.847000000000001,0.002,0.002
23.03.2020 08:38:04.306 GMT-0500,9.932,9.858,0.0008,0.0008
23.03.2020 08:38:04.357 GMT-0500,9.932,9.847999999999999,0.0008,0.0008
23.03.2020 08:38:04.470 GMT-0500,9.923,9.837000000000002,0.0008,0.002
23.03.2020 08:38:04.520 GMT-0500,9.922,9.837000000000002,0.0008,0.002
23.03.2020 08:38:04.973 GMT-0500,9.932,9.837000000000002,0.0008,0.002
23.03.2020 08:38:05.630 GMT-0500,9.932,9.857000000000001,0.0008,0.0008
23.03.2020 08:38:06.927 GMT-0500,9.923,9.857000000000001,0.0008,0.002
23.03.2020 08:38:07.673 GMT-0500,9.932,9.858,0.0008,0.0008
23.03.2020 08:38:07.911 GMT-0500,9.922,9.858,0.0008,0.0008
23.03.2020 08:38:08.061 GMT-0500,9.932,9.858,0.002,0.002
23.03.2020 08:38:08.784 GMT-0500,9.923,9.857000000000001,0.0008,0.002
23.03.2020 08:38:08.957 GMT-0500,9.922,9.858,0.0008,0.0008
23.03.2020 08:38:09.179 GMT-0500,9.923,9.857000000000001,0.0008,0.002
23.03.2020 08:38:09.229 GMT-0500,9.932,9.857000000000001,0.0008,0.002
23.03.2020 08:38:09.518 GMT-0500,9.933,9.857000000000001,0.002,0.002
23.03.2020 08:38:09.826 GMT-0500,9.922,9.857000000000001,0.0008,0.002
23.03.2020 08:38:09.926 GMT-0500,9.932,9.857000000000001,0.0008,0.002
23.03.2020 08:38:10.766 GMT-0500,9.923,9.857000000000001,0.0008,0.002
23.03.2020 08:38:11.179 GMT-0500,9.923,9.857000000000001,0.002,0.0008
23.03.2020 08:38:11.230 GMT-0500,9.922,9.847999999999999,0.002,0.002
23.03.2020 08:38:11.631 GMT-0500,9.933,9.847000000000001,0.002,0.002
23.03.2020 08:38:11.731 GMT-0500,9.892999999999999,9.847000000000001,0.002,0.002
23.03.2020 08:38:12.118 GMT-0500,9.892000000000001,9.838,0.002,0.002
23.03.2020 08:38:14.133 GMT-0500,9.892000000000001,9.838,0.002,0.002
23.03.2020 08:38:14.406 GMT-0500,9.863,9.847000000000001,0.0008,0.002
23.03.2020 08:38:15.064 GMT-0500,9.862,9.838,0.0008,0.0008
23.03.2020 08:38:15.124 GMT-0500,9.863,9.847000000000001,0.0008,0.0008
23.03.2020 08:38:15.175 GMT-0500,9.892000000000001,9.847999999999999,0.002,0.002
23.03.2020 08:38:16.077 GMT-0500,9.863,9.847999999999999,0.0008,0.0008
23.03.2020 08:38:16.128 GMT-0500,9.862,9.828,0.0008,0.0008
23.03.2020 08:38:16.406 GMT-0500,9.863,9.837000000000002,0.002,0.0008
23.03.2020 08:38:17.994 GMT-0500,9.852,9.827,0.0008,0.002
23.03.2020 08:38:18.372 GMT-0500,9.853,9.827,0.002,0.002
23.03.2020 08:38:18.855 GMT-0500,9.852,9.837000000000002,0.0008,0.0008
23.03.2020 08:38:18.905 GMT-0500,9.852,9.808,0.002,0.002
23.03.2020 08:38:20.202 GMT-0500,9.852,9.808,0.002,0.002
23.03.2020 08:38:20.641 GMT-0500,9.853,9.827,0.002,0.002
23.03.2020 08:38:21.158 GMT-0500,9.852,9.828,0.0008,0.0008
23.03.2020 08:38:21.267 GMT-0500,9.853,9.827,0.002,0.002
23.03.2020 08:38:21.640 GMT-0500,9.852,9.828,0.0008,0.0008
23.03.2020 08:38:21.893 GMT-0500,9.852,9.828,0.0008,0.002
23.03.2020 08:38:21.994 GMT-0500,9.852,9.838,0.002,0.002
23.03.2020 08:38:22.520 GMT-0500,9.852,9.828,0.002,0.002
23.03.2020 08:38:23.435 GMT-0500,9.843,9.807,0.002,0.002
23.03.2020 08:38:23.569 GMT-0500,9.843,9.808,0.0008,0.0008
23.03.2020 08:38:23.620 GMT-0500,9.852,9.808,0.0008,0.0008
23.03.2020 08:38:23.890 GMT-0500,9.852,9.837000000000002,0.0008,0.0008
23.03.2020 08:38:25.327 GMT-0500,9.842,9.835,0.0008,0.0008
23.03.2020 08:38:25.378 GMT-0500,9.842,9.798,0.002,0.002
23.03.2020 08:38:25.941 GMT-0500,9.842,9.798,0.0008,0.002
23.03.2020 08:38:26.058 GMT-0500,9.842,9.818,0.0008,0.002
23.03.2020 08:38:26.108 GMT-0500,9.852,9.828,0.0008,0.0008
23.03.2020 08:38:26.446 GMT-0500,9.853,9.827,0.002,0.002
23.03.2020 08:38:26.783 GMT-0500,9.852,9.827,0.0008,0.002
23.03.2020 08:38:27.473 GMT-0500,9.843,9.828,0.0008,0.0008
23.03.2020 08:38:27.628 GMT-0500,9.843,9.817,0.002,0.002
23.03.2020 08:38:27.678 GMT-0500,9.842,9.817,0.0008,0.002
23.03.2020 08:38:28.290 GMT-0500,9.842,9.837000000000002,0.0008,0.0008
23.03.2020 08:38:28.340 GMT-0500,9.862,9.837000000000002,0.0008,0.002
23.03.2020 08:38:28.629 GMT-0500,9.863,9.837000000000002,0.002,0.002
23.03.2020 08:38:29.161 GMT-0500,9.912,9.857000000000001,0.0008,0.002
23.03.2020 08:38:29.273 GMT-0500,9.922,9.858,0.0008,0.0008
23.03.2020 08:38:29.331 GMT-0500,9.922,9.858,0.0008,0.002
23.03.2020 08:38:29.586 GMT-0500,9.913,9.868,0.0008,0.0008
23.03.2020 08:38:29.754 GMT-0500,9.883,9.868,0.0008,0.002
23.03.2020 08:38:29.866 GMT-0500,9.912,9.868,0.0008,0.0008
23.03.2020 08:38:31.195 GMT-0500,9.883,9.867,0.0008,0.002
23.03.2020 08:38:32.535 GMT-0500,9.912,9.868,0.002,0.002
23.03.2020 08:38:33.326 GMT-0500,9.883,9.868,0.0008,0.0008
23.03.2020 08:38:33.931 GMT-0500,9.882000000000001,9.838,0.0008,0.0008
23.03.2020 08:38:33.981 GMT-0500,9.873,9.837000000000002,0.002,0.002
23.03.2020 08:38:34.652 GMT-0500,9.872,9.847999999999999,0.0008,0.0008
23.03.2020 08:38:34.826 GMT-0500,9.882000000000001,9.857000000000001,0.0008,0.002
23.03.2020 08:38:36.605 GMT-0500,9.873,9.857000000000001,0.0008,0.0008
23.03.2020 08:38:36.655 GMT-0500,9.873,9.837000000000002,0.002,0.002
23.03.2020 08:38:37.650 GMT-0500,9.873,9.827,0.002,0.002
23.03.2020 08:38:37.817 GMT-0500,9.872,9.817,0.0008,0.002
23.03.2020 08:38:37.996 GMT-0500,9.872,9.827,0.0008,0.0008
23.03.2020 08:38:39.840 GMT-0500,9.872,9.827,0.0008,0.002
23.03.2020 08:38:40.563 GMT-0500,9.873,9.827,0.002,0.002
23.03.2020 08:38:40.887 GMT-0500,9.873,9.847000000000001,0.0008,0.002
23.03.2020 08:38:40.938 GMT-0500,9.882000000000001,9.858,0.002,0.002
23.03.2020 08:38:41.495 GMT-0500,9.883,9.858,0.0008,0.002
23.03.2020 08:38:41.545 GMT-0500,9.923,9.867,0.002,0.002
23.03.2020 08:38:41.646 GMT-0500,9.902000000000001,9.878,0.0008,0.0008
23.03.2020 08:38:41.696 GMT-0500,9.902000000000001,9.868,0.002,0.002
23.03.2020 08:38:41.873 GMT-0500,9.913,9.867,0.002,0.002
23.03.2020 08:38:41.992 GMT-0500,9.912,9.888,0.0008,0.0008
23.03.2020 08:38:42.093 GMT-0500,9.922,9.888,0.002,0.002
23.03.2020 08:38:42.501 GMT-0500,9.922,9.888,0.0008,0.002
23.03.2020 08:38:42.648 GMT-0500,9.923,9.908,0.0008,0.0008
23.03.2020 08:38:42.698 GMT-0500,9.922,9.898,0.002,0.002
23.03.2020 08:38:42.890 GMT-0500,9.922,9.908,0.0008,0.0008
23.03.2020 08:38:42.941 GMT-0500,9.932,9.908,0.0008,0.0008
23.03.2020 08:38:43.023 GMT-0500,9.923,9.897,0.0008,0.002
23.03.2020 08:38:43.073 GMT-0500,9.923,9.897,0.002,0.002
23.03.2020 08:38:43.626 GMT-0500,9.892999999999999,9.867,0.002,0.002
23.03.2020 08:38:43.676 GMT-0500,9.892000000000001,9.857000000000001,0.0008,0.002
23.03.2020 08:38:43.946 GMT-0500,9.892999999999999,9.847000000000001,0.002,0.0008
23.03.2020 08:38:44.369 GMT-0500,9.892000000000001,9.827,0.0008,0.002
23.03.2020 08:38:44.419 GMT-0500,9.862,9.827,0.0008,0.002
23.03.2020 08:38:45.217 GMT-0500,9.862,9.827,0.0008,0.0008
23.03.2020 08:38:45.510 GMT-0500,9.852,9.828,0.0008,0.0008
23.03.2020 08:38:45.561 GMT-0500,9.853,9.817,0.002,0.002
23.03.2020 08:38:45.627 GMT-0500,9.853,9.827,0.002,0.0008
23.03.2020 08:38:45.800 GMT-0500,9.853,9.828,0.0008,0.0008
23.03.2020 08:38:45.850 GMT-0500,9.862,9.828,0.002,0.002
23.03.2020 08:38:46.001 GMT-0500,9.852,9.828,0.002,0.002
23.03.2020 08:38:46.051 GMT-0500,9.862,9.828,0.002,0.002
23.03.2020 08:38:46.370 GMT-0500,9.882000000000001,9.828,0.0008,0.0008
23.03.2020 08:38:46.753 GMT-0500,9.872,9.828,0.0008,0.0008
23.03.2020 08:38:46.885 GMT-0500,9.873,9.828,0.0008,0.0008
23.03.2020 08:38:47.925 GMT-0500,9.872,9.828,0.0008,0.0008
23.03.2020 08:38:50.062 GMT-0500,9.852,9.807,0.0008,0.002
23.03.2020 08:38:51.378 GMT-0500,9.853,9.817,0.002,0.0008
23.03.2020 08:38:51.429 GMT-0500,9.853,9.797,0.002,0.002
23.03.2020 08:38:52.347 GMT-0500,9.853,9.807,0.002,0.002
23.03.2020 08:38:52.506 GMT-0500,9.852,9.797,0.0008,0.002
23.03.2020 08:38:52.954 GMT-0500,9.842,9.798,0.0008,0.0008
23.03.2020 08:38:53.495 GMT-0500,9.833,9.797,0.002,0.002
23.03.2020 08:38:53.546 GMT-0500,9.842,9.798,0.002,0.002
23.03.2020 08:38:53.870 GMT-0500,9.843,9.797,0.002,0.002
23.03.2020 08:38:53.921 GMT-0500,9.812000000000001,9.798,0.002,0.002
23.03.2020 08:38:54.121 GMT-0500,9.822000000000001,9.797,0.0008,0.002
23.03.2020 08:38:54.171 GMT-0500,9.813,9.797,0.002,0.002
23.03.2020 08:38:54.272 GMT-0500,9.813,9.797,0.0008,0.002
23.03.2020 08:38:54.322 GMT-0500,9.823,9.797,0.002,0.002
23.03.2020 08:38:54.653 GMT-0500,9.823,9.797,0.002,0.002
23.03.2020 08:38:54.811 GMT-0500,9.823,9.808,0.0008,0.002
23.03.2020 08:38:54.861 GMT-0500,9.843,9.807,0.002,0.002
23.03.2020 08:38:55.001 GMT-0500,9.832,9.807,0.0008,0.002
23.03.2020 08:38:55.102 GMT-0500,9.832,9.798,0.002,0.002
23.03.2020 08:38:55.203 GMT-0500,9.833,9.797,0.002,0.002
23.03.2020 08:38:56.750 GMT-0500,9.832,9.797,0.0008,0.0008
23.03.2020 08:38:57.190 GMT-0500,9.812000000000001,9.787,0.0008,0.002
23.03.2020 08:38:59.633 GMT-0500,9.813,9.787,0.002,0.002
23.03.2020 08:39:03.397 GMT-0500,9.812000000000001,9.797,0.0008,0.0008
23.03.2020 08:39:03.727 GMT-0500,9.812000000000001,9.788,0.0008,0.0008
23.03.2020 08:39:07.354 GMT-0500,9.813,9.787,0.002,0.002
23.03.2020 08:39:10.235 GMT-0500,9.802999999999999,9.787,0.0008,0.002
23.03.2020 08:39:10.598 GMT-0500,9.792,9.787,0.0008,0.0008
23.03.2020 08:39:10.649 GMT-0500,9.792,9.778,0.002,0.002
23.03.2020 08:39:10.962 GMT-0500,9.802000000000001,9.778,0.0008,0.0008
23.03.2020 08:39:11.574 GMT-0500,9.782,9.777000000000001,0.0008,0.0008
23.03.2020 08:39:11.625 GMT-0500,9.782,9.748,0.0008,0.0008
23.03.2020 08:39:12.732 GMT-0500,9.802000000000001,9.747,0.0008,0.002
23.03.2020 08:39:17.436 GMT-0500,9.783,9.747,0.002,0.002
23.03.2020 08:39:18.886 GMT-0500,9.782,9.748,0.0008,0.0008
23.03.2020 08:39:19.094 GMT-0500,9.782,9.758,0.0008,0.0008
23.03.2020 08:39:20.677 GMT-0500,9.783,9.757000000000001,0.002,0.002
23.03.2020 08:39:22.965 GMT-0500,9.782,9.758,0.0008,0.0008
23.03.2020 08:39:24.964 GMT-0500,9.783,9.767000000000001,0.002,0.002
23.03.2020 08:39:26.233 GMT-0500,9.772,9.758,0.002,0.002
23.03.2020 08:39:26.283 GMT-0500,9.772,9.748,0.0008,0.0008
23.03.2020 08:39:26.907 GMT-0500,9.773,9.757000000000001,0.002,0.002
23.03.2020 08:39:27.854 GMT-0500,9.772,9.757000000000001,0.0008,0.002
23.03.2020 08:39:30.029 GMT-0500,9.763,9.747,0.0008,0.002
23.03.2020 08:39:30.080 GMT-0500,9.763,9.747,0.002,0.002
23.03.2020 08:39:30.781 GMT-0500,9.762,9.748,0.0008,0.0008
23.03.2020 08:39:32.685 GMT-0500,9.762,9.747,0.0008,0.0008
23.03.2020 08:39:32.924 GMT-0500,9.762,9.727,0.0008,0.002
23.03.2020 08:39:33.034 GMT-0500,9.763,9.717,0.002,0.002
23.03.2020 08:39:38.938 GMT-0500,9.762,9.718,0.0008,0.002
23.03.2020 08:39:39.039 GMT-0500,9.762,9.718,0.0008,0.0008
23.03.2020 08:39:42.057 GMT-0500,9.762,9.747,0.0008,0.0008
23.03.2020 08:39:42.207 GMT-0500,9.762,9.747,0.0008,0.002
23.03.2020 08:39:42.330 GMT-0500,9.782,9.758,0.0008,0.0008
23.03.2020 08:39:42.431 GMT-0500,9.822000000000001,9.787,0.0008,0.002
23.03.2020 08:39:42.531 GMT-0500,9.822000000000001,9.777000000000001,0.0008,0.002
23.03.2020 08:39:42.632 GMT-0500,9.812000000000001,9.788,0.002,0.002
23.03.2020 08:39:42.833 GMT-0500,9.842,9.808,0.002,0.002
23.03.2020 08:39:42.933 GMT-0500,9.832,9.788,0.002,0.002
23.03.2020 08:39:43.097 GMT-0500,9.832,9.788,0.0008,0.002
23.03.2020 08:39:43.147 GMT-0500,9.882000000000001,9.787,0.0008,0.002
23.03.2020 08:39:43.198 GMT-0500,9.872,9.788,0.0008,0.0008
23.03.2020 08:39:43.310 GMT-0500,9.872,9.788,0.002,0.002
23.03.2020 08:39:43.360 GMT-0500,9.872,9.787,0.0008,0.002
23.03.2020 08:39:43.411 GMT-0500,9.883,9.787,0.002,0.002
23.03.2020 08:39:43.461 GMT-0500,9.883,9.817,0.002,0.002
23.03.2020 08:39:43.630 GMT-0500,9.872,9.808,0.002,0.002
23.03.2020 08:39:43.737 GMT-0500,9.828,9.808,0.0008,0.0008
23.03.2020 08:39:43.936 GMT-0500,9.823,9.807,0.002,0.0008
23.03.2020 08:39:43.986 GMT-0500,9.822000000000001,9.798,0.0008,0.0008
23.03.2020 08:39:44.036 GMT-0500,9.833,9.817,0.002,0.002
23.03.2020 08:39:44.150 GMT-0500,9.892000000000001,9.818,0.002,0.002
23.03.2020 08:39:44.201 GMT-0500,9.892000000000001,9.798,0.0008,0.0008
23.03.2020 08:39:44.586 GMT-0500,9.892999999999999,9.798,0.0008,0.0008
23.03.2020 08:39:45.045 GMT-0500,9.922,9.808,0.002,0.002
23.03.2020 08:39:45.096 GMT-0500,9.932,9.797,0.0008,0.002
23.03.2020 08:39:45.230 GMT-0500,9.932,9.797,0.0008,0.002
23.03.2020 08:39:45.622 GMT-0500,9.922,9.828,0.0008,0.002
23.03.2020 08:39:45.778 GMT-0500,9.933,9.827,0.002,0.002
23.03.2020 08:39:46.644 GMT-0500,9.892000000000001,9.828,0.0008,0.0008
23.03.2020 08:39:46.812 GMT-0500,9.892000000000001,9.818,0.0008,0.002
23.03.2020 08:39:46.862 GMT-0500,9.892000000000001,9.818,0.002,0.002
23.03.2020 08:39:47.231 GMT-0500,9.892000000000001,9.838,0.002,0.002
23.03.2020 08:39:48.714 GMT-0500,9.892000000000001,9.847999999999999,0.0008,0.0008
23.03.2020 08:39:48.891 GMT-0500,9.882000000000001,9.847999999999999,0.0008,0.0008
23.03.2020 08:39:49.510 GMT-0500,9.883,9.837000000000002,0.002,0.002
23.03.2020 08:39:50.638 GMT-0500,9.882000000000001,9.818,0.0008,0.002
23.03.2020 08:39:51.136 GMT-0500,9.882000000000001,9.787,0.0008,0.002
23.03.2020 08:39:51.276 GMT-0500,9.872,9.838,0.0008,0.0008
23.03.2020 08:39:51.326 GMT-0500,9.852,9.808,0.0008,0.0008
23.03.2020 08:39:51.393 GMT-0500,9.832,9.808,0.0008,0.0008
23.03.2020 08:39:51.494 GMT-0500,9.822000000000001,9.767999999999999,0.0008,0.0008
23.03.2020 08:39:51.946 GMT-0500,9.822000000000001,9.748,0.0008,0.002
23.03.2020 08:39:51.997 GMT-0500,9.822000000000001,9.748,0.002,0.002
23.03.2020 08:39:52.200 GMT-0500,9.812000000000001,9.737,0.0008,0.002
23.03.2020 08:39:52.738 GMT-0500,9.813,9.777000000000001,0.002,0.0008
23.03.2020 08:39:53.077 GMT-0500,9.802000000000001,9.778,0.0008,0.002
23.03.2020 08:39:53.656 GMT-0500,9.842,9.777000000000001,0.0008,0.002
23.03.2020 08:39:53.756 GMT-0500,9.852,9.778,0.0008,0.0008
23.03.2020 08:39:53.926 GMT-0500,9.862,9.738,0.002,0.002
23.03.2020 08:39:54.073 GMT-0500,9.862,9.778,0.002,0.0008
23.03.2020 08:39:54.124 GMT-0500,9.862,9.748,0.002,0.002
23.03.2020 08:39:54.344 GMT-0500,9.852,9.747,0.0008,0.002
23.03.2020 08:39:54.592 GMT-0500,9.852,9.778,0.0008,0.0008
23.03.2020 08:39:54.862 GMT-0500,9.852,9.748,0.002,0.002
23.03.2020 08:39:55.102 GMT-0500,9.842,9.748,0.0008,0.0008
23.03.2020 08:39:55.203 GMT-0500,9.852,9.787,0.0008,0.002
23.03.2020 08:39:55.327 GMT-0500,9.8,9.787,0.0008,0.0008
23.03.2020 08:39:55.377 GMT-0500,9.852,9.767999999999999,0.0008,0.0008
23.03.2020 08:39:55.427 GMT-0500,9.852,9.778,0.0008,0.0008
23.03.2020 08:39:55.478 GMT-0500,9.852,9.767999999999999,0.0008,0.0008
23.03.2020 08:39:55.932 GMT-0500,9.822000000000001,9.767999999999999,0.0008,0.0008
23.03.2020 08:39:56.247 GMT-0500,9.823,9.777000000000001,0.002,0.002
23.03.2020 08:39:56.298 GMT-0500,9.822000000000001,9.748,0.0008,0.0008
23.03.2020 08:39:56.570 GMT-0500,9.823,9.757000000000001,0.002,0.0008
23.03.2020 08:39:56.817 GMT-0500,9.822000000000001,9.767999999999999,0.002,0.0008
23.03.2020 08:39:56.868 GMT-0500,9.822000000000001,9.758,0.002,0.002
23.03.2020 08:39:56.919 GMT-0500,9.792,9.738,0.0008,0.0008
23.03.2020 08:39:57.053 GMT-0500,9.762,9.728,0.002,0.002
23.03.2020 08:39:57.208 GMT-0500,9.762,9.708,0.0008,0.0008
23.03.2020 08:39:57.503 GMT-0500,9.762,9.727,0.0008,0.0008
23.03.2020 08:39:57.553 GMT-0500,9.793,9.727,0.002,0.002
23.03.2020 08:39:58.143 GMT-0500,9.782,9.728,0.0008,0.0008
23.03.2020 08:39:58.243 GMT-0500,9.792,9.708,0.002,0.002
23.03.2020 08:39:58.301 GMT-0500,9.792,9.708,0.0008,0.002
23.03.2020 08:39:59.824 GMT-0500,9.792,9.737,0.0008,0.002
23.03.2020 08:39:59.925 GMT-0500,9.792,9.747,0.0008,0.002
23.03.2020 08:40:00.178 GMT-0500,9.782,9.748,0.0008,0.0008
23.03.2020 08:40:00.228 GMT-0500,9.792,9.748,0.002,0.002
23.03.2020 08:40:00.278 GMT-0500,9.762,9.738,0.002,0.002
23.03.2020 08:40:01.149 GMT-0500,9.762,9.747,0.0008,0.0008
23.03.2020 08:40:01.364 GMT-0500,9.763,9.748,0.0008,0.0008
23.03.2020 08:40:01.414 GMT-0500,9.793,9.777000000000001,0.002,0.002
23.03.2020 08:40:01.559 GMT-0500,9.793,9.778,0.0008,0.0008
23.03.2020 08:40:01.659 GMT-0500,9.832,9.777000000000001,0.0008,0.002
23.03.2020 08:40:01.932 GMT-0500,9.852,9.778,0.002,0.002
23.03.2020 08:40:02.137 GMT-0500,9.843,9.777000000000001,0.0008,0.002
23.03.2020 08:40:02.365 GMT-0500,9.832,9.777000000000001,0.0008,0.002
23.03.2020 08:40:02.923 GMT-0500,9.823,9.777000000000001,0.0008,0.002
23.03.2020 08:40:03.054 GMT-0500,9.833,9.777000000000001,0.002,0.002
23.03.2020 08:40:03.805 GMT-0500,9.823,9.777000000000001,0.0008,0.002
23.03.2020 08:40:03.906 GMT-0500,9.832,9.787,0.0008,0.002
23.03.2020 08:40:04.117 GMT-0500,9.833,9.787,0.002,0.002
23.03.2020 08:40:04.849 GMT-0500,9.832,9.787,0.0008,0.002
23.03.2020 08:40:05.011 GMT-0500,9.882000000000001,9.798,0.0008,0.0008
23.03.2020 08:40:05.062 GMT-0500,9.873,9.797,0.002,0.002
23.03.2020 08:40:05.180 GMT-0500,9.882000000000001,9.798,0.002,0.002
23.03.2020 08:40:05.403 GMT-0500,9.873,9.817,0.0008,0.0008
23.03.2020 08:40:05.523 GMT-0500,9.863,9.817,0.0008,0.002
23.03.2020 08:40:05.851 GMT-0500,9.862,9.798,0.0008,0.002
23.03.2020 08:40:05.901 GMT-0500,9.862,9.798,0.0008,0.0008
23.03.2020 08:40:07.240 GMT-0500,9.862,9.798,0.002,0.002
23.03.2020 08:40:07.543 GMT-0500,9.843,9.797,0.002,0.002
23.03.2020 08:40:09.031 GMT-0500,9.822000000000001,9.788,0.0008,0.002
23.03.2020 08:40:09.083 GMT-0500,9.783,9.747,0.002,0.002
23.03.2020 08:40:09.719 GMT-0500,9.782,9.758,0.0008,0.0008
23.03.2020 08:40:10.025 GMT-0500,9.783,9.747,0.002,0.002
23.03.2020 08:40:10.076 GMT-0500,9.782,9.757000000000001,0.0008,0.002
23.03.2020 08:40:11.555 GMT-0500,9.783,9.757000000000001,0.002,0.0008
23.03.2020 08:40:11.605 GMT-0500,9.783,9.727,0.002,0.002
23.03.2020 08:40:11.720 GMT-0500,9.783,9.765,0.002,0.0008
23.03.2020 08:40:11.820 GMT-0500,9.832,9.788,0.002,0.002
23.03.2020 08:40:12.117 GMT-0500,9.882000000000001,9.788,0.002,0.002
23.03.2020 08:40:12.504 GMT-0500,9.872,9.788,0.0008,0.002
23.03.2020 08:40:12.733 GMT-0500,9.863,9.787,0.002,0.002
23.03.2020 08:40:12.872 GMT-0500,9.822000000000001,9.787,0.0008,0.002
23.03.2020 08:40:13.965 GMT-0500,9.823,9.777000000000001,0.002,0.002
23.03.2020 08:40:14.836 GMT-0500,9.823,9.777000000000001,0.002,0.002
23.03.2020 08:40:14.954 GMT-0500,9.822000000000001,9.798,0.0008,0.0008
23.03.2020 08:40:16.125 GMT-0500,9.825000000000001,9.798,0.0008,0.002
23.03.2020 08:40:16.175 GMT-0500,9.862,9.828,0.0008,0.0008
23.03.2020 08:40:16.462 GMT-0500,9.843,9.828,0.0008,0.0008
23.03.2020 08:40:16.513 GMT-0500,9.842,9.798,0.0008,0.0008
23.03.2020 08:40:16.995 GMT-0500,9.823,9.777000000000001,0.0008,0.002
23.03.2020 08:40:17.045 GMT-0500,9.822000000000001,9.777000000000001,0.0008,0.002
23.03.2020 08:40:17.716 GMT-0500,9.822000000000001,9.767000000000001,0.0008,0.002
23.03.2020 08:40:18.278 GMT-0500,9.802999999999999,9.757000000000001,0.0008,0.002
23.03.2020 08:40:18.501 GMT-0500,9.802000000000001,9.758,0.002,0.002
23.03.2020 08:40:19.081 GMT-0500,9.793,9.727,0.0008,0.002
23.03.2020 08:40:19.131 GMT-0500,9.792,9.728,0.002,0.002
23.03.2020 08:40:19.830 GMT-0500,9.792,9.728,0.0008,0.002
23.03.2020 08:40:19.964 GMT-0500,9.792,9.738,0.002,0.002
23.03.2020 08:40:20.079 GMT-0500,9.782,9.748,0.0008,0.002
23.03.2020 08:40:20.129 GMT-0500,9.773,9.737,0.002,0.002
23.03.2020 08:40:20.380 GMT-0500,9.772,9.737,0.0008,0.0008
23.03.2020 08:40:20.481 GMT-0500,9.762,9.728,0.0008,0.0008
23.03.2020 08:40:21.390 GMT-0500,9.763,9.727,0.0008,0.002
23.03.2020 08:40:21.440 GMT-0500,9.772,9.727,0.0008,0.002
23.03.2020 08:40:21.983 GMT-0500,9.772,9.728,0.0008,0.002
23.03.2020 08:40:22.083 GMT-0500,9.772,9.728,0.002,0.002
23.03.2020 08:40:22.252 GMT-0500,9.772,9.748,0.0008,0.0008
23.03.2020 08:40:22.371 GMT-0500,9.772,9.758,0.0008,0.0008
23.03.2020 08:40:23.081 GMT-0500,9.773,9.757000000000001,0.002,0.002
23.03.2020 08:40:23.840 GMT-0500,9.772,9.757000000000001,0.0008,0.002
23.03.2020 08:40:24.180 GMT-0500,9.763,9.758,0.0008,0.0008
23.03.2020 08:40:24.230 GMT-0500,9.762,9.748,0.0008,0.0008
23.03.2020 08:40:24.770 GMT-0500,9.763,9.747,0.002,0.002
23.03.2020 08:40:25.055 GMT-0500,9.763,9.717,0.002,0.002
23.03.2020 08:40:25.105 GMT-0500,9.753,9.707,0.002,0.002
23.03.2020 08:40:25.497 GMT-0500,9.752,9.708,0.0008,0.0008
23.03.2020 08:40:30.919 GMT-0500,9.722999999999999,9.708,0.0008,0.0008
23.03.2020 08:40:31.456 GMT-0500,9.722999999999999,9.707,0.002,0.002
23.03.2020 08:40:32.792 GMT-0500,9.722000000000001,9.708,0.0008,0.0008
23.03.2020 08:40:34.434 GMT-0500,9.722999999999999,9.697000000000001,0.002,0.002
23.03.2020 08:40:34.596 GMT-0500,9.722000000000001,9.698,0.0008,0.0008
23.03.2020 08:40:40.800 GMT-0500,9.722999999999999,9.697000000000001,0.002,0.002
23.03.2020 08:40:42.194 GMT-0500,9.722000000000001,9.697000000000001,0.0008,0.002
23.03.2020 08:40:42.693 GMT-0500,9.722999999999999,9.697000000000001,0.002,0.002
23.03.2020 08:40:42.853 GMT-0500,9.722000000000001,9.697000000000001,0.0008,0.002
23.03.2020 08:40:48.603 GMT-0500,9.722000000000001,9.698,0.002,0.002
23.03.2020 08:40:48.706 GMT-0500,9.732000000000001,9.708,0.0008,0.0008
23.03.2020 08:40:48.757 GMT-0500,9.752,9.718,0.0008,0.0008
23.03.2020 08:40:49.073 GMT-0500,9.732000000000001,9.718,0.0008,0.0008
23.03.2020 08:40:49.123 GMT-0500,9.732000000000001,9.698,0.002,0.002
23.03.2020 08:40:49.223 GMT-0500,9.732000000000001,9.698,0.002,0.002
23.03.2020 08:40:49.362 GMT-0500,9.733,9.718,0.0008,0.002
23.03.2020 08:40:49.412 GMT-0500,9.752,9.728,0.0008,0.0008
23.03.2020 08:40:49.647 GMT-0500,9.742,9.728,0.0008,0.0008
23.03.2020 08:40:49.697 GMT-0500,9.742,9.717,0.0008,0.002
23.03.2020 08:40:50.024 GMT-0500,9.742,9.698,0.002,0.002
23.03.2020 08:40:50.143 GMT-0500,9.733,9.698,0.0008,0.0008
23.03.2020 08:40:50.635 GMT-0500,9.732000000000001,9.697000000000001,0.0008,0.002
23.03.2020 08:40:51.728 GMT-0500,9.733,9.697000000000001,0.002,0.002
23.03.2020 08:40:52.943 GMT-0500,9.732000000000001,9.698,0.0008,0.0008
23.03.2020 08:40:53.709 GMT-0500,9.722999999999999,9.698,0.0008,0.0008
23.03.2020 08:40:53.760 GMT-0500,9.733,9.707,0.002,0.002
23.03.2020 08:40:54.258 GMT-0500,9.722000000000001,9.698,0.0008,0.0008
23.03.2020 08:41:00.108 GMT-0500,9.722999999999999,9.697000000000001,0.002,0.002
23.03.2020 08:41:00.831 GMT-0500,9.722000000000001,9.717,0.0008,0.0008
23.03.2020 08:41:00.881 GMT-0500,9.743,9.717,0.002,0.002
23.03.2020 08:41:00.986 GMT-0500,9.752,9.717,0.0008,0.002
23.03.2020 08:41:01.821 GMT-0500,9.733,9.717,0.0008,0.002
23.03.2020 08:41:01.871 GMT-0500,9.752,9.718,0.0008,0.0008
23.03.2020 08:41:02.479 GMT-0500,9.752,9.727,0.0008,0.0008
23.03.2020 08:41:02.813 GMT-0500,9.752,9.728,0.0008,0.0008
23.03.2020 08:41:02.985 GMT-0500,9.743,9.728,0.0008,0.0008
23.03.2020 08:41:03.085 GMT-0500,9.742,9.717,0.0008,0.002
23.03.2020 08:41:03.698 GMT-0500,9.732000000000001,9.717,0.0008,0.0008
23.03.2020 08:41:03.749 GMT-0500,9.732000000000001,9.697000000000001,0.0008,0.002
23.03.2020 08:41:03.980 GMT-0500,9.732000000000001,9.717,0.0008,0.0008
23.03.2020 08:41:04.030 GMT-0500,9.743,9.717,0.002,0.002
23.03.2020 08:41:04.183 GMT-0500,9.733,9.717,0.002,0.002
23.03.2020 08:41:04.345 GMT-0500,9.732000000000001,9.718,0.0008,0.0008
23.03.2020 08:41:06.726 GMT-0500,9.733,9.717,0.0008,0.002
23.03.2020 08:41:06.776 GMT-0500,9.753,9.717,0.002,0.002
23.03.2020 08:41:07.132 GMT-0500,9.752,9.718,0.002,0.002
23.03.2020 08:41:07.363 GMT-0500,9.752,9.727,0.0008,0.0008
23.03.2020 08:41:07.480 GMT-0500,9.752,9.728,0.002,0.002
23.03.2020 08:41:07.669 GMT-0500,9.742,9.718,0.0008,0.002
23.03.2020 08:41:07.904 GMT-0500,9.743,9.727,0.0008,0.002
23.03.2020 08:41:08.005 GMT-0500,9.752,9.728,0.0008,0.0008
23.03.2020 08:41:08.935 GMT-0500,9.743,9.717,0.0008,0.002
23.03.2020 08:41:08.986 GMT-0500,9.743,9.717,0.002,0.002
23.03.2020 08:41:09.343 GMT-0500,9.742,9.717,0.0008,0.002
23.03.2020 08:41:09.932 GMT-0500,9.743,9.727,0.002,0.002
23.03.2020 08:41:10.214 GMT-0500,9.752,9.727,0.0008,0.002
23.03.2020 08:41:12.316 GMT-0500,9.742,9.728,0.0008,0.002
23.03.2020 08:41:12.971 GMT-0500,9.732000000000001,9.718,0.0008,0.002
23.03.2020 08:41:13.022 GMT-0500,9.732000000000001,9.718,0.002,0.002
23.03.2020 08:41:16.442 GMT-0500,9.733,9.717,0.002,0.002
23.03.2020 08:41:16.889 GMT-0500,9.732000000000001,9.718,0.0008,0.0008
23.03.2020 08:41:17.530 GMT-0500,9.753,9.717,0.002,0.002
23.03.2020 08:41:19.688 GMT-0500,9.732000000000001,9.717,0.0008,0.002
23.03.2020 08:41:20.429 GMT-0500,9.733,9.717,0.002,0.002
23.03.2020 08:41:20.907 GMT-0500,9.732000000000001,9.718,0.0008,0.0008
23.03.2020 08:41:21.063 GMT-0500,9.732000000000001,9.698,0.002,0.002
23.03.2020 08:41:21.114 GMT-0500,9.753,9.697000000000001,0.002,0.002
23.03.2020 08:41:21.164 GMT-0500,9.713,9.697000000000001,0.002,0.002
23.03.2020 08:41:21.372 GMT-0500,9.722999999999999,9.707,0.0008,0.002
23.03.2020 08:41:21.422 GMT-0500,9.752,9.707,0.0008,0.002
23.03.2020 08:41:23.222 GMT-0500,9.722999999999999,9.708,0.0008,0.002
23.03.2020 08:41:26.693 GMT-0500,9.752,9.708,0.002,0.002
23.03.2020 08:41:27.547 GMT-0500,9.722999999999999,9.708,0.0008,0.0008
23.03.2020 08:41:27.978 GMT-0500,9.722000000000001,9.708,0.0008,0.0008
23.03.2020 08:41:28.691 GMT-0500,9.722999999999999,9.707,0.002,0.002
23.03.2020 08:41:28.891 GMT-0500,9.722000000000001,9.708,0.0008,0.0008
23.03.2020 08:41:30.997 GMT-0500,9.722999999999999,9.707,0.002,0.002
23.03.2020 08:41:31.179 GMT-0500,9.722000000000001,9.708,0.0008,0.0008
23.03.2020 08:41:32.437 GMT-0500,9.712000000000002,9.698,0.002,0.002
23.03.2020 08:41:32.634 GMT-0500,9.712000000000002,9.668,0.0008,0.0008
23.03.2020 08:41:32.801 GMT-0500,9.713,9.667,0.0008,0.002
23.03.2020 08:41:32.852 GMT-0500,9.722000000000001,9.668,0.0008,0.0008
23.03.2020 08:41:33.568 GMT-0500,9.722999999999999,9.677000000000001,0.002,0.0008
23.03.2020 08:41:33.619 GMT-0500,9.722000000000001,9.668,0.002,0.002
23.03.2020 08:41:34.047 GMT-0500,9.712000000000002,9.667,0.0008,0.002
23.03.2020 08:41:35.017 GMT-0500,9.712000000000002,9.668,0.002,0.002
23.03.2020 08:41:35.118 GMT-0500,9.712000000000002,9.668,0.002,0.002
23.03.2020 08:41:35.897 GMT-0500,9.712000000000002,9.677999999999999,0.0008,0.0008
23.03.2020 08:41:35.947 GMT-0500,9.712000000000002,9.667,0.0008,0.002
23.03.2020 08:41:36.381 GMT-0500,9.712000000000002,9.658,0.002,0.002
23.03.2020 08:41:37.146 GMT-0500,9.712000000000002,9.658,0.0008,0.002
23.03.2020 08:41:37.197 GMT-0500,9.712000000000002,9.658,0.002,0.002
23.03.2020 08:41:37.657 GMT-0500,9.703,9.658,0.0008,0.0008
23.03.2020 08:41:37.994 GMT-0500,9.702,9.658,0.0008,0.0008
23.03.2020 08:41:38.320 GMT-0500,9.702,9.657,0.0008,0.002
23.03.2020 08:41:38.865 GMT-0500,9.712000000000002,9.698,0.0008,0.0008
23.03.2020 08:41:38.915 GMT-0500,9.713,9.667,0.002,0.002
23.03.2020 08:41:39.035 GMT-0500,9.703,9.657,0.002,0.002
23.03.2020 08:41:40.539 GMT-0500,9.702,9.657,0.0008,0.002
23.03.2020 08:41:40.958 GMT-0500,9.702,9.658,0.0008,0.002
23.03.2020 08:41:41.009 GMT-0500,9.732000000000001,9.688,0.002,0.002
23.03.2020 08:41:41.932 GMT-0500,9.733,9.687000000000001,0.002,0.0008
23.03.2020 08:41:42.032 GMT-0500,9.732000000000001,9.697000000000001,0.0008,0.002
23.03.2020 08:41:42.132 GMT-0500,9.702,9.657,0.0008,0.002
23.03.2020 08:41:44.503 GMT-0500,9.703,9.657,0.002,0.002
23.03.2020 08:41:47.255 GMT-0500,9.702,9.677999999999999,0.0008,0.0008
23.03.2020 08:41:47.367 GMT-0500,9.703,9.677000000000001,0.002,0.002
23.03.2020 08:41:47.535 GMT-0500,9.702,9.657,0.0008,0.002
23.03.2020 08:41:49.623 GMT-0500,9.702,9.687000000000001,0.0008,0.0008
23.03.2020 08:41:49.674 GMT-0500,9.733,9.687000000000001,0.002,0.002
23.03.2020 08:41:50.977 GMT-0500,9.732000000000001,9.687000000000001,0.0008,0.002
23.03.2020 08:41:51.094 GMT-0500,9.702,9.688,0.0008,0.0008
23.03.2020 08:41:51.144 GMT-0500,9.702,9.657,0.0008,0.002
23.03.2020 08:41:51.685 GMT-0500,9.702,9.668,0.002,0.002
23.03.2020 08:41:51.735 GMT-0500,9.733,9.687000000000001,0.002,0.002
23.03.2020 08:41:51.849 GMT-0500,9.732000000000001,9.688,0.0008,0.0008
23.03.2020 08:41:53.083 GMT-0500,9.732000000000001,9.668,0.002,0.002
23.03.2020 08:41:53.954 GMT-0500,9.732000000000001,9.668,0.0008,0.002
23.03.2020 08:41:54.559 GMT-0500,9.733,9.687000000000001,0.002,0.002
23.03.2020 08:41:54.981 GMT-0500,9.703,9.667,0.0008,0.002
23.03.2020 08:41:55.031 GMT-0500,9.702,9.668,0.002,0.002
23.03.2020 08:41:55.550 GMT-0500,9.702,9.668,0.0008,0.002
23.03.2020 08:41:55.601 GMT-0500,9.712000000000002,9.688,0.002,0.002
23.03.2020 08:41:55.833 GMT-0500,9.712000000000002,9.698,0.0008,0.0008
23.03.2020 08:41:55.883 GMT-0500,9.722000000000001,9.698,0.002,0.002
23.03.2020 08:41:56.635 GMT-0500,9.722000000000001,9.707,0.0008,0.0008
23.03.2020 08:41:56.685 GMT-0500,9.753,9.707,0.002,0.002
23.03.2020 08:41:57.132 GMT-0500,9.753,9.707,0.002,0.002
23.03.2020 08:41:57.823 GMT-0500,9.752,9.718,0.0008,0.002
23.03.2020 08:41:57.924 GMT-0500,9.753,9.737,0.002,0.002
23.03.2020 08:41:58.369 GMT-0500,9.752,9.718,0.002,0.002
23.03.2020 08:41:58.737 GMT-0500,9.752,9.738,0.002,0.002
23.03.2020 08:41:58.825 GMT-0500,9.752,9.717,0.0008,0.002
23.03.2020 08:41:59.043 GMT-0500,9.752,9.717,0.0008,0.002
23.03.2020 08:42:00.696 GMT-0500,9.782,9.738,0.0008,0.0008
23.03.2020 08:42:00.867 GMT-0500,9.783,9.737,0.0008,0.002
23.03.2020 08:42:00.917 GMT-0500,9.812000000000001,9.758,0.002,0.002
23.03.2020 08:42:01.243 GMT-0500,9.822000000000001,9.758,0.0008,0.0008
23.03.2020 08:42:01.373 GMT-0500,9.813,9.757000000000001,0.0008,0.002
23.03.2020 08:42:01.475 GMT-0500,9.813,9.767000000000001,0.002,0.002
23.03.2020 08:42:01.590 GMT-0500,9.802999999999999,9.767000000000001,0.0008,0.002
23.03.2020 08:42:01.640 GMT-0500,9.812000000000001,9.767000000000001,0.0008,0.002
23.03.2020 08:42:02.319 GMT-0500,9.872,9.767999999999999,0.0008,0.0008
23.03.2020 08:42:02.800 GMT-0500,9.843,9.767000000000001,0.0008,0.002
23.03.2020 08:42:02.901 GMT-0500,9.812000000000001,9.767999999999999,0.002,0.002
23.03.2020 08:42:07.978 GMT-0500,9.812000000000001,9.767999999999999,0.0008,0.002
23.03.2020 08:42:08.029 GMT-0500,9.892000000000001,9.817,0.0008,0.002
23.03.2020 08:42:08.079 GMT-0500,9.862,9.818,0.0008,0.0008
23.03.2020 08:42:08.303 GMT-0500,9.892000000000001,9.817,0.0008,0.002
23.03.2020 08:42:08.447 GMT-0500,9.892999999999999,9.817,0.002,0.002
23.03.2020 08:42:08.553 GMT-0500,9.883,9.817,0.0008,0.002
23.03.2020 08:42:08.603 GMT-0500,9.892000000000001,9.818,0.0008,0.0008
23.03.2020 08:42:08.728 GMT-0500,9.892999999999999,9.817,0.002,0.002
23.03.2020 08:42:08.832 GMT-0500,9.892000000000001,9.838,0.002,0.0008
23.03.2020 08:42:11.604 GMT-0500,9.882000000000001,9.838,0.0008,0.002
23.03.2020 08:42:11.806 GMT-0500,9.892999999999999,9.837000000000002,0.002,0.002
23.03.2020 08:42:13.148 GMT-0500,9.883,9.837000000000002,0.0008,0.002
23.03.2020 08:42:13.386 GMT-0500,9.883,9.838,0.0008,0.0008
23.03.2020 08:42:13.437 GMT-0500,9.892000000000001,9.838,0.002,0.002
23.03.2020 08:42:13.840 GMT-0500,9.863,9.838,0.0008,0.0008
23.03.2020 08:42:13.890 GMT-0500,9.862,9.818,0.0008,0.0008
23.03.2020 08:42:13.940 GMT-0500,9.822000000000001,9.778,0.0008,0.002
23.03.2020 08:42:13.991 GMT-0500,9.822000000000001,9.787,0.0008,0.002
23.03.2020 08:42:14.397 GMT-0500,9.823,9.787,0.002,0.002
23.03.2020 08:42:14.896 GMT-0500,9.822000000000001,9.767000000000001,0.0008,0.002
23.03.2020 08:42:15.003 GMT-0500,9.813,9.777000000000001,0.0008,0.0008
23.03.2020 08:42:15.292 GMT-0500,9.822000000000001,9.778,0.0008,0.0008
23.03.2020 08:42:15.745 GMT-0500,9.862,9.797,0.0008,0.002
23.03.2020 08:42:15.796 GMT-0500,9.822000000000001,9.798,0.0008,0.0008
23.03.2020 08:42:16.285 GMT-0500,9.822000000000001,9.787,0.0008,0.002
23.03.2020 08:42:16.517 GMT-0500,9.822000000000001,9.777000000000001,0.0008,0.002
23.03.2020 08:42:17.916 GMT-0500,9.823,9.777000000000001,0.002,0.002
23.03.2020 08:42:18.676 GMT-0500,9.822000000000001,9.788,0.002,0.002
23.03.2020 08:42:18.839 GMT-0500,9.822000000000001,9.767999999999999,0.0008,0.0008
23.03.2020 08:42:19.831 GMT-0500,9.823,9.767000000000001,0.0008,0.001
23.03.2020 08:42:19.881 GMT-0500,9.922,9.898,0.0008,0.0008
23.03.2020 08:42:20.250 GMT-0500,9.923,9.897,0.0008,0.002
23.03.2020 08:42:20.301 GMT-0500,9.943,9.897,0.002,0.002
23.03.2020 08:42:20.745 GMT-0500,9.942,9.897,0.0008,0.002
23.03.2020 08:42:26.110 GMT-0500,9.913,9.897,0.0008,0.002
23.03.2020 08:42:26.160 GMT-0500,9.922,9.898,0.002,0.002
23.03.2020 08:42:26.263 GMT-0500,9.912,9.898,0.0008,0.002
23.03.2020 08:42:26.959 GMT-0500,9.983,9.897,0.002,0.002
23.03.2020 08:42:27.293 GMT-0500,9.982000000000001,9.898,0.0008,0.0008
23.03.2020 08:42:27.405 GMT-0500,9.983,9.897,0.002,0.002
23.03.2020 08:42:27.630 GMT-0500,9.963,9.897,0.0008,0.002
23.03.2020 08:42:29.902 GMT-0500,9.962000000000002,9.907,0.0008,0.002
23.03.2020 08:42:31.156 GMT-0500,9.92,9.898,0.0008,0.002
23.03.2020 08:42:31.207 GMT-0500,9.912,9.898,0.002,0.002
23.03.2020 08:42:31.458 GMT-0500,9.923,9.897,0.002,0.002
23.03.2020 08:42:31.701 GMT-0500,9.912,9.898,0.0008,0.0008
23.03.2020 08:42:34.339 GMT-0500,9.922,9.898,0.0008,0.0008
23.03.2020 08:42:36.334 GMT-0500,9.923,9.897,0.002,0.002
23.03.2020 08:42:36.435 GMT-0500,9.912,9.888,0.0008,0.0008
23.03.2020 08:42:36.545 GMT-0500,9.923,9.897,0.002,0.002
23.03.2020 08:42:36.724 GMT-0500,9.922,9.897,0.0008,0.002
23.03.2020 08:42:38.766 GMT-0500,9.913,9.897,0.0008,0.002
23.03.2020 08:42:38.952 GMT-0500,9.912,9.897,0.0008,0.002
23.03.2020 08:42:39.002 GMT-0500,9.923,9.897,0.002,0.002
23.03.2020 08:42:41.010 GMT-0500,9.912,9.897,0.0008,0.0008
23.03.2020 08:42:41.060 GMT-0500,9.922,9.888,0.002,0.002
23.03.2020 08:42:41.179 GMT-0500,9.913,9.887,0.0008,0.002
23.03.2020 08:42:41.462 GMT-0500,9.912,9.887,0.0008,0.002
23.03.2020 08:42:41.513 GMT-0500,9.922,9.887,0.0008,0.002
23.03.2020 08:42:42.139 GMT-0500,9.923,9.887,0.002,0.002
23.03.2020 08:42:42.195 GMT-0500,9.922,9.898,0.002,0.002
23.03.2020 08:42:42.322 GMT-0500,9.912,9.887,0.0008,0.002
23.03.2020 08:42:42.532 GMT-0500,9.913,9.887,0.002,0.002
23.03.2020 08:42:42.938 GMT-0500,9.912,9.888,0.0008,0.0008
23.03.2020 08:42:44.717 GMT-0500,9.913,9.887,0.002,0.002
23.03.2020 08:42:44.831 GMT-0500,9.912,9.887,0.0008,0.002
23.03.2020 08:42:50.500 GMT-0500,9.913,9.897,0.0008,0.0008
23.03.2020 08:42:50.550 GMT-0500,9.922,9.897,0.0008,0.002
23.03.2020 08:42:50.790 GMT-0500,9.912,9.887,0.0008,0.002
23.03.2020 08:42:51.048 GMT-0500,9.922,9.888,0.002,0.002
23.03.2020 08:42:51.755 GMT-0500,9.923,9.887,0.002,0.002
23.03.2020 08:42:51.912 GMT-0500,9.913,9.887,0.0008,0.002
23.03.2020 08:42:52.104 GMT-0500,9.912,9.888,0.0008,0.002
23.03.2020 08:42:52.154 GMT-0500,9.922,9.888,0.0008,0.0008
23.03.2020 08:42:52.603 GMT-0500,9.913,9.887,0.0008,0.002
23.03.2020 08:42:53.068 GMT-0500,9.903,9.887,0.0008,0.002
23.03.2020 08:42:53.118 GMT-0500,9.912,9.888,0.0008,0.0008
23.03.2020 08:42:53.212 GMT-0500,9.903,9.888,0.0008,0.0008
23.03.2020 08:42:53.263 GMT-0500,9.883,9.837000000000002,0.002,0.002
23.03.2020 08:42:53.802 GMT-0500,9.882000000000001,9.837000000000002,0.0008,0.002
23.03.2020 08:42:55.865 GMT-0500,9.883,9.837000000000002,0.0008,0.0008
23.03.2020 08:42:55.965 GMT-0500,9.903,9.807,0.002,0.002
23.03.2020 08:42:56.251 GMT-0500,9.913,9.807,0.002,0.002
23.03.2020 08:42:56.580 GMT-0500,9.883,9.807,0.0008,0.002
23.03.2020 08:42:56.783 GMT-0500,9.882000000000001,9.828,0.0008,0.0008
23.03.2020 08:42:57.077 GMT-0500,9.883,9.827,0.002,0.002
23.03.2020 08:42:57.849 GMT-0500,9.873,9.827,0.0008,0.002
23.03.2020 08:42:58.015 GMT-0500,9.883,9.827,0.002,0.002
23.03.2020 08:42:58.066 GMT-0500,9.883,9.797,0.002,0.002
23.03.2020 08:42:58.213 GMT-0500,9.883,9.818,0.0008,0.0008
23.03.2020 08:42:58.263 GMT-0500,9.942,9.818,0.0008,0.0008
23.03.2020 08:42:58.704 GMT-0500,9.882000000000001,9.797,0.0008,0.002
23.03.2020 08:42:59.035 GMT-0500,9.882000000000001,9.797,0.0008,0.002
23.03.2020 08:42:59.086 GMT-0500,9.882000000000001,9.797,0.0008,0.002
23.03.2020 08:42:59.179 GMT-0500,9.882000000000001,9.817,0.0008,0.0008
23.03.2020 08:42:59.280 GMT-0500,9.873,9.817,0.0008,0.0008
23.03.2020 08:42:59.332 GMT-0500,9.872,9.798,0.0008,0.0008
23.03.2020 08:42:59.383 GMT-0500,9.883,9.797,0.002,0.002
23.03.2020 08:42:59.487 GMT-0500,9.853,9.797,0.0008,0.002
23.03.2020 08:43:01.707 GMT-0500,9.852,9.797,0.0008,0.002
23.03.2020 08:43:03.610 GMT-0500,9.815,9.797,0.0008,0.002
23.03.2020 08:43:03.761 GMT-0500,9.812000000000001,9.798,0.0008,0.0008
23.03.2020 08:43:03.908 GMT-0500,9.813,9.797,0.002,0.002
23.03.2020 08:43:07.353 GMT-0500,9.812000000000001,9.747,0.0008,0.002
23.03.2020 08:43:07.429 GMT-0500,9.783,9.737,0.0008,0.002
23.03.2020 08:43:07.479 GMT-0500,9.783,9.737,0.002,0.002
23.03.2020 08:43:07.819 GMT-0500,9.782,9.727,0.0008,0.002
23.03.2020 08:43:08.279 GMT-0500,9.783,9.727,0.002,0.0008
23.03.2020 08:43:08.330 GMT-0500,9.782,9.718,0.0008,0.0008
23.03.2020 08:43:08.380 GMT-0500,9.782,9.728,0.0008,0.0008
23.03.2020 08:43:08.500 GMT-0500,9.773,9.727,0.002,0.002
23.03.2020 08:43:08.605 GMT-0500,9.763,9.727,0.0008,0.002
23.03.2020 08:43:09.400 GMT-0500,9.762,9.728,0.0008,0.0008
23.03.2020 08:43:15.464 GMT-0500,9.763,9.747,0.0008,0.0008
23.03.2020 08:43:15.515 GMT-0500,9.782,9.748,0.0008,0.0008
23.03.2020 08:43:16.005 GMT-0500,9.782,9.748,0.002,0.002
23.03.2020 08:43:16.443 GMT-0500,9.782,9.767999999999999,0.002,0.0008
23.03.2020 08:43:16.493 GMT-0500,9.782,9.758,0.002,0.002
23.03.2020 08:43:16.648 GMT-0500,9.782,9.767000000000001,0.0008,0.0008
23.03.2020 08:43:16.756 GMT-0500,9.788,9.777000000000001,0.0008,0.0008
23.03.2020 08:43:16.807 GMT-0500,9.833,9.777000000000001,0.002,0.002
23.03.2020 08:43:16.955 GMT-0500,9.833,9.778,0.0008,0.0008
23.03.2020 08:43:17.006 GMT-0500,9.852,9.778,0.0008,0.0008
23.03.2020 08:43:17.273 GMT-0500,9.843,9.777000000000001,0.0008,0.002
23.03.2020 08:43:18.287 GMT-0500,9.832,9.778,0.0008,0.002
23.03.2020 08:43:18.504 GMT-0500,9.833,9.778,0.0008,0.0008
23.03.2020 08:43:18.554 GMT-0500,9.842,9.778,0.0008,0.0008
23.03.2020 08:43:18.703 GMT-0500,9.842,9.778,0.002,0.002
23.03.2020 08:43:18.844 GMT-0500,9.843,9.797,0.0008,0.002
23.03.2020 08:43:18.895 GMT-0500,9.882000000000001,9.818,0.002,0.002
23.03.2020 08:43:19.519 GMT-0500,9.872,9.818,0.0008,0.002
23.03.2020 08:43:19.680 GMT-0500,9.852,9.818,0.0008,0.002
23.03.2020 08:43:21.131 GMT-0500,9.872,9.818,0.0008,0.0008
23.03.2020 08:43:21.758 GMT-0500,9.852,9.818,0.0008,0.0008
23.03.2020 08:43:25.206 GMT-0500,9.852,9.798,0.0008,0.0008
23.03.2020 08:43:25.861 GMT-0500,9.852,9.767999999999999,0.0008,0.002
23.03.2020 08:43:28.141 GMT-0500,9.853,9.787,0.002,0.0008
23.03.2020 08:43:28.704 GMT-0500,9.863,9.787,0.002,0.002
23.03.2020 08:43:29.331 GMT-0500,9.862,9.787,0.0008,0.002
23.03.2020 08:43:30.894 GMT-0500,9.863,9.817,0.002,0.0008
23.03.2020 08:43:30.945 GMT-0500,9.923,9.877,0.002,0.002
23.03.2020 08:43:30.996 GMT-0500,9.913,9.858,0.0008,0.0008
23.03.2020 08:43:31.146 GMT-0500,9.912,9.857000000000001,0.0008,0.002
23.03.2020 08:43:31.247 GMT-0500,9.922,9.857000000000001,0.0008,0.002
23.03.2020 08:43:31.506 GMT-0500,9.942,9.838,0.0008,0.002
23.03.2020 08:43:31.675 GMT-0500,9.933,9.838,0.0008,0.0008
23.03.2020 08:43:31.726 GMT-0500,9.942,9.838,0.0008,0.0008
23.03.2020 08:43:31.783 GMT-0500,9.942,9.838,0.002,0.002
23.03.2020 08:43:31.833 GMT-0500,9.942,9.837000000000002,0.0008,0.002
23.03.2020 08:43:32.100 GMT-0500,9.932,9.837000000000002,0.0008,0.002
23.03.2020 08:43:32.207 GMT-0500,9.942,9.847999999999999,0.002,0.002
23.03.2020 08:43:32.379 GMT-0500,9.942,9.837000000000002,0.0008,0.002
23.03.2020 08:43:32.459 GMT-0500,9.942,9.837000000000002,0.0008,0.002
23.03.2020 08:43:32.675 GMT-0500,9.913,9.867,0.0008,0.002
23.03.2020 08:43:34.183 GMT-0500,9.913,9.867,0.002,0.0008
23.03.2020 08:43:34.233 GMT-0500,9.913,9.837000000000002,0.002,0.002
23.03.2020 08:43:34.565 GMT-0500,9.912,9.838,0.0008,0.002
23.03.2020 08:43:34.616 GMT-0500,9.913,9.837000000000002,0.002,0.002
23.03.2020 08:43:34.869 GMT-0500,9.912,9.837000000000002,0.0008,0.002
23.03.2020 08:43:35.871 GMT-0500,9.912,9.838,0.0008,0.002
23.03.2020 08:43:35.972 GMT-0500,9.912,9.838,0.002,0.002
23.03.2020 08:43:36.294 GMT-0500,9.913,9.837000000000002,0.002,0.002
23.03.2020 08:43:36.631 GMT-0500,9.913,9.837000000000002,0.002,0.002
23.03.2020 08:43:36.762 GMT-0500,9.912,9.847000000000001,0.0008,0.0008
23.03.2020 08:43:36.813 GMT-0500,9.912,9.838,0.002,0.002
23.03.2020 08:43:36.935 GMT-0500,9.913,9.837000000000002,0.002,0.002
23.03.2020 08:43:37.134 GMT-0500,9.913,9.877,0.002,0.002
23.03.2020 08:43:38.095 GMT-0500,9.912,9.878,0.0008,0.0008
23.03.2020 08:43:39.747 GMT-0500,9.912,9.878,0.0008,0.002
23.03.2020 08:43:39.797 GMT-0500,9.972000000000001,9.917,0.0008,0.002
23.03.2020 08:43:39.848 GMT-0500,9.982000000000001,9.917,0.0008,0.002
23.03.2020 08:43:40.050 GMT-0500,9.983,9.917,0.002,0.002
23.03.2020 08:43:40.259 GMT-0500,9.963,9.917,0.0008,0.002
23.03.2020 08:43:40.360 GMT-0500,9.932,9.898,0.0008,0.0008
23.03.2020 08:43:40.496 GMT-0500,9.933,9.897,0.002,0.0008
23.03.2020 08:43:40.547 GMT-0500,9.932,9.877,0.0008,0.002
23.03.2020 08:43:40.707 GMT-0500,9.903,9.877,0.0008,0.002
23.03.2020 08:43:40.758 GMT-0500,9.902000000000001,9.858,0.0008,0.0008
23.03.2020 08:43:40.897 GMT-0500,9.902000000000001,9.838,0.0008,0.0008
23.03.2020 08:43:41.041 GMT-0500,9.902000000000001,9.878,0.0008,0.0008
23.03.2020 08:43:41.209 GMT-0500,9.902000000000001,9.888,0.0008,0.0008
23.03.2020 08:43:41.260 GMT-0500,9.902000000000001,9.877,0.0008,0.002
23.03.2020 08:43:41.512 GMT-0500,9.902000000000001,9.888,0.0008,0.0008
23.03.2020 08:43:41.562 GMT-0500,9.932,9.887,0.0008,0.002
23.03.2020 08:43:41.612 GMT-0500,9.933,9.897,0.002,0.002
23.03.2020 08:43:41.802 GMT-0500,9.972000000000001,9.908,0.0008,0.002
23.03.2020 08:43:42.653 GMT-0500,9.972999999999999,9.907,0.0008,0.002
23.03.2020 08:43:42.704 GMT-0500,10.013,9.927000000000001,0.002,0.002
23.03.2020 08:43:42.923 GMT-0500,9.955,9.927999999999999,0.0008,0.0008
23.03.2020 08:43:43.119 GMT-0500,9.992,9.927999999999999,0.002,0.002
23.03.2020 08:43:43.211 GMT-0500,9.983,9.927000000000001,0.0008,0.002
23.03.2020 08:43:43.407 GMT-0500,9.983,9.927000000000001,0.002,0.002
23.03.2020 08:43:43.515 GMT-0500,9.982000000000001,9.907,0.0008,0.002
23.03.2020 08:43:43.565 GMT-0500,9.983,9.907,0.002,0.002
23.03.2020 08:43:44.148 GMT-0500,9.983,9.907,0.0008,0.002
23.03.2020 08:43:44.199 GMT-0500,9.992,9.927999999999999,0.0008,0.0008
23.03.2020 08:43:44.449 GMT-0500,9.983,9.927999999999999,0.0008,0.0008
23.03.2020 08:43:44.550 GMT-0500,9.993,9.927000000000001,0.002,0.002
23.03.2020 08:43:44.708 GMT-0500,9.993,9.937000000000001,0.002,0.0008
23.03.2020 08:43:44.837 GMT-0500,9.992,9.907,0.0008,0.002
23.03.2020 08:43:44.888 GMT-0500,9.993,9.907,0.002,0.002
23.03.2020 08:43:45.159 GMT-0500,9.983,9.907,0.0008,0.002
23.03.2020 08:43:45.569 GMT-0500,9.982000000000001,9.898,0.0008,0.0008
23.03.2020 08:43:45.810 GMT-0500,9.983,9.887,0.002,0.002
23.03.2020 08:43:45.957 GMT-0500,9.972999999999999,9.887,0.0008,0.002
23.03.2020 08:43:46.114 GMT-0500,9.972000000000001,9.888,0.0008,0.002
23.03.2020 08:43:46.165 GMT-0500,9.982000000000001,9.887,0.0008,0.002
23.03.2020 08:43:46.229 GMT-0500,9.913,9.887,0.0008,0.0008
23.03.2020 08:43:46.279 GMT-0500,9.902000000000001,9.878,0.002,0.002
23.03.2020 08:43:46.529 GMT-0500,9.922,9.878,0.0008,0.0008
23.03.2020 08:43:46.931 GMT-0500,9.922,9.858,0.0008,0.0008
23.03.2020 08:43:48.065 GMT-0500,9.903,9.857000000000001,0.0008,0.002
23.03.2020 08:43:48.728 GMT-0500,9.903,9.857000000000001,0.002,0.002
23.03.2020 08:43:49.239 GMT-0500,9.903,9.887,0.002,0.0008
23.03.2020 08:43:50.518 GMT-0500,9.922,9.878,0.0008,0.0008
23.03.2020 08:43:51.357 GMT-0500,9.913,9.878,0.0008,0.0008
23.03.2020 08:43:51.679 GMT-0500,9.913,9.877,0.002,0.002
23.03.2020 08:43:51.780 GMT-0500,9.882000000000001,9.857000000000001,0.0008,0.002
