Local time,Ask,Bid,AskVolume,BidVolume
18.03.2020 08:30:01.986 GMT-0500,10.482000000000001,10.207,0.0008,0.002
18.03.2020 08:30:02.037 GMT-0500,10.702,10.207,0.0008,0.002
18.03.2020 08:30:05.131 GMT-0500,10.453,10.207,0.0008,0.002
18.03.2020 08:30:05.966 GMT-0500,10.452,10.207,0.0008,0.002
18.03.2020 08:30:07.053 GMT-0500,10.453,10.207,0.002,0.002
18.03.2020 08:30:07.534 GMT-0500,10.452,10.318,0.002,0.002
18.03.2020 08:30:08.908 GMT-0500,10.382000000000001,10.367,0.0008,0.002
18.03.2020 08:30:08.959 GMT-0500,10.382000000000001,10.317,0.0008,0.002
18.03.2020 08:30:09.193 GMT-0500,10.443,10.207,0.0008,0.002
18.03.2020 08:30:09.244 GMT-0500,10.453,10.207,0.002,0.002
18.03.2020 08:30:09.584 GMT-0500,10.453,10.317,0.002,0.0008
18.03.2020 08:30:16.411 GMT-0500,10.383,10.317,0.0008,0.002
18.03.2020 08:30:16.462 GMT-0500,10.383,10.317,0.002,0.002
18.03.2020 08:30:17.937 GMT-0500,10.382000000000001,10.317,0.0008,0.002
18.03.2020 08:30:18.038 GMT-0500,10.382000000000001,10.318,0.0008,0.0008
18.03.2020 08:30:26.589 GMT-0500,10.452,10.318,0.0008,0.0008
18.03.2020 08:30:26.721 GMT-0500,10.442,10.318,0.0008,0.002
18.03.2020 08:30:26.885 GMT-0500,10.452,10.317,0.0008,0.002
18.03.2020 08:30:28.388 GMT-0500,10.442,10.317,0.0008,0.002
18.03.2020 08:30:28.562 GMT-0500,10.452,10.317,0.0008,0.002
18.03.2020 08:30:28.942 GMT-0500,10.452,10.328,0.002,0.0008
18.03.2020 08:30:29.103 GMT-0500,10.452,10.318,0.0008,0.0008
18.03.2020 08:30:31.846 GMT-0500,10.443,10.318,0.0008,0.002
18.03.2020 08:30:31.947 GMT-0500,10.453,10.317,0.002,0.002
18.03.2020 08:30:36.526 GMT-0500,10.46,10.377,0.0008,0.0008
18.03.2020 08:30:36.576 GMT-0500,10.563,10.207,0.002,0.002
18.03.2020 08:30:36.634 GMT-0500,10.552000000000001,10.207,0.0008,0.002
18.03.2020 08:30:37.035 GMT-0500,10.503,10.207,0.002,0.002
18.03.2020 08:30:38.172 GMT-0500,10.452,10.208,0.0008,0.0008
18.03.2020 08:30:38.478 GMT-0500,10.492,10.248,0.0008,0.002
18.03.2020 08:30:38.528 GMT-0500,10.502,10.248,0.002,0.002
18.03.2020 08:30:38.579 GMT-0500,10.423,10.247,0.002,0.002
18.03.2020 08:30:38.704 GMT-0500,10.423,10.307,0.002,0.0008
18.03.2020 08:30:39.592 GMT-0500,10.442,10.308,0.0008,0.0008
18.03.2020 08:30:39.997 GMT-0500,10.442,10.308,0.002,0.002
18.03.2020 08:30:40.048 GMT-0500,10.692,10.207,0.0008,0.002
18.03.2020 08:30:40.526 GMT-0500,10.483,10.317,0.0008,0.0008
18.03.2020 08:30:49.066 GMT-0500,10.433,10.327,0.0008,0.0008
18.03.2020 08:30:49.568 GMT-0500,10.432,10.327,0.0008,0.002
18.03.2020 08:30:49.669 GMT-0500,10.432,10.328,0.002,0.002
18.03.2020 08:30:50.454 GMT-0500,10.432,10.337000000000002,0.0008,0.0008
18.03.2020 08:30:50.673 GMT-0500,10.432,10.327,0.0008,0.002
18.03.2020 08:30:50.723 GMT-0500,10.433,10.327,0.002,0.002
18.03.2020 08:30:51.926 GMT-0500,10.433,10.327,0.0008,0.002
18.03.2020 08:30:51.976 GMT-0500,10.472999999999999,10.357000000000001,0.002,0.002
18.03.2020 08:30:53.048 GMT-0500,10.462000000000002,10.357000000000001,0.0008,0.002
18.03.2020 08:30:53.469 GMT-0500,10.472999999999999,10.357000000000001,0.002,0.002
18.03.2020 08:30:53.581 GMT-0500,10.523,10.357000000000001,0.002,0.002
18.03.2020 08:30:54.060 GMT-0500,10.482000000000001,10.357000000000001,0.0008,0.002
18.03.2020 08:30:55.405 GMT-0500,10.442,10.357000000000001,0.0008,0.002
18.03.2020 08:30:57.170 GMT-0500,10.492,10.358,0.0008,0.0008
18.03.2020 08:30:58.545 GMT-0500,10.482000000000001,10.358,0.0008,0.002
18.03.2020 08:31:00.235 GMT-0500,10.462000000000002,10.368,0.0008,0.0008
18.03.2020 08:31:00.573 GMT-0500,10.462000000000002,10.357000000000001,0.0008,0.002
18.03.2020 08:31:00.663 GMT-0500,10.392999999999999,10.357000000000001,0.0008,0.0008
18.03.2020 08:31:00.764 GMT-0500,10.362,10.277000000000001,0.0008,0.002
18.03.2020 08:31:00.814 GMT-0500,10.362,10.298,0.002,0.002
18.03.2020 08:31:00.864 GMT-0500,10.363,10.277000000000001,0.002,0.002
18.03.2020 08:31:00.931 GMT-0500,10.362,10.277000000000001,0.0008,0.002
18.03.2020 08:31:00.982 GMT-0500,10.352,10.277000000000001,0.0008,0.002
18.03.2020 08:31:01.032 GMT-0500,10.352,10.287,0.0008,0.002
18.03.2020 08:31:01.132 GMT-0500,10.302000000000001,10.208,0.002,0.002
18.03.2020 08:31:01.330 GMT-0500,10.282,10.207,0.0008,0.002
18.03.2020 08:31:01.546 GMT-0500,10.302999999999999,10.257000000000001,0.002,0.002
18.03.2020 08:31:01.702 GMT-0500,10.283,10.257000000000001,0.0008,0.0008
18.03.2020 08:31:01.753 GMT-0500,10.283,10.207,0.002,0.002
18.03.2020 08:31:02.047 GMT-0500,10.282,10.208,0.0008,0.001
18.03.2020 08:31:02.097 GMT-0500,10.332,10.318,0.0008,0.0008
18.03.2020 08:31:02.147 GMT-0500,10.332,10.298,0.002,0.002
18.03.2020 08:31:02.308 GMT-0500,10.302999999999999,10.298,0.0008,0.0008
18.03.2020 08:31:02.358 GMT-0500,10.302000000000001,10.278,0.0008,0.0008
18.03.2020 08:31:02.459 GMT-0500,10.322000000000001,10.207,0.0008,0.002
18.03.2020 08:31:02.891 GMT-0500,10.322000000000001,10.207,0.0008,0.002
18.03.2020 08:31:03.821 GMT-0500,10.323,10.217,0.002,0.002
18.03.2020 08:31:03.960 GMT-0500,10.322000000000001,10.247,0.0008,0.002
18.03.2020 08:31:05.020 GMT-0500,10.323,10.247,0.0008,0.002
18.03.2020 08:31:05.070 GMT-0500,10.352,10.267999999999999,0.0008,0.0008
18.03.2020 08:31:05.246 GMT-0500,10.342,10.267999999999999,0.002,0.002
18.03.2020 08:31:05.349 GMT-0500,10.352,10.267000000000001,0.0008,0.002
18.03.2020 08:31:06.731 GMT-0500,10.312000000000001,10.267000000000001,0.0008,0.002
18.03.2020 08:31:06.831 GMT-0500,10.353,10.267000000000001,0.002,0.002
18.03.2020 08:31:07.992 GMT-0500,10.343,10.267000000000001,0.0008,0.002
18.03.2020 08:31:08.356 GMT-0500,10.343,10.267999999999999,0.0008,0.0008
18.03.2020 08:31:08.406 GMT-0500,10.352,10.267999999999999,0.002,0.002
18.03.2020 08:31:09.910 GMT-0500,10.343,10.267000000000001,0.0008,0.002
18.03.2020 08:31:10.051 GMT-0500,10.343,10.267000000000001,0.0008,0.002
18.03.2020 08:31:10.101 GMT-0500,10.352,10.267000000000001,0.0008,0.002
18.03.2020 08:31:10.738 GMT-0500,10.432,10.398,0.002,0.002
18.03.2020 08:31:10.883 GMT-0500,10.413,10.398,0.0008,0.0008
18.03.2020 08:31:11.241 GMT-0500,10.412,10.398,0.002,0.002
18.03.2020 08:31:11.496 GMT-0500,10.413,10.397,0.002,0.002
18.03.2020 08:31:11.747 GMT-0500,10.402000000000001,10.318,0.002,0.002
18.03.2020 08:31:11.847 GMT-0500,10.403,10.247,0.002,0.002
18.03.2020 08:31:12.049 GMT-0500,10.422,10.248,0.002,0.002
18.03.2020 08:31:12.325 GMT-0500,10.432,10.247,0.0008,0.002
18.03.2020 08:31:12.660 GMT-0500,10.422,10.247,0.0008,0.002
18.03.2020 08:31:12.811 GMT-0500,10.433,10.247,0.002,0.002
18.03.2020 08:31:13.728 GMT-0500,10.432,10.267999999999999,0.0008,0.0008
18.03.2020 08:31:13.879 GMT-0500,10.302000000000001,10.258,0.002,0.002
18.03.2020 08:31:13.929 GMT-0500,10.392999999999999,10.287,0.002,0.002
18.03.2020 08:31:14.059 GMT-0500,10.392000000000001,10.287,0.0008,0.002
18.03.2020 08:31:14.239 GMT-0500,10.392000000000001,10.298,0.002,0.0008
18.03.2020 08:31:15.636 GMT-0500,10.392000000000001,10.298,0.0008,0.002
18.03.2020 08:31:17.180 GMT-0500,10.392000000000001,10.318,0.0008,0.002
18.03.2020 08:31:17.230 GMT-0500,10.422,10.317,0.0008,0.002
18.03.2020 08:31:17.673 GMT-0500,10.412,10.317,0.0008,0.002
18.03.2020 08:31:17.774 GMT-0500,10.422,10.318,0.002,0.002
18.03.2020 08:31:18.088 GMT-0500,10.422,10.378,0.0008,0.0008
18.03.2020 08:31:18.210 GMT-0500,10.422,10.378,0.0008,0.002
18.03.2020 08:31:18.310 GMT-0500,10.423,10.317,0.002,0.002
18.03.2020 08:31:18.424 GMT-0500,10.423,10.347999999999999,0.0008,0.0008
18.03.2020 08:31:18.474 GMT-0500,10.482000000000001,10.438,0.002,0.002
18.03.2020 08:31:18.525 GMT-0500,10.463,10.347000000000001,0.002,0.002
18.03.2020 08:31:18.826 GMT-0500,10.452,10.347000000000001,0.0008,0.002
18.03.2020 08:31:18.927 GMT-0500,10.462000000000002,10.347999999999999,0.002,0.002
18.03.2020 08:31:19.059 GMT-0500,10.432,10.347999999999999,0.0008,0.002
18.03.2020 08:31:19.370 GMT-0500,10.403,10.327,0.002,0.002
18.03.2020 08:31:20.035 GMT-0500,10.392999999999999,10.327,0.0008,0.002
18.03.2020 08:31:20.919 GMT-0500,10.402000000000001,10.328,0.002,0.002
18.03.2020 08:31:21.893 GMT-0500,10.392000000000001,10.328,0.0008,0.0008
18.03.2020 08:31:22.615 GMT-0500,10.392000000000001,10.328,0.0008,0.002
18.03.2020 08:31:22.665 GMT-0500,10.403,10.357000000000001,0.002,0.002
18.03.2020 08:31:24.516 GMT-0500,10.392000000000001,10.357000000000001,0.0008,0.0008
18.03.2020 08:31:24.566 GMT-0500,10.392000000000001,10.318,0.002,0.002
18.03.2020 08:31:24.616 GMT-0500,10.392000000000001,10.327,0.0008,0.002
18.03.2020 08:31:25.668 GMT-0500,10.392000000000001,10.328,0.0008,0.002
18.03.2020 08:31:25.719 GMT-0500,10.402000000000001,10.357000000000001,0.0008,0.002
18.03.2020 08:31:27.285 GMT-0500,10.403,10.357000000000001,0.0008,0.002
18.03.2020 08:31:27.335 GMT-0500,10.453,10.397,0.002,0.002
18.03.2020 08:31:27.391 GMT-0500,10.403,10.358,0.0008,0.002
18.03.2020 08:31:27.441 GMT-0500,10.432,10.328,0.002,0.002
18.03.2020 08:31:27.934 GMT-0500,10.432,10.338,0.002,0.0008
18.03.2020 08:31:28.072 GMT-0500,10.433,10.327,0.002,0.002
18.03.2020 08:31:28.123 GMT-0500,10.433,10.327,0.002,0.002
18.03.2020 08:31:29.365 GMT-0500,10.433,10.358,0.0008,0.0008
18.03.2020 08:31:29.416 GMT-0500,10.452,10.358,0.0008,0.0008
18.03.2020 08:31:29.504 GMT-0500,10.432,10.358,0.0008,0.0008
18.03.2020 08:31:30.688 GMT-0500,10.472000000000001,10.437000000000001,0.0008,0.002
18.03.2020 08:31:30.819 GMT-0500,10.462000000000002,10.438,0.002,0.002
18.03.2020 08:31:30.920 GMT-0500,10.452,10.427999999999999,0.002,0.002
18.03.2020 08:31:30.970 GMT-0500,10.442,10.378,0.002,0.002
18.03.2020 08:31:31.039 GMT-0500,10.432,10.378,0.0008,0.0008
18.03.2020 08:31:31.089 GMT-0500,10.432,10.357000000000001,0.0008,0.002
18.03.2020 08:31:33.313 GMT-0500,10.412,10.358,0.0008,0.002
18.03.2020 08:31:34.443 GMT-0500,10.413,10.327,0.002,0.002
18.03.2020 08:31:34.810 GMT-0500,10.413,10.327,0.0008,0.002
18.03.2020 08:31:34.860 GMT-0500,10.462000000000002,10.378,0.0008,0.0008
18.03.2020 08:31:35.105 GMT-0500,10.462000000000002,10.328,0.0008,0.0008
18.03.2020 08:31:35.889 GMT-0500,10.443,10.327,0.0008,0.002
18.03.2020 08:31:36.099 GMT-0500,10.442,10.337000000000002,0.0008,0.002
18.03.2020 08:31:36.210 GMT-0500,10.442,10.358,0.002,0.0008
18.03.2020 08:31:36.311 GMT-0500,10.412,10.328,0.0008,0.0008
18.03.2020 08:31:37.540 GMT-0500,10.412,10.328,0.0008,0.002
18.03.2020 08:31:37.590 GMT-0500,10.482000000000001,10.398,0.0008,0.0008
18.03.2020 08:31:37.797 GMT-0500,10.443,10.357000000000001,0.0008,0.002
18.03.2020 08:31:37.847 GMT-0500,10.443,10.357000000000001,0.002,0.002
18.03.2020 08:31:38.644 GMT-0500,10.403,10.327,0.0008,0.002
18.03.2020 08:31:38.694 GMT-0500,10.402000000000001,10.327,0.0008,0.002
18.03.2020 08:31:39.876 GMT-0500,10.423,10.347000000000001,0.002,0.002
18.03.2020 08:31:40.130 GMT-0500,10.423,10.347000000000001,0.0008,0.002
18.03.2020 08:31:40.180 GMT-0500,10.462000000000002,10.387,0.0008,0.002
18.03.2020 08:31:40.326 GMT-0500,10.482000000000001,10.388,0.002,0.002
18.03.2020 08:31:40.606 GMT-0500,10.443,10.347000000000001,0.0008,0.002
18.03.2020 08:31:40.769 GMT-0500,10.412,10.347999999999999,0.0008,0.0008
18.03.2020 08:31:40.869 GMT-0500,10.442,10.347999999999999,0.002,0.002
18.03.2020 08:31:41.558 GMT-0500,10.422,10.347000000000001,0.0008,0.002
18.03.2020 08:31:43.515 GMT-0500,10.422,10.368,0.0008,0.0008
18.03.2020 08:31:43.566 GMT-0500,10.403,10.347000000000001,0.002,0.002
18.03.2020 08:31:44.650 GMT-0500,10.442,10.347999999999999,0.002,0.0008
18.03.2020 08:31:44.833 GMT-0500,10.422,10.327,0.0008,0.002
18.03.2020 08:31:45.258 GMT-0500,10.422,10.358,0.002,0.0008
18.03.2020 08:31:45.827 GMT-0500,10.422,10.358,0.0008,0.002
18.03.2020 08:31:45.877 GMT-0500,10.442,10.367,0.0008,0.002
18.03.2020 08:31:46.087 GMT-0500,10.422,10.357000000000001,0.0008,0.002
18.03.2020 08:31:46.214 GMT-0500,10.423,10.357000000000001,0.002,0.002
18.03.2020 08:31:46.383 GMT-0500,10.423,10.357000000000001,0.0008,0.002
18.03.2020 08:31:46.433 GMT-0500,10.443,10.367,0.002,0.002
18.03.2020 08:31:46.685 GMT-0500,10.443,10.367,0.0008,0.002
18.03.2020 08:31:46.736 GMT-0500,10.462000000000002,10.368,0.002,0.002
18.03.2020 08:31:47.054 GMT-0500,10.442,10.368,0.0008,0.002
18.03.2020 08:31:47.813 GMT-0500,10.443,10.368,0.0008,0.0008
18.03.2020 08:31:47.864 GMT-0500,10.462000000000002,10.368,0.0008,0.0008
18.03.2020 08:31:48.402 GMT-0500,10.453,10.368,0.0008,0.0008
18.03.2020 08:31:48.503 GMT-0500,10.462000000000002,10.368,0.002,0.002
18.03.2020 08:31:48.641 GMT-0500,10.423,10.367,0.0008,0.002
18.03.2020 08:31:49.422 GMT-0500,10.423,10.367,0.0008,0.002
18.03.2020 08:31:49.472 GMT-0500,10.463,10.367,0.002,0.002
18.03.2020 08:31:49.976 GMT-0500,10.453,10.367,0.002,0.002
18.03.2020 08:31:50.045 GMT-0500,10.462000000000002,10.367,0.0008,0.002
18.03.2020 08:31:51.020 GMT-0500,10.423,10.368,0.0008,0.0008
18.03.2020 08:31:51.574 GMT-0500,10.423,10.367,0.002,0.002
18.03.2020 08:31:51.741 GMT-0500,10.422,10.368,0.0008,0.0008
18.03.2020 08:31:57.901 GMT-0500,10.453,10.377,0.002,0.002
18.03.2020 08:31:59.120 GMT-0500,10.442,10.378,0.002,0.002
18.03.2020 08:31:59.400 GMT-0500,10.453,10.377,0.002,0.002
18.03.2020 08:31:59.664 GMT-0500,10.422,10.377,0.0008,0.002
18.03.2020 08:31:59.765 GMT-0500,10.412,10.367,0.0008,0.002
18.03.2020 08:31:59.992 GMT-0500,10.413,10.367,0.0008,0.002
18.03.2020 08:32:00.449 GMT-0500,10.413,10.388,0.0008,0.0008
18.03.2020 08:32:00.499 GMT-0500,10.442,10.388,0.0008,0.0008
18.03.2020 08:32:01.848 GMT-0500,10.412,10.377,0.0008,0.002
18.03.2020 08:32:01.951 GMT-0500,10.402000000000001,10.368,0.002,0.002
18.03.2020 08:32:02.073 GMT-0500,10.375,10.368,0.0008,0.0008
18.03.2020 08:32:02.123 GMT-0500,10.352,10.307,0.0008,0.002
18.03.2020 08:32:02.420 GMT-0500,10.353,10.307,0.002,0.002
18.03.2020 08:32:03.368 GMT-0500,10.353,10.307,0.0008,0.002
18.03.2020 08:32:03.527 GMT-0500,10.372,10.317,0.0008,0.0008
18.03.2020 08:32:03.654 GMT-0500,10.343,10.307,0.0008,0.002
18.03.2020 08:32:03.704 GMT-0500,10.322000000000001,10.278,0.002,0.002
18.03.2020 08:32:03.755 GMT-0500,10.333,10.257000000000001,0.002,0.002
18.03.2020 08:32:03.863 GMT-0500,10.372,10.248,0.002,0.002
18.03.2020 08:32:10.527 GMT-0500,10.362,10.248,0.0008,0.002
18.03.2020 08:32:10.577 GMT-0500,10.392999999999999,10.247,0.002,0.002
18.03.2020 08:32:10.989 GMT-0500,10.402000000000001,10.247,0.0008,0.002
18.03.2020 08:32:11.814 GMT-0500,10.392000000000001,10.247,0.0008,0.002
18.03.2020 08:32:11.964 GMT-0500,10.262,10.238,0.0008,0.0008
18.03.2020 08:32:13.067 GMT-0500,10.263,10.248,0.0008,0.0008
18.03.2020 08:32:13.117 GMT-0500,10.292,10.238,0.002,0.002
18.03.2020 08:32:13.168 GMT-0500,10.252,10.238,0.0008,0.0008
18.03.2020 08:32:13.272 GMT-0500,10.343,10.257000000000001,0.002,0.002
18.03.2020 08:32:13.533 GMT-0500,10.302999999999999,10.257000000000001,0.0008,0.0008
18.03.2020 08:32:13.584 GMT-0500,10.312000000000001,10.238,0.002,0.002
18.03.2020 08:32:13.834 GMT-0500,10.293,10.237,0.0008,0.002
18.03.2020 08:32:14.178 GMT-0500,10.292,10.237,0.0008,0.002
18.03.2020 08:32:16.649 GMT-0500,10.362,10.287,0.0008,0.002
18.03.2020 08:32:18.103 GMT-0500,10.363,10.287,0.002,0.002
18.03.2020 08:32:18.247 GMT-0500,10.362,10.288,0.002,0.002
18.03.2020 08:32:18.387 GMT-0500,10.362,10.307,0.0008,0.0008
18.03.2020 08:32:18.437 GMT-0500,10.392999999999999,10.307,0.002,0.002
18.03.2020 08:32:18.488 GMT-0500,10.352,10.307,0.0008,0.002
18.03.2020 08:32:18.644 GMT-0500,10.353,10.307,0.0008,0.002
18.03.2020 08:32:18.694 GMT-0500,10.392000000000001,10.308,0.0008,0.0008
18.03.2020 08:32:18.806 GMT-0500,10.362,10.308,0.0008,0.0008
18.03.2020 08:32:18.857 GMT-0500,10.362,10.288,0.002,0.002
18.03.2020 08:32:19.168 GMT-0500,10.392000000000001,10.287,0.0008,0.002
18.03.2020 08:32:19.218 GMT-0500,10.392000000000001,10.308,0.002,0.002
18.03.2020 08:32:19.353 GMT-0500,10.382000000000001,10.308,0.0008,0.0008
18.03.2020 08:32:19.459 GMT-0500,10.362,10.308,0.0008,0.0008
18.03.2020 08:32:20.524 GMT-0500,10.363,10.287,0.002,0.002
18.03.2020 08:32:20.625 GMT-0500,10.332,10.278,0.002,0.002
18.03.2020 08:32:22.163 GMT-0500,10.332,10.287,0.0008,0.0008
18.03.2020 08:32:23.055 GMT-0500,10.332,10.298,0.0008,0.0008
18.03.2020 08:32:23.106 GMT-0500,10.362,10.298,0.002,0.002
18.03.2020 08:32:23.317 GMT-0500,10.362,10.328,0.0008,0.0008
18.03.2020 08:32:23.367 GMT-0500,10.392000000000001,10.328,0.002,0.002
18.03.2020 08:32:23.919 GMT-0500,10.363,10.297,0.0008,0.002
18.03.2020 08:32:23.969 GMT-0500,10.362,10.297,0.0008,0.002
18.03.2020 08:32:24.368 GMT-0500,10.342,10.298,0.0008,0.002
18.03.2020 08:32:25.887 GMT-0500,10.343,10.297,0.002,0.002
18.03.2020 08:32:26.429 GMT-0500,10.332,10.288,0.0008,0.002
18.03.2020 08:32:26.479 GMT-0500,10.332,10.288,0.0008,0.0008
18.03.2020 08:32:26.529 GMT-0500,10.342,10.308,0.002,0.002
18.03.2020 08:32:27.097 GMT-0500,10.342,10.327,0.0008,0.0008
18.03.2020 08:32:27.147 GMT-0500,10.362,10.308,0.002,0.002
18.03.2020 08:32:27.230 GMT-0500,10.342,10.308,0.0008,0.002
18.03.2020 08:32:27.390 GMT-0500,10.342,10.307,0.0008,0.0008
18.03.2020 08:32:27.441 GMT-0500,10.342,10.287,0.0008,0.002
18.03.2020 08:32:27.491 GMT-0500,10.342,10.308,0.0008,0.0008
18.03.2020 08:32:28.107 GMT-0500,10.343,10.287,0.002,0.002
18.03.2020 08:32:28.157 GMT-0500,10.333,10.287,0.002,0.002
18.03.2020 08:32:29.227 GMT-0500,10.332,10.288,0.0008,0.0008
18.03.2020 08:32:29.413 GMT-0500,10.333,10.318,0.0008,0.0008
18.03.2020 08:32:29.464 GMT-0500,10.342,10.307,0.0008,0.002
18.03.2020 08:32:30.899 GMT-0500,10.342,10.338,0.0008,0.0008
18.03.2020 08:32:30.949 GMT-0500,10.372,10.308,0.0008,0.002
18.03.2020 08:32:31.670 GMT-0500,10.373,10.307,0.002,0.002
18.03.2020 08:32:32.063 GMT-0500,10.372,10.307,0.0008,0.002
18.03.2020 08:32:32.339 GMT-0500,10.363,10.307,0.0008,0.002
18.03.2020 08:32:32.439 GMT-0500,10.373,10.307,0.002,0.002
18.03.2020 08:32:33.402 GMT-0500,10.372,10.307,0.0008,0.002
18.03.2020 08:32:33.452 GMT-0500,10.372,10.328,0.002,0.002
18.03.2020 08:32:33.676 GMT-0500,10.372,10.328,0.0008,0.002
18.03.2020 08:32:33.726 GMT-0500,10.373,10.327,0.002,0.002
18.03.2020 08:32:34.006 GMT-0500,10.362,10.328,0.0008,0.0008
18.03.2020 08:32:34.834 GMT-0500,10.363,10.328,0.0008,0.0008
18.03.2020 08:32:34.885 GMT-0500,10.372,10.328,0.002,0.002
18.03.2020 08:32:35.567 GMT-0500,10.362,10.308,0.002,0.002
18.03.2020 08:32:37.255 GMT-0500,10.372,10.308,0.002,0.002
18.03.2020 08:32:37.729 GMT-0500,10.362,10.308,0.0008,0.002
18.03.2020 08:32:37.779 GMT-0500,10.372,10.308,0.0008,0.0008
18.03.2020 08:32:40.593 GMT-0500,10.362,10.307,0.0008,0.002
18.03.2020 08:32:41.642 GMT-0500,10.372,10.308,0.0008,0.0008
18.03.2020 08:32:41.828 GMT-0500,10.372,10.318,0.0008,0.0008
18.03.2020 08:32:41.974 GMT-0500,10.372,10.307,0.0008,0.002
18.03.2020 08:32:42.541 GMT-0500,10.362,10.308,0.0008,0.002
18.03.2020 08:32:42.959 GMT-0500,10.373,10.307,0.002,0.002
18.03.2020 08:32:43.445 GMT-0500,10.372,10.308,0.0008,0.0008
18.03.2020 08:32:43.986 GMT-0500,10.372,10.308,0.002,0.002
18.03.2020 08:32:44.036 GMT-0500,10.373,10.307,0.002,0.002
18.03.2020 08:32:44.293 GMT-0500,10.362,10.308,0.0008,0.0008
18.03.2020 08:32:44.343 GMT-0500,10.372,10.307,0.0008,0.002
18.03.2020 08:32:45.189 GMT-0500,10.363,10.307,0.0008,0.002
18.03.2020 08:32:45.339 GMT-0500,10.352,10.327,0.0008,0.002
18.03.2020 08:32:45.699 GMT-0500,10.362,10.327,0.0008,0.002
18.03.2020 08:32:46.122 GMT-0500,10.363,10.327,0.0008,0.002
18.03.2020 08:32:46.222 GMT-0500,10.372,10.328,0.002,0.002
18.03.2020 08:32:46.615 GMT-0500,10.362,10.307,0.0008,0.002
18.03.2020 08:32:46.950 GMT-0500,10.343,10.307,0.0008,0.002
18.03.2020 08:32:47.050 GMT-0500,10.362,10.307,0.0008,0.002
18.03.2020 08:32:50.559 GMT-0500,10.342,10.308,0.0008,0.0008
18.03.2020 08:32:51.134 GMT-0500,10.362,10.318,0.002,0.002
18.03.2020 08:32:51.304 GMT-0500,10.372,10.338,0.002,0.002
18.03.2020 08:32:51.495 GMT-0500,10.362,10.338,0.0008,0.002
18.03.2020 08:32:51.545 GMT-0500,10.362,10.318,0.0008,0.0008
18.03.2020 08:32:51.596 GMT-0500,10.342,10.317,0.0008,0.002
18.03.2020 08:32:52.048 GMT-0500,10.343,10.317,0.002,0.002
18.03.2020 08:32:52.149 GMT-0500,10.382000000000001,10.328,0.0008,0.0008
18.03.2020 08:32:52.384 GMT-0500,10.392000000000001,10.328,0.0008,0.0008
18.03.2020 08:32:53.621 GMT-0500,10.372,10.327,0.0008,0.002
18.03.2020 08:32:54.936 GMT-0500,10.372,10.357000000000001,0.0008,0.002
18.03.2020 08:32:54.986 GMT-0500,10.362,10.327,0.0008,0.002
18.03.2020 08:32:58.766 GMT-0500,10.342,10.328,0.0008,0.002
18.03.2020 08:32:58.818 GMT-0500,10.333,10.317,0.0008,0.002
18.03.2020 08:32:59.101 GMT-0500,10.322000000000001,10.278,0.002,0.002
18.03.2020 08:32:59.202 GMT-0500,10.332,10.298,0.002,0.002
18.03.2020 08:32:59.253 GMT-0500,10.332,10.278,0.002,0.002
18.03.2020 08:33:00.749 GMT-0500,10.352,10.307,0.0008,0.002
18.03.2020 08:33:00.978 GMT-0500,10.353,10.317,0.002,0.002
18.03.2020 08:33:01.262 GMT-0500,10.333,10.318,0.0008,0.0008
18.03.2020 08:33:01.312 GMT-0500,10.332,10.308,0.0008,0.0008
18.03.2020 08:33:01.692 GMT-0500,10.343,10.307,0.002,0.002
18.03.2020 08:33:02.030 GMT-0500,10.343,10.307,0.0008,0.002
18.03.2020 08:33:02.081 GMT-0500,10.362,10.317,0.0008,0.002
18.03.2020 08:33:02.342 GMT-0500,10.362,10.317,0.0008,0.002
18.03.2020 08:33:02.532 GMT-0500,10.352,10.328,0.0008,0.0008
18.03.2020 08:33:02.729 GMT-0500,10.342,10.328,0.0008,0.002
18.03.2020 08:33:03.447 GMT-0500,10.352,10.328,0.002,0.002
18.03.2020 08:33:04.746 GMT-0500,10.343,10.328,0.0008,0.0008
18.03.2020 08:33:04.797 GMT-0500,10.342,10.318,0.002,0.002
18.03.2020 08:33:05.014 GMT-0500,10.332,10.317,0.0008,0.0008
18.03.2020 08:33:05.065 GMT-0500,10.342,10.307,0.0008,0.002
18.03.2020 08:33:05.490 GMT-0500,10.333,10.307,0.0008,0.002
18.03.2020 08:33:05.540 GMT-0500,10.342,10.308,0.0008,0.0008
18.03.2020 08:33:06.934 GMT-0500,10.322000000000001,10.308,0.0008,0.0008
18.03.2020 08:33:06.985 GMT-0500,10.322000000000001,10.278,0.002,0.002
18.03.2020 08:33:07.035 GMT-0500,10.342,10.308,0.002,0.002
18.03.2020 08:33:07.538 GMT-0500,10.313,10.308,0.0008,0.0008
18.03.2020 08:33:07.589 GMT-0500,10.312000000000001,10.278,0.002,0.002
18.03.2020 08:33:07.646 GMT-0500,10.302999999999999,10.277000000000001,0.0008,0.002
18.03.2020 08:33:07.696 GMT-0500,10.312000000000001,10.278,0.0008,0.0008
18.03.2020 08:33:08.534 GMT-0500,10.312000000000001,10.298,0.0008,0.0008
18.03.2020 08:33:08.585 GMT-0500,10.333,10.297,0.002,0.002
18.03.2020 08:33:08.702 GMT-0500,10.332,10.297,0.0008,0.002
18.03.2020 08:33:08.813 GMT-0500,10.332,10.307,0.0008,0.0008
18.03.2020 08:33:08.863 GMT-0500,10.332,10.298,0.002,0.002
18.03.2020 08:33:11.202 GMT-0500,10.333,10.297,0.0008,0.002
18.03.2020 08:33:11.252 GMT-0500,10.333,10.297,0.002,0.002
18.03.2020 08:33:14.667 GMT-0500,10.332,10.297,0.0008,0.002
18.03.2020 08:33:14.717 GMT-0500,10.362,10.327,0.0008,0.002
18.03.2020 08:33:15.064 GMT-0500,10.335,10.327,0.0008,0.0008
18.03.2020 08:33:15.115 GMT-0500,10.363,10.317,0.002,0.002
18.03.2020 08:33:17.212 GMT-0500,10.362,10.328,0.0008,0.0008
18.03.2020 08:33:17.338 GMT-0500,10.353,10.337000000000002,0.0008,0.001
18.03.2020 08:33:17.388 GMT-0500,10.372,10.347999999999999,0.002,0.002
18.03.2020 08:33:18.645 GMT-0500,10.362,10.298,0.0008,0.002
18.03.2020 08:33:18.695 GMT-0500,10.392000000000001,10.338,0.0008,0.0008
18.03.2020 08:33:18.906 GMT-0500,10.373,10.337000000000002,0.0008,0.002
18.03.2020 08:33:19.006 GMT-0500,10.392000000000001,10.338,0.002,0.002
18.03.2020 08:33:20.827 GMT-0500,10.373,10.337000000000002,0.0008,0.002
18.03.2020 08:33:21.589 GMT-0500,10.373,10.337000000000002,0.0008,0.002
18.03.2020 08:33:21.640 GMT-0500,10.372,10.338,0.002,0.002
18.03.2020 08:33:21.690 GMT-0500,10.362,10.338,0.002,0.002
18.03.2020 08:33:21.948 GMT-0500,10.352,10.338,0.0008,0.0008
18.03.2020 08:33:21.998 GMT-0500,10.373,10.337000000000002,0.002,0.002
18.03.2020 08:33:22.376 GMT-0500,10.373,10.347000000000001,0.002,0.0008
18.03.2020 08:33:22.597 GMT-0500,10.372,10.347000000000001,0.0008,0.002
18.03.2020 08:33:22.698 GMT-0500,10.392000000000001,10.367,0.0008,0.002
18.03.2020 08:33:23.442 GMT-0500,10.392999999999999,10.387,0.0008,0.0008
18.03.2020 08:33:23.493 GMT-0500,10.402000000000001,10.388,0.0008,0.0008
18.03.2020 08:33:24.583 GMT-0500,10.402000000000001,10.368,0.002,0.002
18.03.2020 08:33:24.808 GMT-0500,10.403,10.367,0.002,0.002
18.03.2020 08:33:26.400 GMT-0500,10.408,10.397,0.0008,0.0008
18.03.2020 08:33:26.450 GMT-0500,10.492,10.427999999999999,0.0008,0.0008
18.03.2020 08:33:26.501 GMT-0500,10.492,10.398,0.0008,0.0008
18.03.2020 08:33:26.625 GMT-0500,10.472000000000001,10.367,0.0008,0.002
18.03.2020 08:33:26.676 GMT-0500,10.452,10.368,0.002,0.002
18.03.2020 08:33:26.814 GMT-0500,10.453,10.387,0.002,0.002
18.03.2020 08:33:27.538 GMT-0500,10.442,10.347000000000001,0.0008,0.002
18.03.2020 08:33:27.588 GMT-0500,10.432,10.347999999999999,0.002,0.002
18.03.2020 08:33:28.091 GMT-0500,10.433,10.347000000000001,0.002,0.002
18.03.2020 08:33:28.449 GMT-0500,10.422,10.328,0.0008,0.002
18.03.2020 08:33:28.499 GMT-0500,10.422,10.328,0.002,0.002
18.03.2020 08:33:29.304 GMT-0500,10.422,10.328,0.002,0.002
18.03.2020 08:33:29.428 GMT-0500,10.422,10.377,0.0008,0.0008
18.03.2020 08:33:29.712 GMT-0500,10.422,10.377,0.0008,0.002
18.03.2020 08:33:29.812 GMT-0500,10.422,10.378,0.0008,0.0008
18.03.2020 08:33:30.053 GMT-0500,10.422,10.388,0.0008,0.0008
18.03.2020 08:33:30.104 GMT-0500,10.423,10.377,0.002,0.002
18.03.2020 08:33:30.606 GMT-0500,10.422,10.388,0.0008,0.0008
18.03.2020 08:33:30.956 GMT-0500,10.423,10.387,0.002,0.002
18.03.2020 08:33:31.007 GMT-0500,10.452,10.388,0.002,0.002
18.03.2020 08:33:31.561 GMT-0500,10.452,10.388,0.002,0.002
18.03.2020 08:33:31.723 GMT-0500,10.452,10.427000000000001,0.0008,0.0008
18.03.2020 08:33:31.774 GMT-0500,10.472000000000001,10.408,0.0008,0.0008
18.03.2020 08:33:32.231 GMT-0500,10.472000000000001,10.408,0.0008,0.002
18.03.2020 08:33:32.282 GMT-0500,10.472999999999999,10.407,0.002,0.002
18.03.2020 08:33:33.198 GMT-0500,10.472999999999999,10.417,0.002,0.0008
18.03.2020 08:33:33.248 GMT-0500,10.482000000000001,10.407,0.0008,0.002
18.03.2020 08:33:33.509 GMT-0500,10.483,10.387,0.002,0.002
18.03.2020 08:33:34.289 GMT-0500,10.483,10.387,0.0008,0.002
18.03.2020 08:33:34.340 GMT-0500,10.492,10.408,0.002,0.002
18.03.2020 08:33:34.994 GMT-0500,10.482000000000001,10.408,0.0008,0.0008
18.03.2020 08:33:36.022 GMT-0500,10.482000000000001,10.408,0.0008,0.002
18.03.2020 08:33:36.073 GMT-0500,10.492,10.438,0.0008,0.0008
18.03.2020 08:33:36.123 GMT-0500,10.492,10.458,0.002,0.002
18.03.2020 08:33:36.173 GMT-0500,10.492,10.408,0.002,0.002
18.03.2020 08:33:36.519 GMT-0500,10.492,10.408,0.0008,0.002
18.03.2020 08:33:36.569 GMT-0500,10.492,10.407,0.0008,0.002
18.03.2020 08:33:38.081 GMT-0500,10.482000000000001,10.408,0.0008,0.002
18.03.2020 08:33:39.664 GMT-0500,10.482000000000001,10.408,0.0008,0.002
18.03.2020 08:33:39.715 GMT-0500,10.492,10.438,0.002,0.002
18.03.2020 08:33:39.823 GMT-0500,10.482000000000001,10.438,0.0008,0.0008
18.03.2020 08:33:39.874 GMT-0500,10.482000000000001,10.388,0.0008,0.0008
18.03.2020 08:33:39.960 GMT-0500,10.462000000000002,10.388,0.0008,0.002
18.03.2020 08:33:40.010 GMT-0500,10.482000000000001,10.388,0.002,0.002
18.03.2020 08:33:41.047 GMT-0500,10.482000000000001,10.457,0.0008,0.0008
18.03.2020 08:33:41.097 GMT-0500,10.502,10.417,0.0008,0.002
18.03.2020 08:33:41.408 GMT-0500,10.492,10.418,0.0008,0.002
18.03.2020 08:33:41.458 GMT-0500,10.503,10.417,0.002,0.002
18.03.2020 08:33:41.917 GMT-0500,10.472000000000001,10.378,0.002,0.002
18.03.2020 08:33:41.974 GMT-0500,10.472000000000001,10.378,0.0008,0.002
18.03.2020 08:33:42.125 GMT-0500,10.503,10.407,0.002,0.002
18.03.2020 08:33:42.660 GMT-0500,10.502,10.418,0.002,0.002
18.03.2020 08:33:43.147 GMT-0500,10.502,10.408,0.0008,0.0008
18.03.2020 08:33:43.197 GMT-0500,10.502,10.447000000000001,0.0008,0.002
18.03.2020 08:33:43.610 GMT-0500,10.492,10.447000000000001,0.0008,0.002
18.03.2020 08:33:43.710 GMT-0500,10.502,10.448,0.002,0.002
18.03.2020 08:33:43.855 GMT-0500,10.503,10.447000000000001,0.002,0.002
18.03.2020 08:33:43.906 GMT-0500,10.522,10.478,0.002,0.002
18.03.2020 08:33:43.956 GMT-0500,10.522,10.458,0.0008,0.0008
18.03.2020 08:33:44.104 GMT-0500,10.523,10.447000000000001,0.002,0.002
18.03.2020 08:33:44.682 GMT-0500,10.523,10.488,0.0008,0.0008
18.03.2020 08:33:44.733 GMT-0500,10.573,10.447000000000001,0.002,0.002
18.03.2020 08:33:44.783 GMT-0500,10.522,10.458,0.0008,0.0008
18.03.2020 08:33:44.833 GMT-0500,10.543,10.457,0.002,0.002
18.03.2020 08:33:45.214 GMT-0500,10.543,10.457,0.0008,0.002
18.03.2020 08:33:45.264 GMT-0500,10.572000000000001,10.488,0.002,0.002
18.03.2020 08:33:45.365 GMT-0500,10.572000000000001,10.508,0.002,0.002
18.03.2020 08:33:45.582 GMT-0500,10.572000000000001,10.488,0.002,0.002
18.03.2020 08:33:45.633 GMT-0500,10.572000000000001,10.517999999999999,0.0008,0.0008
18.03.2020 08:33:45.939 GMT-0500,10.552000000000001,10.498,0.0008,0.002
18.03.2020 08:33:45.990 GMT-0500,10.552000000000001,10.498,0.0008,0.0008
18.03.2020 08:33:46.112 GMT-0500,10.543,10.497,0.0008,0.002
18.03.2020 08:33:46.213 GMT-0500,10.542,10.498,0.002,0.002
18.03.2020 08:33:46.454 GMT-0500,10.543,10.497,0.002,0.002
18.03.2020 08:33:46.928 GMT-0500,10.542,10.498,0.0008,0.0008
18.03.2020 08:33:47.860 GMT-0500,10.543,10.497,0.0008,0.002
18.03.2020 08:33:47.911 GMT-0500,10.552999999999999,10.497,0.002,0.002
18.03.2020 08:33:48.143 GMT-0500,10.533,10.497,0.0008,0.002
18.03.2020 08:33:48.719 GMT-0500,10.502,10.438,0.002,0.002
18.03.2020 08:33:48.769 GMT-0500,10.503,10.447000000000001,0.002,0.002
18.03.2020 08:33:48.820 GMT-0500,10.532,10.438,0.0008,0.0008
18.03.2020 08:33:49.016 GMT-0500,10.533,10.437000000000001,0.002,0.002
18.03.2020 08:33:49.274 GMT-0500,10.532,10.438,0.002,0.002
18.03.2020 08:33:49.537 GMT-0500,10.532,10.448,0.002,0.0008
18.03.2020 08:33:49.637 GMT-0500,10.532,10.437000000000001,0.0008,0.002
18.03.2020 08:33:50.890 GMT-0500,10.533,10.437000000000001,0.002,0.002
18.03.2020 08:33:51.161 GMT-0500,10.492,10.438,0.0008,0.002
18.03.2020 08:33:51.211 GMT-0500,10.492,10.438,0.0008,0.0008
18.03.2020 08:33:51.316 GMT-0500,10.472000000000001,10.438,0.0008,0.0008
18.03.2020 08:33:51.366 GMT-0500,10.472000000000001,10.417,0.0008,0.002
18.03.2020 08:33:52.004 GMT-0500,10.452,10.408,0.0008,0.002
18.03.2020 08:33:52.055 GMT-0500,10.452,10.408,0.002,0.002
18.03.2020 08:33:52.607 GMT-0500,10.453,10.397,0.002,0.002
18.03.2020 08:33:53.114 GMT-0500,10.472999999999999,10.407,0.002,0.002
18.03.2020 08:33:53.207 GMT-0500,10.452,10.408,0.002,0.002
18.03.2020 08:33:53.387 GMT-0500,10.453,10.407,0.002,0.002
18.03.2020 08:33:53.800 GMT-0500,10.452,10.407,0.0008,0.002
18.03.2020 08:33:54.033 GMT-0500,10.452,10.408,0.0008,0.002
18.03.2020 08:33:54.083 GMT-0500,10.492,10.458,0.0008,0.0008
18.03.2020 08:33:55.122 GMT-0500,10.493,10.458,0.0008,0.0008
18.03.2020 08:33:55.172 GMT-0500,10.512,10.458,0.002,0.002
18.03.2020 08:33:56.131 GMT-0500,10.472999999999999,10.458,0.0008,0.0008
18.03.2020 08:33:56.182 GMT-0500,10.472999999999999,10.427000000000001,0.002,0.002
18.03.2020 08:33:56.233 GMT-0500,10.512,10.427999999999999,0.002,0.002
18.03.2020 08:33:57.651 GMT-0500,10.512,10.467,0.0008,0.0008
18.03.2020 08:33:57.839 GMT-0500,10.482000000000001,10.448,0.0008,0.002
18.03.2020 08:33:57.889 GMT-0500,10.482000000000001,10.448,0.0008,0.0008
18.03.2020 08:33:58.035 GMT-0500,10.482000000000001,10.427999999999999,0.002,0.002
18.03.2020 08:33:58.249 GMT-0500,10.472000000000001,10.427999999999999,0.0008,0.002
18.03.2020 08:33:58.402 GMT-0500,10.472999999999999,10.427000000000001,0.0008,0.002
18.03.2020 08:33:58.452 GMT-0500,10.482000000000001,10.448,0.0008,0.0008
18.03.2020 08:33:58.514 GMT-0500,10.482000000000001,10.448,0.002,0.002
18.03.2020 08:33:58.614 GMT-0500,10.482000000000001,10.448,0.0008,0.0008
18.03.2020 08:33:59.233 GMT-0500,10.462000000000002,10.448,0.0008,0.0008
18.03.2020 08:33:59.284 GMT-0500,10.462000000000002,10.418,0.002,0.002
18.03.2020 08:34:00.425 GMT-0500,10.462000000000002,10.418,0.0008,0.002
18.03.2020 08:34:00.533 GMT-0500,10.463,10.448,0.0008,0.0008
18.03.2020 08:34:00.583 GMT-0500,10.492,10.448,0.002,0.002
18.03.2020 08:34:00.633 GMT-0500,10.482000000000001,10.448,0.002,0.002
18.03.2020 08:34:00.746 GMT-0500,10.483,10.437000000000001,0.002,0.002
18.03.2020 08:34:00.851 GMT-0500,10.512,10.438,0.002,0.002
18.03.2020 08:34:01.024 GMT-0500,10.492,10.438,0.002,0.002
18.03.2020 08:34:01.158 GMT-0500,10.542,10.487,0.0008,0.0008
18.03.2020 08:34:01.530 GMT-0500,10.542,10.448,0.002,0.002
18.03.2020 08:34:01.581 GMT-0500,10.542,10.448,0.0008,0.0008
18.03.2020 08:34:01.631 GMT-0500,10.502,10.438,0.002,0.002
18.03.2020 08:34:02.158 GMT-0500,10.503,10.437000000000001,0.002,0.002
18.03.2020 08:34:03.532 GMT-0500,10.502,10.448,0.0008,0.0008
18.03.2020 08:34:03.963 GMT-0500,10.502,10.437000000000001,0.0008,0.002
18.03.2020 08:34:04.989 GMT-0500,10.482000000000001,10.438,0.0008,0.002
18.03.2020 08:34:05.334 GMT-0500,10.462000000000002,10.447000000000001,0.0008,0.002
18.03.2020 08:34:05.384 GMT-0500,10.463,10.437000000000001,0.002,0.002
18.03.2020 08:34:05.485 GMT-0500,10.483,10.437000000000001,0.002,0.002
18.03.2020 08:34:05.536 GMT-0500,10.482000000000001,10.437000000000001,0.0008,0.002
18.03.2020 08:34:07.729 GMT-0500,10.482000000000001,10.438,0.002,0.002
18.03.2020 08:34:09.514 GMT-0500,10.462000000000002,10.447000000000001,0.0008,0.0008
18.03.2020 08:34:09.565 GMT-0500,10.462000000000002,10.408,0.0008,0.0008
18.03.2020 08:34:09.647 GMT-0500,10.452,10.408,0.0008,0.0008
18.03.2020 08:34:09.748 GMT-0500,10.442,10.408,0.002,0.002
18.03.2020 08:34:09.972 GMT-0500,10.443,10.407,0.002,0.002
18.03.2020 08:34:10.293 GMT-0500,10.442,10.408,0.002,0.002
18.03.2020 08:34:10.344 GMT-0500,10.442,10.408,0.0008,0.0008
18.03.2020 08:34:11.541 GMT-0500,10.422,10.388,0.0008,0.002
18.03.2020 08:34:11.591 GMT-0500,10.392999999999999,10.357000000000001,0.002,0.002
18.03.2020 08:34:11.680 GMT-0500,10.392000000000001,10.357000000000001,0.0008,0.002
18.03.2020 08:34:11.961 GMT-0500,10.372,10.337000000000002,0.0008,0.002
18.03.2020 08:34:12.011 GMT-0500,10.382000000000001,10.358,0.0008,0.0008
18.03.2020 08:34:12.062 GMT-0500,10.392000000000001,10.357000000000001,0.0008,0.002
18.03.2020 08:34:12.424 GMT-0500,10.392000000000001,10.357000000000001,0.0008,0.0008
18.03.2020 08:34:12.475 GMT-0500,10.392000000000001,10.328,0.002,0.002
18.03.2020 08:34:14.074 GMT-0500,10.392000000000001,10.328,0.0008,0.002
18.03.2020 08:34:14.322 GMT-0500,10.392000000000001,10.347999999999999,0.001,0.0008
18.03.2020 08:34:14.373 GMT-0500,10.342,10.308,0.0008,0.0008
18.03.2020 08:34:14.740 GMT-0500,10.343,10.317,0.0008,0.0008
18.03.2020 08:34:14.790 GMT-0500,10.373,10.317,0.002,0.002
18.03.2020 08:34:14.890 GMT-0500,10.372,10.308,0.002,0.002
18.03.2020 08:34:16.485 GMT-0500,10.372,10.318,0.002,0.0008
18.03.2020 08:34:17.132 GMT-0500,10.373,10.327,0.002,0.002
18.03.2020 08:34:17.497 GMT-0500,10.373,10.317,0.002,0.002
18.03.2020 08:34:18.946 GMT-0500,10.335,10.317,0.0008,0.002
18.03.2020 08:34:19.097 GMT-0500,10.332,10.317,0.0008,0.002
18.03.2020 08:34:19.325 GMT-0500,10.372,10.327,0.0008,0.002
18.03.2020 08:34:19.376 GMT-0500,10.372,10.317,0.0008,0.002
18.03.2020 08:34:19.840 GMT-0500,10.362,10.317,0.0008,0.002
18.03.2020 08:34:20.224 GMT-0500,10.363,10.317,0.002,0.002
18.03.2020 08:34:21.523 GMT-0500,10.362,10.328,0.0008,0.0008
18.03.2020 08:34:21.573 GMT-0500,10.362,10.318,0.002,0.002
18.03.2020 08:34:21.624 GMT-0500,10.362,10.327,0.0008,0.002
18.03.2020 08:34:22.015 GMT-0500,10.362,10.327,0.0008,0.0008
18.03.2020 08:34:22.066 GMT-0500,10.362,10.318,0.002,0.002
18.03.2020 08:34:22.866 GMT-0500,10.362,10.328,0.002,0.002
18.03.2020 08:34:23.382 GMT-0500,10.362,10.318,0.0008,0.0008
18.03.2020 08:34:24.176 GMT-0500,10.362,10.327,0.0008,0.002
18.03.2020 08:34:26.661 GMT-0500,10.352,10.328,0.0008,0.0008
18.03.2020 08:34:26.712 GMT-0500,10.392000000000001,10.347999999999999,0.0008,0.0008
18.03.2020 08:34:27.023 GMT-0500,10.362,10.328,0.0008,0.0008
18.03.2020 08:34:27.521 GMT-0500,10.363,10.327,0.002,0.002
18.03.2020 08:34:27.895 GMT-0500,10.352,10.327,0.0008,0.002
18.03.2020 08:34:28.042 GMT-0500,10.372,10.347999999999999,0.0008,0.0008
18.03.2020 08:34:28.833 GMT-0500,10.373,10.347000000000001,0.002,0.002
18.03.2020 08:34:29.351 GMT-0500,10.402000000000001,10.368,0.002,0.002
18.03.2020 08:34:29.452 GMT-0500,10.402000000000001,10.328,0.002,0.002
18.03.2020 08:34:29.540 GMT-0500,10.402000000000001,10.347999999999999,0.002,0.0008
18.03.2020 08:34:29.708 GMT-0500,10.373,10.347999999999999,0.0008,0.0008
18.03.2020 08:34:29.809 GMT-0500,10.372,10.337000000000002,0.0008,0.002
18.03.2020 08:34:30.269 GMT-0500,10.372,10.337000000000002,0.0008,0.002
18.03.2020 08:34:30.935 GMT-0500,10.402000000000001,10.368,0.002,0.002
18.03.2020 08:34:31.035 GMT-0500,10.403,10.357000000000001,0.002,0.002
18.03.2020 08:34:31.093 GMT-0500,10.383,10.347000000000001,0.0008,0.002
18.03.2020 08:34:31.144 GMT-0500,10.383,10.347000000000001,0.002,0.002
18.03.2020 08:34:31.523 GMT-0500,10.352,10.327,0.0008,0.002
18.03.2020 08:34:31.906 GMT-0500,10.343,10.307,0.002,0.002
18.03.2020 08:34:32.069 GMT-0500,10.353,10.338,0.0008,0.0008
18.03.2020 08:34:32.120 GMT-0500,10.362,10.338,0.0008,0.0008
18.03.2020 08:34:32.719 GMT-0500,10.363,10.327,0.0008,0.002
18.03.2020 08:34:32.769 GMT-0500,10.392000000000001,10.368,0.0008,0.0008
18.03.2020 08:34:33.702 GMT-0500,10.392000000000001,10.337000000000002,0.0008,0.002
18.03.2020 08:34:34.236 GMT-0500,10.372,10.337000000000002,0.0008,0.002
18.03.2020 08:34:34.978 GMT-0500,10.372,10.328,0.0008,0.0008
18.03.2020 08:34:35.286 GMT-0500,10.353,10.328,0.0008,0.0008
18.03.2020 08:34:35.336 GMT-0500,10.373,10.327,0.002,0.002
18.03.2020 08:34:35.386 GMT-0500,10.352,10.318,0.0008,0.0008
18.03.2020 08:34:35.436 GMT-0500,10.372,10.318,0.002,0.002
18.03.2020 08:34:36.499 GMT-0500,10.33,10.318,0.0008,0.0008
18.03.2020 08:34:36.550 GMT-0500,10.322000000000001,10.297,0.0008,0.002
18.03.2020 08:34:36.650 GMT-0500,10.342,10.308,0.0008,0.0008
18.03.2020 08:34:36.701 GMT-0500,10.373,10.317,0.002,0.002
18.03.2020 08:34:36.803 GMT-0500,10.402000000000001,10.368,0.002,0.002
18.03.2020 08:34:37.341 GMT-0500,10.383,10.358,0.0008,0.0008
18.03.2020 08:34:37.392 GMT-0500,10.383,10.337000000000002,0.002,0.002
18.03.2020 08:34:38.292 GMT-0500,10.395,10.367,0.0008,0.0008
18.03.2020 08:34:38.342 GMT-0500,10.442,10.378,0.0008,0.0008
18.03.2020 08:34:38.392 GMT-0500,10.432,10.378,0.002,0.002
18.03.2020 08:34:38.555 GMT-0500,10.462000000000002,10.378,0.002,0.002
18.03.2020 08:34:38.606 GMT-0500,10.462000000000002,10.358,0.002,0.002
18.03.2020 08:34:38.877 GMT-0500,10.412,10.358,0.0008,0.002
18.03.2020 08:34:38.928 GMT-0500,10.463,10.357000000000001,0.002,0.002
18.03.2020 08:34:39.071 GMT-0500,10.463,10.337000000000002,0.002,0.002
18.03.2020 08:34:39.341 GMT-0500,10.432,10.358,0.0008,0.0008
18.03.2020 08:34:40.933 GMT-0500,10.432,10.358,0.002,0.002
18.03.2020 08:34:42.253 GMT-0500,10.432,10.358,0.002,0.002
18.03.2020 08:34:43.835 GMT-0500,10.462000000000002,10.387,0.0008,0.002
18.03.2020 08:34:45.242 GMT-0500,10.463,10.407,0.0008,0.0008
18.03.2020 08:34:45.293 GMT-0500,10.472000000000001,10.408,0.0008,0.0008
18.03.2020 08:34:45.415 GMT-0500,10.472999999999999,10.427000000000001,0.0008,0.0008
18.03.2020 08:34:45.465 GMT-0500,10.482000000000001,10.427000000000001,0.0008,0.002
18.03.2020 08:34:46.009 GMT-0500,10.482000000000001,10.408,0.002,0.002
18.03.2020 08:34:46.119 GMT-0500,10.482000000000001,10.397,0.0008,0.0008
18.03.2020 08:34:46.170 GMT-0500,10.482000000000001,10.388,0.002,0.002
18.03.2020 08:34:46.337 GMT-0500,10.482000000000001,10.388,0.002,0.002
18.03.2020 08:34:46.878 GMT-0500,10.482000000000001,10.438,0.0008,0.0008
18.03.2020 08:34:46.928 GMT-0500,10.432,10.368,0.0008,0.0008
18.03.2020 08:34:46.979 GMT-0500,10.452,10.387,0.0008,0.002
18.03.2020 08:34:47.253 GMT-0500,10.442,10.388,0.002,0.002
18.03.2020 08:34:47.392 GMT-0500,10.452,10.388,0.0008,0.0008
18.03.2020 08:34:48.478 GMT-0500,10.453,10.377,0.002,0.002
18.03.2020 08:34:50.929 GMT-0500,10.452,10.377,0.0008,0.0008
18.03.2020 08:34:50.980 GMT-0500,10.452,10.368,0.002,0.002
18.03.2020 08:34:51.030 GMT-0500,10.453,10.377,0.002,0.002
18.03.2020 08:34:51.080 GMT-0500,10.452,10.368,0.002,0.002
18.03.2020 08:34:51.720 GMT-0500,10.452,10.387,0.0008,0.0008
18.03.2020 08:34:53.104 GMT-0500,10.453,10.387,0.0008,0.002
18.03.2020 08:34:53.154 GMT-0500,10.482000000000001,10.408,0.0008,0.0008
18.03.2020 08:34:55.684 GMT-0500,10.483,10.477,0.0008,0.0008
18.03.2020 08:34:55.738 GMT-0500,10.543,10.477,0.002,0.002
18.03.2020 08:34:55.789 GMT-0500,10.543,10.427000000000001,0.002,0.002
18.03.2020 08:34:56.184 GMT-0500,10.542,10.427000000000001,0.0008,0.002
18.03.2020 08:34:56.442 GMT-0500,10.542,10.427999999999999,0.0008,0.002
18.03.2020 08:34:56.583 GMT-0500,10.582,10.538,0.0008,0.0008
18.03.2020 08:34:56.633 GMT-0500,10.603,10.537,0.002,0.002
18.03.2020 08:34:56.684 GMT-0500,10.603,10.427000000000001,0.002,0.002
18.03.2020 08:34:56.951 GMT-0500,10.603,10.427999999999999,0.0008,0.0008
18.03.2020 08:34:57.448 GMT-0500,10.593,10.427000000000001,0.0008,0.002
18.03.2020 08:34:58.213 GMT-0500,10.592,10.427999999999999,0.0008,0.0008
18.03.2020 08:34:59.511 GMT-0500,10.522,10.427999999999999,0.0008,0.002
18.03.2020 08:34:59.611 GMT-0500,10.592,10.438,0.002,0.002
18.03.2020 08:35:00.012 GMT-0500,10.592,10.398,0.0008,0.0008
18.03.2020 08:35:00.063 GMT-0500,10.582,10.397,0.0008,0.002
18.03.2020 08:35:00.529 GMT-0500,10.582,10.407,0.0008,0.0008
18.03.2020 08:35:01.226 GMT-0500,10.582,10.427999999999999,0.0008,0.0008
18.03.2020 08:35:03.135 GMT-0500,10.542,10.427999999999999,0.0008,0.0008
18.03.2020 08:35:03.620 GMT-0500,10.472000000000001,10.427999999999999,0.0008,0.002
18.03.2020 08:35:03.671 GMT-0500,10.472000000000001,10.398,0.002,0.002
18.03.2020 08:35:04.111 GMT-0500,10.472000000000001,10.398,0.0008,0.002
18.03.2020 08:35:04.162 GMT-0500,10.472000000000001,10.397,0.0008,0.002
18.03.2020 08:35:04.410 GMT-0500,10.472000000000001,10.397,0.0008,0.002
18.03.2020 08:35:04.648 GMT-0500,10.472000000000001,10.408,0.0008,0.002
18.03.2020 08:35:04.699 GMT-0500,10.542,10.467,0.0008,0.002
18.03.2020 08:35:04.817 GMT-0500,10.543,10.467,0.002,0.002
18.03.2020 08:35:06.002 GMT-0500,10.542,10.467,0.0008,0.002
18.03.2020 08:35:08.592 GMT-0500,10.543,10.467,0.002,0.002
18.03.2020 08:35:08.642 GMT-0500,10.522,10.467,0.0008,0.002
18.03.2020 08:35:10.688 GMT-0500,10.512,10.448,0.0008,0.0008
18.03.2020 08:35:11.004 GMT-0500,10.513,10.447000000000001,0.002,0.002
18.03.2020 08:35:12.433 GMT-0500,10.513,10.478,0.0008,0.0008
18.03.2020 08:35:12.484 GMT-0500,10.552000000000001,10.478,0.002,0.002
18.03.2020 08:35:13.183 GMT-0500,10.562000000000001,10.477,0.0008,0.002
18.03.2020 08:35:13.275 GMT-0500,10.563,10.477,0.0008,0.002
18.03.2020 08:35:13.325 GMT-0500,10.603,10.507000000000001,0.002,0.002
18.03.2020 08:35:13.528 GMT-0500,10.603,10.507000000000001,0.0008,0.002
18.03.2020 08:35:13.849 GMT-0500,10.612,10.508,0.002,0.002
18.03.2020 08:35:14.359 GMT-0500,10.582,10.508,0.0008,0.002
18.03.2020 08:35:15.050 GMT-0500,10.583,10.507000000000001,0.002,0.002
18.03.2020 08:35:16.070 GMT-0500,10.582,10.517000000000001,0.0008,0.0008
18.03.2020 08:35:16.120 GMT-0500,10.582,10.507000000000001,0.0008,0.002
18.03.2020 08:35:20.526 GMT-0500,10.582,10.508,0.0008,0.002
18.03.2020 08:35:21.920 GMT-0500,10.583,10.517000000000001,0.002,0.002
18.03.2020 08:35:22.259 GMT-0500,10.582,10.517999999999999,0.0008,0.0008
18.03.2020 08:35:22.526 GMT-0500,10.583,10.517000000000001,0.0008,0.001
18.03.2020 08:35:22.576 GMT-0500,10.632000000000001,10.588,0.002,0.002
18.03.2020 08:35:22.676 GMT-0500,10.572000000000001,10.517000000000001,0.0008,0.002
18.03.2020 08:35:22.727 GMT-0500,10.552000000000001,10.508,0.0008,0.0008
18.03.2020 08:35:22.877 GMT-0500,10.533,10.477,0.002,0.002
18.03.2020 08:35:22.955 GMT-0500,10.533,10.477,0.0008,0.002
18.03.2020 08:35:23.005 GMT-0500,10.552000000000001,10.508,0.002,0.002
18.03.2020 08:35:23.267 GMT-0500,10.543,10.497,0.002,0.002
18.03.2020 08:35:23.317 GMT-0500,10.532,10.497,0.0008,0.002
18.03.2020 08:35:24.164 GMT-0500,10.538,10.508,0.0008,0.0008
18.03.2020 08:35:24.215 GMT-0500,10.612,10.508,0.002,0.002
18.03.2020 08:35:24.703 GMT-0500,10.592,10.507000000000001,0.0008,0.002
18.03.2020 08:35:27.078 GMT-0500,10.582,10.507000000000001,0.0008,0.0008
18.03.2020 08:35:27.128 GMT-0500,10.582,10.498,0.002,0.002
18.03.2020 08:35:27.744 GMT-0500,10.583,10.497,0.002,0.002
18.03.2020 08:35:28.266 GMT-0500,10.543,10.497,0.0008,0.002
18.03.2020 08:35:28.317 GMT-0500,10.552000000000001,10.497,0.0008,0.002
18.03.2020 08:35:28.460 GMT-0500,10.543,10.497,0.0008,0.002
18.03.2020 08:35:28.682 GMT-0500,10.542,10.498,0.002,0.0008
18.03.2020 08:35:28.732 GMT-0500,10.542,10.488,0.002,0.002
18.03.2020 08:35:28.782 GMT-0500,10.502,10.468,0.0008,0.0008
18.03.2020 08:35:28.832 GMT-0500,10.462000000000002,10.427999999999999,0.0008,0.0008
18.03.2020 08:35:29.048 GMT-0500,10.463,10.427000000000001,0.0008,0.002
18.03.2020 08:35:29.098 GMT-0500,10.493,10.447000000000001,0.002,0.002
18.03.2020 08:35:29.149 GMT-0500,10.522,10.468,0.0008,0.0008
18.03.2020 08:35:29.355 GMT-0500,10.522,10.448,0.002,0.002
18.03.2020 08:35:29.589 GMT-0500,10.523,10.407,0.002,0.002
18.03.2020 08:35:30.181 GMT-0500,10.523,10.417,0.002,0.0008
18.03.2020 08:35:30.282 GMT-0500,10.523,10.437000000000001,0.002,0.002
18.03.2020 08:35:31.204 GMT-0500,10.522,10.437000000000001,0.0008,0.002
18.03.2020 08:35:31.736 GMT-0500,10.483,10.437000000000001,0.0008,0.0008
18.03.2020 08:35:31.786 GMT-0500,10.483,10.417,0.002,0.002
18.03.2020 08:35:31.837 GMT-0500,10.472000000000001,10.418,0.002,0.002
18.03.2020 08:35:32.008 GMT-0500,10.472000000000001,10.448,0.0008,0.0008
18.03.2020 08:35:32.058 GMT-0500,10.502,10.448,0.0008,0.0008
18.03.2020 08:35:32.432 GMT-0500,10.503,10.467,0.0008,0.0008
18.03.2020 08:35:32.482 GMT-0500,10.523,10.467,0.002,0.002
18.03.2020 08:35:32.726 GMT-0500,10.503,10.467,0.002,0.002
18.03.2020 08:35:32.776 GMT-0500,10.522,10.467,0.0008,0.002
18.03.2020 08:35:33.072 GMT-0500,10.523,10.467,0.002,0.002
18.03.2020 08:35:33.429 GMT-0500,10.472999999999999,10.427000000000001,0.0008,0.002
18.03.2020 08:35:33.479 GMT-0500,10.472999999999999,10.427000000000001,0.002,0.002
18.03.2020 08:35:33.568 GMT-0500,10.472999999999999,10.427000000000001,0.0008,0.002
18.03.2020 08:35:33.619 GMT-0500,10.503,10.447000000000001,0.002,0.002
18.03.2020 08:35:33.869 GMT-0500,10.472999999999999,10.447000000000001,0.0008,0.0008
18.03.2020 08:35:33.919 GMT-0500,10.472999999999999,10.407,0.002,0.002
18.03.2020 08:35:34.934 GMT-0500,10.472999999999999,10.407,0.0008,0.002
18.03.2020 08:35:34.985 GMT-0500,10.522,10.447000000000001,0.0008,0.002
18.03.2020 08:35:36.430 GMT-0500,10.522,10.408,0.002,0.002
18.03.2020 08:35:36.631 GMT-0500,10.522,10.408,0.002,0.002
18.03.2020 08:35:36.681 GMT-0500,10.522,10.408,0.0008,0.0008
18.03.2020 08:35:36.813 GMT-0500,10.427999999999999,10.368,0.0008,0.002
18.03.2020 08:35:36.864 GMT-0500,10.413,10.377,0.002,0.002
18.03.2020 08:35:37.089 GMT-0500,10.412,10.377,0.0008,0.002
18.03.2020 08:35:37.361 GMT-0500,10.432,10.398,0.0008,0.0008
18.03.2020 08:35:37.411 GMT-0500,10.432,10.388,0.002,0.002
18.03.2020 08:35:37.932 GMT-0500,10.462000000000002,10.388,0.0008,0.0008
18.03.2020 08:35:38.159 GMT-0500,10.463,10.388,0.0008,0.0008
18.03.2020 08:35:38.210 GMT-0500,10.492,10.388,0.002,0.002
18.03.2020 08:35:38.456 GMT-0500,10.472000000000001,10.387,0.0008,0.002
18.03.2020 08:35:39.033 GMT-0500,10.492,10.388,0.002,0.002
18.03.2020 08:35:40.207 GMT-0500,10.492,10.468,0.0008,0.0008
18.03.2020 08:35:40.257 GMT-0500,10.532,10.468,0.002,0.002
18.03.2020 08:35:42.350 GMT-0500,10.522,10.468,0.0008,0.002
18.03.2020 08:35:43.577 GMT-0500,10.482000000000001,10.468,0.0008,0.0008
18.03.2020 08:35:43.627 GMT-0500,10.472000000000001,10.408,0.0008,0.0008
18.03.2020 08:35:44.153 GMT-0500,10.472999999999999,10.407,0.002,0.002
18.03.2020 08:35:44.254 GMT-0500,10.433,10.387,0.002,0.002
18.03.2020 08:35:44.304 GMT-0500,10.432,10.377,0.0008,0.002
18.03.2020 08:35:44.763 GMT-0500,10.423,10.377,0.0008,0.002
18.03.2020 08:35:45.704 GMT-0500,10.423,10.377,0.002,0.002
18.03.2020 08:35:45.806 GMT-0500,10.412,10.377,0.0008,0.002
18.03.2020 08:35:45.906 GMT-0500,10.422,10.377,0.0008,0.002
18.03.2020 08:35:46.009 GMT-0500,10.412,10.378,0.0008,0.002
18.03.2020 08:35:46.434 GMT-0500,10.422,10.378,0.002,0.002
18.03.2020 08:35:48.359 GMT-0500,10.423,10.377,0.002,0.002
18.03.2020 08:35:49.629 GMT-0500,10.422,10.378,0.0008,0.0008
18.03.2020 08:35:50.814 GMT-0500,10.422,10.378,0.0008,0.002
18.03.2020 08:35:50.865 GMT-0500,10.472000000000001,10.408,0.002,0.002
18.03.2020 08:35:50.921 GMT-0500,10.462000000000002,10.408,0.0008,0.002
18.03.2020 08:35:51.616 GMT-0500,10.462000000000002,10.427000000000001,0.0008,0.0008
18.03.2020 08:35:51.856 GMT-0500,10.462000000000002,10.427999999999999,0.0008,0.0008
18.03.2020 08:35:52.178 GMT-0500,10.452,10.408,0.002,0.002
18.03.2020 08:35:52.588 GMT-0500,10.452,10.378,0.0008,0.0008
18.03.2020 08:35:52.679 GMT-0500,10.433,10.397,0.0008,0.0008
18.03.2020 08:35:52.991 GMT-0500,10.432,10.398,0.0008,0.0008
18.03.2020 08:35:55.113 GMT-0500,10.433,10.397,0.002,0.002
18.03.2020 08:35:55.374 GMT-0500,10.402000000000001,10.395,0.0008,0.0008
18.03.2020 08:35:55.424 GMT-0500,10.412,10.347000000000001,0.0008,0.002
18.03.2020 08:35:55.977 GMT-0500,10.413,10.347000000000001,0.002,0.002
18.03.2020 08:35:56.320 GMT-0500,10.412,10.347000000000001,0.0008,0.002
18.03.2020 08:35:57.558 GMT-0500,10.412,10.378,0.002,0.002
18.03.2020 08:35:57.609 GMT-0500,10.412,10.347000000000001,0.0008,0.002
18.03.2020 08:36:00.790 GMT-0500,10.382000000000001,10.347999999999999,0.0008,0.002
18.03.2020 08:36:00.981 GMT-0500,10.413,10.357000000000001,0.002,0.002
18.03.2020 08:36:01.165 GMT-0500,10.412,10.357000000000001,0.0008,0.0008
18.03.2020 08:36:01.794 GMT-0500,10.412,10.357000000000001,0.0008,0.002
18.03.2020 08:36:01.989 GMT-0500,10.402000000000001,10.358,0.0008,0.002
18.03.2020 08:36:02.090 GMT-0500,10.392000000000001,10.357000000000001,0.0008,0.002
18.03.2020 08:36:02.619 GMT-0500,10.392999999999999,10.347000000000001,0.002,0.002
18.03.2020 08:36:04.867 GMT-0500,10.362,10.308,0.0008,0.002
18.03.2020 08:36:04.918 GMT-0500,10.362,10.308,0.0008,0.0008
18.03.2020 08:36:05.034 GMT-0500,10.363,10.307,0.002,0.002
18.03.2020 08:36:05.370 GMT-0500,10.392000000000001,10.338,0.002,0.002
18.03.2020 08:36:06.019 GMT-0500,10.392999999999999,10.367,0.0008,0.0008
18.03.2020 08:36:06.069 GMT-0500,10.413,10.367,0.002,0.002
18.03.2020 08:36:06.180 GMT-0500,10.392000000000001,10.368,0.0008,0.0008
18.03.2020 08:36:06.302 GMT-0500,10.392000000000001,10.338,0.0008,0.002
18.03.2020 08:36:06.352 GMT-0500,10.392000000000001,10.338,0.0008,0.0008
18.03.2020 08:36:06.402 GMT-0500,10.392000000000001,10.367,0.0008,0.002
18.03.2020 08:36:06.863 GMT-0500,10.392999999999999,10.367,0.0008,0.0008
18.03.2020 08:36:06.913 GMT-0500,10.412,10.337000000000002,0.0008,0.002
18.03.2020 08:36:06.985 GMT-0500,10.382000000000001,10.338,0.0008,0.002
18.03.2020 08:36:07.227 GMT-0500,10.383,10.337000000000002,0.002,0.002
18.03.2020 08:36:07.498 GMT-0500,10.382000000000001,10.337000000000002,0.0008,0.002
18.03.2020 08:36:07.681 GMT-0500,10.383,10.337000000000002,0.002,0.002
18.03.2020 08:36:07.868 GMT-0500,10.352,10.308,0.0008,0.0008
18.03.2020 08:36:07.972 GMT-0500,10.382000000000001,10.307,0.0008,0.002
18.03.2020 08:36:09.660 GMT-0500,10.343,10.298,0.0008,0.0008
18.03.2020 08:36:09.917 GMT-0500,10.342,10.298,0.0008,0.0008
18.03.2020 08:36:10.699 GMT-0500,10.362,10.327,0.0008,0.002
18.03.2020 08:36:10.749 GMT-0500,10.362,10.318,0.002,0.002
18.03.2020 08:36:12.511 GMT-0500,10.353,10.318,0.0008,0.0008
18.03.2020 08:36:12.562 GMT-0500,10.363,10.317,0.002,0.002
18.03.2020 08:36:12.706 GMT-0500,10.382000000000001,10.338,0.002,0.002
18.03.2020 08:36:12.757 GMT-0500,10.382000000000001,10.318,0.002,0.002
18.03.2020 08:36:12.807 GMT-0500,10.363,10.317,0.002,0.002
18.03.2020 08:36:12.909 GMT-0500,10.352,10.318,0.002,0.002
18.03.2020 08:36:14.060 GMT-0500,10.342,10.298,0.0008,0.002
18.03.2020 08:36:14.111 GMT-0500,10.323,10.297,0.002,0.002
18.03.2020 08:36:14.161 GMT-0500,10.322000000000001,10.307,0.0008,0.002
18.03.2020 08:36:14.211 GMT-0500,10.322000000000001,10.298,0.0008,0.0008
18.03.2020 08:36:14.379 GMT-0500,10.322000000000001,10.298,0.0008,0.002
18.03.2020 08:36:14.573 GMT-0500,10.322000000000001,10.308,0.0008,0.0008
18.03.2020 08:36:14.623 GMT-0500,10.332,10.297,0.0008,0.002
18.03.2020 08:36:14.713 GMT-0500,10.332,10.317,0.0008,0.0008
18.03.2020 08:36:14.763 GMT-0500,10.342,10.308,0.002,0.002
18.03.2020 08:36:14.971 GMT-0500,10.343,10.307,0.002,0.002
18.03.2020 08:36:15.121 GMT-0500,10.363,10.307,0.002,0.002
18.03.2020 08:36:16.117 GMT-0500,10.363,10.327,0.002,0.002
18.03.2020 08:36:16.168 GMT-0500,10.382000000000001,10.337000000000002,0.0008,0.002
18.03.2020 08:36:16.230 GMT-0500,10.352,10.337000000000002,0.0008,0.0008
18.03.2020 08:36:16.280 GMT-0500,10.352,10.327,0.0008,0.002
18.03.2020 08:36:16.625 GMT-0500,10.342,10.328,0.0008,0.002
18.03.2020 08:36:16.676 GMT-0500,10.352,10.327,0.0008,0.002
18.03.2020 08:36:16.907 GMT-0500,10.343,10.307,0.002,0.002
18.03.2020 08:36:17.101 GMT-0500,10.343,10.308,0.0008,0.0008
18.03.2020 08:36:17.271 GMT-0500,10.342,10.308,0.0008,0.0008
18.03.2020 08:36:17.419 GMT-0500,10.343,10.307,0.002,0.002
18.03.2020 08:36:18.231 GMT-0500,10.343,10.338,0.0008,0.0008
18.03.2020 08:36:18.281 GMT-0500,10.382000000000001,10.307,0.0008,0.002
18.03.2020 08:36:18.331 GMT-0500,10.352,10.328,0.0008,0.0008
18.03.2020 08:36:19.637 GMT-0500,10.382000000000001,10.318,0.0008,0.0008
18.03.2020 08:36:19.883 GMT-0500,10.343,10.318,0.0008,0.0008
18.03.2020 08:36:20.061 GMT-0500,10.342,10.318,0.0008,0.0008
18.03.2020 08:36:20.112 GMT-0500,10.342,10.308,0.0008,0.0008
18.03.2020 08:36:22.667 GMT-0500,10.342,10.297,0.0008,0.002
18.03.2020 08:36:23.458 GMT-0500,10.343,10.297,0.002,0.002
18.03.2020 08:36:23.654 GMT-0500,10.342,10.308,0.0008,0.0008
18.03.2020 08:36:23.705 GMT-0500,10.382000000000001,10.308,0.0008,0.0008
18.03.2020 08:36:23.826 GMT-0500,10.352,10.308,0.0008,0.002
18.03.2020 08:36:24.287 GMT-0500,10.343,10.307,0.0008,0.002
18.03.2020 08:36:25.585 GMT-0500,10.382000000000001,10.308,0.0008,0.0008
18.03.2020 08:36:25.871 GMT-0500,10.353,10.307,0.002,0.002
18.03.2020 08:36:26.185 GMT-0500,10.353,10.307,0.002,0.002
18.03.2020 08:36:26.236 GMT-0500,10.352,10.307,0.0008,0.002
18.03.2020 08:36:26.286 GMT-0500,10.343,10.307,0.002,0.002
18.03.2020 08:36:26.451 GMT-0500,10.323,10.307,0.002,0.002
18.03.2020 08:36:26.551 GMT-0500,10.342,10.308,0.0008,0.0008
18.03.2020 08:36:26.915 GMT-0500,10.342,10.308,0.0008,0.002
18.03.2020 08:36:26.965 GMT-0500,10.362,10.318,0.0008,0.0008
18.03.2020 08:36:27.037 GMT-0500,10.352,10.318,0.0008,0.0008
18.03.2020 08:36:27.283 GMT-0500,10.363,10.317,0.002,0.002
18.03.2020 08:36:28.000 GMT-0500,10.342,10.318,0.0008,0.0008
18.03.2020 08:36:28.250 GMT-0500,10.342,10.308,0.0008,0.002
18.03.2020 08:36:28.301 GMT-0500,10.342,10.308,0.0008,0.0008
18.03.2020 08:36:28.498 GMT-0500,10.332,10.308,0.0008,0.0008
18.03.2020 08:36:28.548 GMT-0500,10.332,10.298,0.002,0.002
18.03.2020 08:36:28.668 GMT-0500,10.322000000000001,10.297,0.0008,0.002
18.03.2020 08:36:29.112 GMT-0500,10.322000000000001,10.297,0.0008,0.002
18.03.2020 08:36:29.222 GMT-0500,10.342,10.308,0.0008,0.0008
18.03.2020 08:36:34.845 GMT-0500,10.323,10.308,0.0008,0.0008
18.03.2020 08:36:34.895 GMT-0500,10.323,10.297,0.002,0.002
18.03.2020 08:36:35.060 GMT-0500,10.312000000000001,10.298,0.002,0.002
18.03.2020 08:36:35.199 GMT-0500,10.313,10.267000000000001,0.002,0.002
18.03.2020 08:36:35.351 GMT-0500,10.313,10.267000000000001,0.002,0.002
18.03.2020 08:36:35.401 GMT-0500,10.312000000000001,10.267999999999999,0.0008,0.0008
18.03.2020 08:36:35.528 GMT-0500,10.323,10.267000000000001,0.002,0.002
18.03.2020 08:36:35.817 GMT-0500,10.343,10.307,0.002,0.002
18.03.2020 08:36:37.335 GMT-0500,10.343,10.307,0.0008,0.002
18.03.2020 08:36:37.385 GMT-0500,10.362,10.317,0.0008,0.002
18.03.2020 08:36:37.452 GMT-0500,10.343,10.317,0.002,0.002
18.03.2020 08:36:37.721 GMT-0500,10.362,10.317,0.0008,0.002
18.03.2020 08:36:37.771 GMT-0500,10.373,10.337000000000002,0.002,0.002
18.03.2020 08:36:37.894 GMT-0500,10.352,10.328,0.0008,0.0008
18.03.2020 08:36:37.945 GMT-0500,10.373,10.327,0.002,0.002
18.03.2020 08:36:38.392 GMT-0500,10.363,10.327,0.0008,0.002
18.03.2020 08:36:39.778 GMT-0500,10.363,10.327,0.0008,0.002
18.03.2020 08:36:39.828 GMT-0500,10.382000000000001,10.347999999999999,0.002,0.002
18.03.2020 08:36:39.879 GMT-0500,10.382000000000001,10.337000000000002,0.0008,0.002
18.03.2020 08:36:43.544 GMT-0500,10.343,10.337000000000002,0.0008,0.0008
18.03.2020 08:36:43.594 GMT-0500,10.342,10.307,0.0008,0.002
18.03.2020 08:36:43.648 GMT-0500,10.332,10.307,0.0008,0.002
18.03.2020 08:36:43.718 GMT-0500,10.343,10.307,0.002,0.002
18.03.2020 08:36:43.942 GMT-0500,10.342,10.308,0.0008,0.0008
18.03.2020 08:36:45.753 GMT-0500,10.343,10.307,0.0008,0.002
18.03.2020 08:36:46.383 GMT-0500,10.382000000000001,10.338,0.002,0.0008
18.03.2020 08:36:49.999 GMT-0500,10.383,10.377,0.0008,0.0008
18.03.2020 08:36:50.050 GMT-0500,10.432,10.377,0.0008,0.002
18.03.2020 08:36:50.194 GMT-0500,10.432,10.347000000000001,0.0008,0.002
18.03.2020 08:36:51.526 GMT-0500,10.433,10.347000000000001,0.002,0.002
18.03.2020 08:36:51.627 GMT-0500,10.402000000000001,10.307,0.0008,0.002
18.03.2020 08:36:52.581 GMT-0500,10.402000000000001,10.307,0.0008,0.002
18.03.2020 08:36:54.060 GMT-0500,10.403,10.327,0.002,0.002
18.03.2020 08:36:54.183 GMT-0500,10.402000000000001,10.317,0.0008,0.002
18.03.2020 08:36:55.685 GMT-0500,10.402000000000001,10.327,0.0008,0.0008
18.03.2020 08:36:55.865 GMT-0500,10.402000000000001,10.358,0.002,0.002
18.03.2020 08:36:56.270 GMT-0500,10.403,10.317,0.002,0.002
18.03.2020 08:36:56.320 GMT-0500,10.402000000000001,10.327,0.0008,0.002
18.03.2020 08:36:56.502 GMT-0500,10.403,10.327,0.002,0.0008
18.03.2020 08:36:56.552 GMT-0500,10.403,10.317,0.002,0.002
18.03.2020 08:36:56.941 GMT-0500,10.403,10.357000000000001,0.0008,0.0008
18.03.2020 08:36:56.991 GMT-0500,10.422,10.357000000000001,0.0008,0.002
18.03.2020 08:36:57.148 GMT-0500,10.432,10.357000000000001,0.0008,0.002
18.03.2020 08:36:57.203 GMT-0500,10.392000000000001,10.318,0.0008,0.002
18.03.2020 08:36:57.253 GMT-0500,10.392000000000001,10.318,0.002,0.002
18.03.2020 08:36:57.457 GMT-0500,10.392000000000001,10.318,0.002,0.002
18.03.2020 08:36:57.557 GMT-0500,10.392000000000001,10.317,0.0008,0.002
18.03.2020 08:36:57.668 GMT-0500,10.433,10.357000000000001,0.002,0.002
18.03.2020 08:36:57.831 GMT-0500,10.433,10.358,0.0008,0.0008
18.03.2020 08:36:58.170 GMT-0500,10.462000000000002,10.358,0.0008,0.002
18.03.2020 08:36:58.377 GMT-0500,10.472999999999999,10.357000000000001,0.002,0.002
18.03.2020 08:36:59.791 GMT-0500,10.472000000000001,10.388,0.0008,0.0008
18.03.2020 08:37:00.879 GMT-0500,10.452,10.388,0.0008,0.0008
18.03.2020 08:37:00.929 GMT-0500,10.452,10.357000000000001,0.0008,0.002
18.03.2020 08:37:01.745 GMT-0500,10.453,10.357000000000001,0.0008,0.002
18.03.2020 08:37:01.796 GMT-0500,10.472999999999999,10.357000000000001,0.002,0.002
18.03.2020 08:37:01.846 GMT-0500,10.472000000000001,10.368,0.0008,0.0008
18.03.2020 08:37:01.959 GMT-0500,10.472000000000001,10.358,0.0008,0.0008
18.03.2020 08:37:02.009 GMT-0500,10.472000000000001,10.398,0.0008,0.0008
18.03.2020 08:37:02.114 GMT-0500,10.513,10.397,0.002,0.002
18.03.2020 08:37:02.248 GMT-0500,10.492,10.397,0.0008,0.002
18.03.2020 08:37:02.349 GMT-0500,10.502,10.448,0.002,0.002
18.03.2020 08:37:02.549 GMT-0500,10.532,10.448,0.002,0.002
18.03.2020 08:37:02.637 GMT-0500,10.503,10.448,0.0008,0.0008
18.03.2020 08:37:02.687 GMT-0500,10.532,10.398,0.002,0.002
18.03.2020 08:37:02.737 GMT-0500,10.532,10.418,0.0008,0.0008
18.03.2020 08:37:03.279 GMT-0500,10.552000000000001,10.417,0.0008,0.002
18.03.2020 08:37:03.334 GMT-0500,10.552999999999999,10.417,0.002,0.002
18.03.2020 08:37:03.385 GMT-0500,10.573,10.437000000000001,0.002,0.002
18.03.2020 08:37:03.685 GMT-0500,10.573,10.437000000000001,0.002,0.002
18.03.2020 08:37:05.920 GMT-0500,10.572000000000001,10.458,0.002,0.002
18.03.2020 08:37:06.562 GMT-0500,10.502,10.458,0.0008,0.002
18.03.2020 08:37:07.045 GMT-0500,10.493,10.427000000000001,0.002,0.002
18.03.2020 08:37:07.550 GMT-0500,10.492,10.427000000000001,0.0008,0.0008
18.03.2020 08:37:07.601 GMT-0500,10.492,10.417,0.0008,0.002
18.03.2020 08:37:07.708 GMT-0500,10.493,10.417,0.0008,0.002
18.03.2020 08:37:07.759 GMT-0500,10.483,10.407,0.002,0.002
18.03.2020 08:37:08.116 GMT-0500,10.482000000000001,10.398,0.0008,0.0008
18.03.2020 08:37:08.335 GMT-0500,10.503,10.397,0.002,0.002
18.03.2020 08:37:08.452 GMT-0500,10.513,10.397,0.002,0.002
18.03.2020 08:37:08.693 GMT-0500,10.472999999999999,10.397,0.0008,0.002
18.03.2020 08:37:08.793 GMT-0500,10.472000000000001,10.388,0.002,0.002
18.03.2020 08:37:09.636 GMT-0500,10.452,10.367,0.0008,0.002
18.03.2020 08:37:10.088 GMT-0500,10.452,10.367,0.0008,0.0008
18.03.2020 08:37:10.138 GMT-0500,10.452,10.358,0.002,0.002
18.03.2020 08:37:10.544 GMT-0500,10.452,10.358,0.0008,0.002
18.03.2020 08:37:10.644 GMT-0500,10.453,10.397,0.002,0.002
18.03.2020 08:37:11.226 GMT-0500,10.452,10.378,0.0008,0.0008
18.03.2020 08:37:12.923 GMT-0500,10.482000000000001,10.377,0.0008,0.002
18.03.2020 08:37:15.235 GMT-0500,10.483,10.377,0.0008,0.002
18.03.2020 08:37:15.335 GMT-0500,10.532,10.407,0.0008,0.002
18.03.2020 08:37:15.761 GMT-0500,10.503,10.407,0.002,0.002
18.03.2020 08:37:16.318 GMT-0500,10.533,10.407,0.002,0.002
18.03.2020 08:37:16.652 GMT-0500,10.493,10.387,0.0008,0.002
18.03.2020 08:37:16.703 GMT-0500,10.492,10.387,0.0008,0.002
18.03.2020 08:37:17.505 GMT-0500,10.462000000000002,10.378,0.0008,0.002
18.03.2020 08:37:17.556 GMT-0500,10.442,10.358,0.002,0.002
18.03.2020 08:37:18.749 GMT-0500,10.423,10.358,0.0008,0.0008
18.03.2020 08:37:19.165 GMT-0500,10.423,10.357000000000001,0.002,0.0008
18.03.2020 08:37:19.216 GMT-0500,10.422,10.347999999999999,0.0008,0.0008
18.03.2020 08:37:19.452 GMT-0500,10.402000000000001,10.347999999999999,0.0008,0.002
18.03.2020 08:37:19.505 GMT-0500,10.422,10.347999999999999,0.002,0.002
18.03.2020 08:37:19.586 GMT-0500,10.422,10.347999999999999,0.0008,0.002
18.03.2020 08:37:20.584 GMT-0500,10.402000000000001,10.347999999999999,0.0008,0.002
18.03.2020 08:37:20.634 GMT-0500,10.402000000000001,10.347999999999999,0.002,0.002
18.03.2020 08:37:25.586 GMT-0500,10.402000000000001,10.347999999999999,0.0008,0.002
18.03.2020 08:37:25.916 GMT-0500,10.403,10.357000000000001,0.002,0.002
18.03.2020 08:37:26.017 GMT-0500,10.402000000000001,10.347999999999999,0.002,0.002
18.03.2020 08:37:26.446 GMT-0500,10.402000000000001,10.347999999999999,0.0008,0.002
18.03.2020 08:37:27.305 GMT-0500,10.402000000000001,10.347999999999999,0.0008,0.0008
18.03.2020 08:37:27.777 GMT-0500,10.403,10.357000000000001,0.002,0.002
18.03.2020 08:37:28.029 GMT-0500,10.382000000000001,10.347999999999999,0.0008,0.002
18.03.2020 08:37:28.129 GMT-0500,10.402000000000001,10.347999999999999,0.0008,0.0008
18.03.2020 08:37:33.738 GMT-0500,10.402000000000001,10.347999999999999,0.002,0.002
18.03.2020 08:37:35.168 GMT-0500,10.422,10.357000000000001,0.0008,0.002
18.03.2020 08:37:36.504 GMT-0500,10.423,10.357000000000001,0.002,0.002
18.03.2020 08:37:36.980 GMT-0500,10.422,10.378,0.0008,0.0008
18.03.2020 08:37:37.031 GMT-0500,10.422,10.358,0.0008,0.0008
18.03.2020 08:37:37.414 GMT-0500,10.422,10.358,0.0008,0.002
18.03.2020 08:37:38.212 GMT-0500,10.422,10.368,0.0008,0.002
18.03.2020 08:37:38.262 GMT-0500,10.493,10.397,0.002,0.002
18.03.2020 08:37:39.024 GMT-0500,10.453,10.397,0.0008,0.002
18.03.2020 08:37:39.540 GMT-0500,10.492,10.398,0.0008,0.0008
18.03.2020 08:37:39.998 GMT-0500,10.492,10.398,0.002,0.002
18.03.2020 08:37:40.048 GMT-0500,10.512,10.397,0.0008,0.002
18.03.2020 08:37:40.458 GMT-0500,10.503,10.397,0.0008,0.002
18.03.2020 08:37:40.508 GMT-0500,10.512,10.398,0.002,0.002
18.03.2020 08:37:40.873 GMT-0500,10.493,10.397,0.0008,0.002
18.03.2020 08:37:41.277 GMT-0500,10.483,10.397,0.0008,0.002
18.03.2020 08:37:41.544 GMT-0500,10.512,10.397,0.0008,0.002
18.03.2020 08:37:42.791 GMT-0500,10.452,10.397,0.0008,0.002
18.03.2020 08:37:43.123 GMT-0500,10.492,10.457,0.0008,0.002
18.03.2020 08:37:43.227 GMT-0500,10.493,10.457,0.002,0.0008
18.03.2020 08:37:43.278 GMT-0500,10.492,10.438,0.0008,0.0008
18.03.2020 08:37:43.328 GMT-0500,10.472000000000001,10.427000000000001,0.0008,0.002
18.03.2020 08:37:43.378 GMT-0500,10.493,10.427000000000001,0.002,0.002
18.03.2020 08:37:45.662 GMT-0500,10.472000000000001,10.427000000000001,0.0008,0.002
18.03.2020 08:37:46.871 GMT-0500,10.472999999999999,10.427000000000001,0.002,0.0008
18.03.2020 08:37:46.921 GMT-0500,10.472999999999999,10.397,0.002,0.002
18.03.2020 08:37:46.971 GMT-0500,10.472000000000001,10.418,0.0008,0.0008
18.03.2020 08:37:49.056 GMT-0500,10.472000000000001,10.418,0.0008,0.002
18.03.2020 08:37:49.107 GMT-0500,10.492,10.438,0.0008,0.0008
18.03.2020 08:37:49.157 GMT-0500,10.482000000000001,10.437000000000001,0.0008,0.002
18.03.2020 08:37:49.680 GMT-0500,10.462000000000002,10.438,0.0008,0.0008
18.03.2020 08:37:49.730 GMT-0500,10.462000000000002,10.398,0.0008,0.0008
18.03.2020 08:37:50.248 GMT-0500,10.432,10.398,0.002,0.002
18.03.2020 08:37:50.432 GMT-0500,10.433,10.377,0.002,0.002
18.03.2020 08:37:50.577 GMT-0500,10.433,10.377,0.002,0.002
18.03.2020 08:37:50.928 GMT-0500,10.423,10.388,0.0008,0.0008
18.03.2020 08:37:51.895 GMT-0500,10.432,10.387,0.0008,0.002
18.03.2020 08:37:53.883 GMT-0500,10.423,10.388,0.0008,0.0008
18.03.2020 08:37:55.011 GMT-0500,10.422,10.388,0.0008,0.002
18.03.2020 08:37:55.061 GMT-0500,10.432,10.397,0.0008,0.002
18.03.2020 08:37:56.056 GMT-0500,10.432,10.397,0.0008,0.002
18.03.2020 08:37:56.840 GMT-0500,10.423,10.407,0.0008,0.0008
18.03.2020 08:37:57.515 GMT-0500,10.422,10.408,0.0008,0.002
18.03.2020 08:37:57.566 GMT-0500,10.432,10.408,0.002,0.002
18.03.2020 08:37:59.187 GMT-0500,10.432,10.408,0.002,0.002
18.03.2020 08:38:00.231 GMT-0500,10.432,10.408,0.002,0.002
18.03.2020 08:38:00.281 GMT-0500,10.433,10.417,0.002,0.002
18.03.2020 08:38:00.432 GMT-0500,10.433,10.427999999999999,0.0008,0.0008
18.03.2020 08:38:00.483 GMT-0500,10.452,10.427000000000001,0.0008,0.002
18.03.2020 08:38:01.277 GMT-0500,10.443,10.427000000000001,0.0008,0.0008
18.03.2020 08:38:01.327 GMT-0500,10.442,10.418,0.0008,0.0008
18.03.2020 08:38:02.022 GMT-0500,10.443,10.417,0.002,0.002
18.03.2020 08:38:04.590 GMT-0500,10.443,10.417,0.0008,0.002
18.03.2020 08:38:04.640 GMT-0500,10.452,10.427000000000001,0.0008,0.002
18.03.2020 08:38:04.786 GMT-0500,10.443,10.427000000000001,0.0008,0.002
18.03.2020 08:38:05.200 GMT-0500,10.442,10.427999999999999,0.0008,0.0008
18.03.2020 08:38:05.250 GMT-0500,10.452,10.427999999999999,0.0008,0.0008
18.03.2020 08:38:05.514 GMT-0500,10.442,10.427999999999999,0.0008,0.0008
18.03.2020 08:38:05.565 GMT-0500,10.442,10.377,0.0008,0.002
18.03.2020 08:38:05.664 GMT-0500,10.403,10.377,0.0008,0.002
18.03.2020 08:38:06.105 GMT-0500,10.392999999999999,10.367,0.0008,0.002
18.03.2020 08:38:06.155 GMT-0500,10.402000000000001,10.367,0.0008,0.002
18.03.2020 08:38:06.206 GMT-0500,10.392000000000001,10.367,0.0008,0.002
18.03.2020 08:38:06.748 GMT-0500,10.392999999999999,10.367,0.002,0.002
18.03.2020 08:38:06.850 GMT-0500,10.383,10.357000000000001,0.002,0.002
18.03.2020 08:38:06.901 GMT-0500,10.382000000000001,10.337000000000002,0.0008,0.002
18.03.2020 08:38:06.951 GMT-0500,10.372,10.337000000000002,0.0008,0.002
18.03.2020 08:38:07.056 GMT-0500,10.383,10.337000000000002,0.002,0.002
18.03.2020 08:38:07.471 GMT-0500,10.383,10.337000000000002,0.0008,0.002
18.03.2020 08:38:07.521 GMT-0500,10.382000000000001,10.338,0.0008,0.0008
18.03.2020 08:38:07.572 GMT-0500,10.382000000000001,10.357000000000001,0.0008,0.002
18.03.2020 08:38:07.747 GMT-0500,10.383,10.357000000000001,0.002,0.002
18.03.2020 08:38:08.023 GMT-0500,10.382000000000001,10.338,0.0008,0.0008
18.03.2020 08:38:08.108 GMT-0500,10.362,10.337000000000002,0.0008,0.002
18.03.2020 08:38:08.603 GMT-0500,10.383,10.347000000000001,0.002,0.002
18.03.2020 08:38:08.932 GMT-0500,10.383,10.337000000000002,0.002,0.002
18.03.2020 08:38:09.663 GMT-0500,10.382000000000001,10.338,0.0008,0.002
18.03.2020 08:38:09.713 GMT-0500,10.382000000000001,10.337000000000002,0.0008,0.002
18.03.2020 08:38:09.818 GMT-0500,10.383,10.337000000000002,0.002,0.002
18.03.2020 08:38:10.073 GMT-0500,10.383,10.337000000000002,0.002,0.002
18.03.2020 08:38:10.778 GMT-0500,10.382000000000001,10.347000000000001,0.0008,0.0008
18.03.2020 08:38:10.828 GMT-0500,10.382000000000001,10.327,0.0008,0.002
18.03.2020 08:38:11.984 GMT-0500,10.383,10.327,0.002,0.002
18.03.2020 08:38:12.152 GMT-0500,10.382000000000001,10.347000000000001,0.0008,0.0008
18.03.2020 08:38:12.202 GMT-0500,10.382000000000001,10.328,0.002,0.002
18.03.2020 08:38:13.370 GMT-0500,10.382000000000001,10.328,0.0008,0.002
18.03.2020 08:38:14.026 GMT-0500,10.372,10.347999999999999,0.0008,0.0008
18.03.2020 08:38:14.076 GMT-0500,10.382000000000001,10.347999999999999,0.0008,0.0008
18.03.2020 08:38:15.153 GMT-0500,10.383,10.367,0.002,0.002
18.03.2020 08:38:15.280 GMT-0500,10.422,10.347000000000001,0.0008,0.002
18.03.2020 08:38:15.448 GMT-0500,10.423,10.327,0.002,0.002
18.03.2020 08:38:15.731 GMT-0500,10.422,10.338,0.0008,0.0008
18.03.2020 08:38:15.798 GMT-0500,10.422,10.347999999999999,0.0008,0.0008
18.03.2020 08:38:17.179 GMT-0500,10.392000000000001,10.347999999999999,0.0008,0.002
18.03.2020 08:38:17.229 GMT-0500,10.423,10.367,0.002,0.002
18.03.2020 08:38:25.067 GMT-0500,10.423,10.367,0.002,0.002
18.03.2020 08:38:26.822 GMT-0500,10.402000000000001,10.347999999999999,0.0008,0.0008
18.03.2020 08:38:26.937 GMT-0500,10.403,10.347000000000001,0.002,0.002
18.03.2020 08:38:27.419 GMT-0500,10.402000000000001,10.347999999999999,0.0008,0.0008
18.03.2020 08:38:27.470 GMT-0500,10.402000000000001,10.358,0.002,0.002
18.03.2020 08:38:28.240 GMT-0500,10.392000000000001,10.358,0.0008,0.0008
18.03.2020 08:38:28.291 GMT-0500,10.383,10.327,0.002,0.002
18.03.2020 08:38:29.598 GMT-0500,10.372,10.327,0.0008,0.002
18.03.2020 08:38:29.649 GMT-0500,10.353,10.257000000000001,0.002,0.002
18.03.2020 08:38:29.699 GMT-0500,10.382000000000001,10.347999999999999,0.0008,0.0008
18.03.2020 08:38:30.073 GMT-0500,10.352,10.277000000000001,0.0008,0.002
18.03.2020 08:38:30.124 GMT-0500,10.382000000000001,10.338,0.0008,0.0008
18.03.2020 08:38:30.174 GMT-0500,10.382000000000001,10.318,0.002,0.002
18.03.2020 08:38:30.224 GMT-0500,10.383,10.357000000000001,0.002,0.002
18.03.2020 08:38:30.575 GMT-0500,10.383,10.357000000000001,0.0008,0.002
18.03.2020 08:38:30.626 GMT-0500,10.403,10.357000000000001,0.002,0.002
18.03.2020 08:38:30.683 GMT-0500,10.403,10.377,0.0008,0.0008
18.03.2020 08:38:30.733 GMT-0500,10.422,10.358,0.0008,0.0008
18.03.2020 08:38:31.004 GMT-0500,10.413,10.358,0.0008,0.0008
18.03.2020 08:38:31.257 GMT-0500,10.403,10.358,0.0008,0.0008
18.03.2020 08:38:31.619 GMT-0500,10.403,10.357000000000001,0.0008,0.002
18.03.2020 08:38:31.669 GMT-0500,10.422,10.378,0.0008,0.0008
18.03.2020 08:38:31.740 GMT-0500,10.413,10.378,0.0008,0.0008
18.03.2020 08:38:31.841 GMT-0500,10.402000000000001,10.358,0.002,0.002
18.03.2020 08:38:31.891 GMT-0500,10.403,10.367,0.002,0.002
18.03.2020 08:38:32.044 GMT-0500,10.392999999999999,10.357000000000001,0.0008,0.002
18.03.2020 08:38:32.094 GMT-0500,10.403,10.357000000000001,0.002,0.002
18.03.2020 08:38:32.799 GMT-0500,10.402000000000001,10.358,0.002,0.002
18.03.2020 08:38:33.397 GMT-0500,10.422,10.388,0.0008,0.0008
18.03.2020 08:38:33.506 GMT-0500,10.422,10.357000000000001,0.0008,0.002
18.03.2020 08:38:34.462 GMT-0500,10.403,10.357000000000001,0.0008,0.002
18.03.2020 08:38:34.973 GMT-0500,10.402000000000001,10.357000000000001,0.0008,0.002
18.03.2020 08:38:36.042 GMT-0500,10.422,10.358,0.002,0.002
18.03.2020 08:38:36.707 GMT-0500,10.453,10.357000000000001,0.002,0.002
18.03.2020 08:38:38.171 GMT-0500,10.372,10.338,0.0008,0.0008
18.03.2020 08:38:38.222 GMT-0500,10.332,10.298,0.0008,0.0008
18.03.2020 08:38:38.515 GMT-0500,10.332,10.298,0.0008,0.002
18.03.2020 08:38:38.641 GMT-0500,10.333,10.317,0.002,0.002
18.03.2020 08:38:38.791 GMT-0500,10.332,10.317,0.0008,0.002
18.03.2020 08:38:39.254 GMT-0500,10.335,10.318,0.0008,0.002
18.03.2020 08:38:39.304 GMT-0500,10.362,10.328,0.002,0.002
18.03.2020 08:38:42.503 GMT-0500,10.343,10.328,0.0008,0.0008
18.03.2020 08:38:42.553 GMT-0500,10.342,10.318,0.0008,0.0008
18.03.2020 08:38:43.176 GMT-0500,10.343,10.317,0.0008,0.002
18.03.2020 08:38:43.226 GMT-0500,10.362,10.327,0.0008,0.002
18.03.2020 08:38:43.629 GMT-0500,10.362,10.338,0.002,0.0008
18.03.2020 08:38:43.682 GMT-0500,10.382000000000001,10.347999999999999,0.0008,0.0008
18.03.2020 08:38:43.732 GMT-0500,10.372,10.347999999999999,0.0008,0.0008
18.03.2020 08:38:44.016 GMT-0500,10.378,10.347999999999999,0.0008,0.002
18.03.2020 08:38:44.066 GMT-0500,10.423,10.367,0.002,0.002
18.03.2020 08:38:44.598 GMT-0500,10.392999999999999,10.367,0.0008,0.002
18.03.2020 08:38:44.997 GMT-0500,10.383,10.367,0.0008,0.0008
18.03.2020 08:38:45.047 GMT-0500,10.382000000000001,10.358,0.0008,0.0008
18.03.2020 08:38:45.098 GMT-0500,10.322000000000001,10.297,0.0008,0.002
18.03.2020 08:38:45.148 GMT-0500,10.332,10.297,0.0008,0.002
18.03.2020 08:38:45.346 GMT-0500,10.342,10.298,0.0008,0.002
18.03.2020 08:38:45.397 GMT-0500,10.342,10.298,0.002,0.002
18.03.2020 08:38:45.538 GMT-0500,10.383,10.297,0.002,0.002
18.03.2020 08:38:45.747 GMT-0500,10.382000000000001,10.297,0.0008,0.002
18.03.2020 08:38:46.278 GMT-0500,10.382000000000001,10.307,0.0008,0.0008
18.03.2020 08:38:46.840 GMT-0500,10.382000000000001,10.308,0.002,0.002
18.03.2020 08:38:47.628 GMT-0500,10.383,10.307,0.002,0.002
18.03.2020 08:38:49.774 GMT-0500,10.382000000000001,10.308,0.0008,0.0008
18.03.2020 08:38:50.005 GMT-0500,10.382000000000001,10.308,0.0008,0.002
18.03.2020 08:38:50.055 GMT-0500,10.402000000000001,10.368,0.002,0.002
18.03.2020 08:38:50.280 GMT-0500,10.402000000000001,10.318,0.002,0.002
18.03.2020 08:38:51.240 GMT-0500,10.392999999999999,10.317,0.0008,0.002
18.03.2020 08:38:52.441 GMT-0500,10.403,10.317,0.002,0.002
18.03.2020 08:38:53.019 GMT-0500,10.402000000000001,10.317,0.0008,0.002
18.03.2020 08:38:53.615 GMT-0500,10.402000000000001,10.338,0.0008,0.002
18.03.2020 08:38:53.666 GMT-0500,10.422,10.367,0.0008,0.002
18.03.2020 08:38:53.922 GMT-0500,10.423,10.367,0.0008,0.002
18.03.2020 08:38:53.973 GMT-0500,10.452,10.407,0.0008,0.002
18.03.2020 08:38:54.142 GMT-0500,10.472000000000001,10.368,0.0008,0.0008
18.03.2020 08:38:56.374 GMT-0500,10.442,10.367,0.0008,0.002
18.03.2020 08:38:56.754 GMT-0500,10.443,10.367,0.0008,0.002
18.03.2020 08:38:56.804 GMT-0500,10.452,10.368,0.002,0.002
18.03.2020 08:38:56.955 GMT-0500,10.442,10.368,0.0008,0.002
18.03.2020 08:38:57.465 GMT-0500,10.443,10.367,0.002,0.002
18.03.2020 08:38:58.981 GMT-0500,10.442,10.367,0.0008,0.002
18.03.2020 08:39:03.022 GMT-0500,10.443,10.367,0.0008,0.002
18.03.2020 08:39:03.073 GMT-0500,10.452,10.388,0.0008,0.0008
18.03.2020 08:39:03.484 GMT-0500,10.442,10.388,0.0008,0.002
18.03.2020 08:39:03.704 GMT-0500,10.452,10.388,0.002,0.002
18.03.2020 08:39:04.297 GMT-0500,10.432,10.388,0.0008,0.002
18.03.2020 08:39:04.885 GMT-0500,10.432,10.387,0.0008,0.0008
18.03.2020 08:39:04.935 GMT-0500,10.432,10.378,0.002,0.002
18.03.2020 08:39:05.656 GMT-0500,10.432,10.347999999999999,0.0008,0.0008
18.03.2020 08:39:05.706 GMT-0500,10.453,10.397,0.002,0.002
18.03.2020 08:39:05.962 GMT-0500,10.402000000000001,10.397,0.0008,0.0008
18.03.2020 08:39:06.013 GMT-0500,10.412,10.347999999999999,0.002,0.002
18.03.2020 08:39:06.146 GMT-0500,10.413,10.337000000000002,0.002,0.002
18.03.2020 08:39:06.197 GMT-0500,10.412,10.347999999999999,0.002,0.002
18.03.2020 08:39:06.543 GMT-0500,10.413,10.347000000000001,0.002,0.002
18.03.2020 08:39:07.093 GMT-0500,10.383,10.368,0.0008,0.0008
18.03.2020 08:39:07.143 GMT-0500,10.392000000000001,10.337000000000002,0.0008,0.002
18.03.2020 08:39:07.213 GMT-0500,10.392000000000001,10.337000000000002,0.0008,0.002
18.03.2020 08:39:07.264 GMT-0500,10.392999999999999,10.337000000000002,0.002,0.002
18.03.2020 08:39:07.614 GMT-0500,10.392000000000001,10.347999999999999,0.002,0.002
18.03.2020 08:39:07.796 GMT-0500,10.373,10.347000000000001,0.002,0.002
18.03.2020 08:39:08.653 GMT-0500,10.372,10.347999999999999,0.0008,0.0008
18.03.2020 08:39:08.843 GMT-0500,10.362,10.347999999999999,0.0008,0.0008
18.03.2020 08:39:09.642 GMT-0500,10.363,10.347999999999999,0.0008,0.0008
18.03.2020 08:39:09.692 GMT-0500,10.372,10.347999999999999,0.002,0.002
18.03.2020 08:39:10.182 GMT-0500,10.392999999999999,10.367,0.002,0.002
18.03.2020 08:39:10.233 GMT-0500,10.392000000000001,10.347999999999999,0.0008,0.0008
18.03.2020 08:39:10.373 GMT-0500,10.392999999999999,10.357000000000001,0.002,0.002
18.03.2020 08:39:10.514 GMT-0500,10.392000000000001,10.357000000000001,0.0008,0.002
18.03.2020 08:39:11.228 GMT-0500,10.392999999999999,10.357000000000001,0.002,0.0008
18.03.2020 08:39:11.278 GMT-0500,10.392000000000001,10.347999999999999,0.0008,0.0008
18.03.2020 08:39:11.645 GMT-0500,10.392999999999999,10.337000000000002,0.002,0.002
18.03.2020 08:39:11.814 GMT-0500,10.392000000000001,10.358,0.002,0.002
18.03.2020 08:39:12.685 GMT-0500,10.392999999999999,10.357000000000001,0.002,0.002
18.03.2020 08:39:12.798 GMT-0500,10.392000000000001,10.358,0.002,0.002
18.03.2020 08:39:12.944 GMT-0500,10.392000000000001,10.358,0.0008,0.002
18.03.2020 08:39:13.360 GMT-0500,10.392000000000001,10.368,0.0008,0.001
18.03.2020 08:39:13.525 GMT-0500,10.413,10.387,0.0008,0.002
18.03.2020 08:39:13.781 GMT-0500,10.423,10.367,0.002,0.002
18.03.2020 08:39:17.329 GMT-0500,10.422,10.368,0.0008,0.0008
18.03.2020 08:39:18.562 GMT-0500,10.423,10.367,0.002,0.002
18.03.2020 08:39:20.289 GMT-0500,10.423,10.367,0.0008,0.002
18.03.2020 08:39:20.340 GMT-0500,10.433,10.397,0.002,0.002
18.03.2020 08:39:20.390 GMT-0500,10.422,10.397,0.0008,0.002
18.03.2020 08:39:20.499 GMT-0500,10.422,10.368,0.0008,0.0008
18.03.2020 08:39:20.798 GMT-0500,10.422,10.368,0.002,0.002
18.03.2020 08:39:21.098 GMT-0500,10.403,10.397,0.0008,0.0008
18.03.2020 08:39:21.148 GMT-0500,10.412,10.377,0.0008,0.002
18.03.2020 08:39:22.350 GMT-0500,10.413,10.377,0.0008,0.002
18.03.2020 08:39:24.170 GMT-0500,10.403,10.377,0.0008,0.0008
18.03.2020 08:39:24.220 GMT-0500,10.403,10.367,0.002,0.002
18.03.2020 08:39:24.436 GMT-0500,10.383,10.367,0.0008,0.0008
18.03.2020 08:39:24.487 GMT-0500,10.383,10.347000000000001,0.002,0.002
18.03.2020 08:39:24.658 GMT-0500,10.382000000000001,10.347000000000001,0.0008,0.002
18.03.2020 08:39:25.742 GMT-0500,10.382000000000001,10.347999999999999,0.0008,0.002
18.03.2020 08:39:25.793 GMT-0500,10.382000000000001,10.347000000000001,0.0008,0.002
18.03.2020 08:39:27.287 GMT-0500,10.363,10.347000000000001,0.0008,0.0008
18.03.2020 08:39:27.430 GMT-0500,10.352,10.338,0.002,0.002
18.03.2020 08:39:27.678 GMT-0500,10.363,10.337000000000002,0.002,0.002
18.03.2020 08:39:30.196 GMT-0500,10.363,10.338,0.0008,0.0008
18.03.2020 08:39:32.575 GMT-0500,10.382000000000001,10.337000000000002,0.0008,0.002
18.03.2020 08:39:35.089 GMT-0500,10.392000000000001,10.337000000000002,0.0008,0.002
18.03.2020 08:39:35.472 GMT-0500,10.392999999999999,10.337000000000002,0.0008,0.002
18.03.2020 08:39:36.100 GMT-0500,10.402000000000001,10.338,0.002,0.002
18.03.2020 08:39:39.883 GMT-0500,10.382000000000001,10.338,0.002,0.002
18.03.2020 08:39:41.362 GMT-0500,10.392000000000001,10.338,0.0008,0.0008
18.03.2020 08:39:41.713 GMT-0500,10.392000000000001,10.347999999999999,0.0008,0.0008
18.03.2020 08:39:44.377 GMT-0500,10.392999999999999,10.357000000000001,0.002,0.002
18.03.2020 08:39:44.633 GMT-0500,10.392999999999999,10.357000000000001,0.0008,0.002
18.03.2020 08:39:44.683 GMT-0500,10.403,10.367,0.002,0.002
18.03.2020 08:39:45.001 GMT-0500,10.402000000000001,10.368,0.0008,0.0008
18.03.2020 08:39:45.051 GMT-0500,10.392000000000001,10.367,0.0008,0.002
18.03.2020 08:39:45.102 GMT-0500,10.402000000000001,10.368,0.002,0.002
18.03.2020 08:39:46.215 GMT-0500,10.392999999999999,10.368,0.0008,0.0008
18.03.2020 08:39:46.918 GMT-0500,10.392000000000001,10.367,0.0008,0.002
18.03.2020 08:39:49.812 GMT-0500,10.402000000000001,10.368,0.002,0.002
18.03.2020 08:39:50.224 GMT-0500,10.392999999999999,10.368,0.0008,0.0008
18.03.2020 08:39:50.950 GMT-0500,10.392000000000001,10.367,0.0008,0.002
18.03.2020 08:39:51.092 GMT-0500,10.392999999999999,10.367,0.002,0.002
18.03.2020 08:39:51.485 GMT-0500,10.392000000000001,10.368,0.0008,0.0008
18.03.2020 08:39:51.536 GMT-0500,10.402000000000001,10.368,0.0008,0.0008
18.03.2020 08:39:56.261 GMT-0500,10.402000000000001,10.378,0.0008,0.0008
18.03.2020 08:39:57.194 GMT-0500,10.392999999999999,10.378,0.0008,0.0008
18.03.2020 08:39:57.244 GMT-0500,10.402000000000001,10.378,0.0008,0.0008
18.03.2020 08:39:57.810 GMT-0500,10.402000000000001,10.368,0.002,0.002
18.03.2020 08:39:57.911 GMT-0500,10.452,10.408,0.0008,0.0008
18.03.2020 08:39:57.961 GMT-0500,10.432,10.408,0.002,0.002
18.03.2020 08:39:58.313 GMT-0500,10.432,10.388,0.002,0.002
18.03.2020 08:39:58.418 GMT-0500,10.422,10.388,0.002,0.002
18.03.2020 08:39:58.911 GMT-0500,10.422,10.388,0.0008,0.002
18.03.2020 08:39:58.962 GMT-0500,10.432,10.397,0.0008,0.002
18.03.2020 08:40:00.049 GMT-0500,10.432,10.407,0.0008,0.002
18.03.2020 08:40:00.495 GMT-0500,10.433,10.407,0.002,0.0008
18.03.2020 08:40:00.546 GMT-0500,10.433,10.397,0.002,0.002
18.03.2020 08:40:04.435 GMT-0500,10.413,10.397,0.0008,0.0008
18.03.2020 08:40:04.486 GMT-0500,10.433,10.377,0.002,0.002
18.03.2020 08:40:04.649 GMT-0500,10.432,10.377,0.0008,0.002
18.03.2020 08:40:04.699 GMT-0500,10.432,10.378,0.0008,0.0008
18.03.2020 08:40:04.918 GMT-0500,10.432,10.378,0.0008,0.002
18.03.2020 08:40:05.050 GMT-0500,10.432,10.397,0.0008,0.002
18.03.2020 08:40:05.151 GMT-0500,10.422,10.397,0.0008,0.002
18.03.2020 08:40:06.084 GMT-0500,10.413,10.377,0.002,0.002
18.03.2020 08:40:06.146 GMT-0500,10.412,10.388,0.0008,0.0008
18.03.2020 08:40:06.196 GMT-0500,10.423,10.397,0.002,0.002
18.03.2020 08:40:06.248 GMT-0500,10.423,10.387,0.002,0.002
18.03.2020 08:40:06.323 GMT-0500,10.403,10.387,0.0008,0.0008
18.03.2020 08:40:06.374 GMT-0500,10.403,10.377,0.002,0.002
18.03.2020 08:40:06.602 GMT-0500,10.412,10.387,0.0008,0.002
18.03.2020 08:40:07.187 GMT-0500,10.413,10.387,0.0008,0.002
18.03.2020 08:40:07.238 GMT-0500,10.422,10.398,0.002,0.002
18.03.2020 08:40:08.301 GMT-0500,10.422,10.387,0.0008,0.002
18.03.2020 08:40:08.417 GMT-0500,10.423,10.387,0.002,0.002
18.03.2020 08:40:09.889 GMT-0500,10.422,10.388,0.0008,0.0008
18.03.2020 08:40:10.624 GMT-0500,10.422,10.388,0.0008,0.002
18.03.2020 08:40:11.035 GMT-0500,10.422,10.398,0.0008,0.0008
18.03.2020 08:40:11.135 GMT-0500,10.432,10.398,0.0008,0.0008
18.03.2020 08:40:11.330 GMT-0500,10.413,10.398,0.0008,0.0008
18.03.2020 08:40:11.380 GMT-0500,10.412,10.378,0.0008,0.0008
18.03.2020 08:40:11.430 GMT-0500,10.432,10.397,0.0008,0.002
18.03.2020 08:40:11.954 GMT-0500,10.432,10.407,0.0008,0.0008
18.03.2020 08:40:12.082 GMT-0500,10.432,10.408,0.0008,0.0008
18.03.2020 08:40:12.643 GMT-0500,10.452,10.418,0.0008,0.0008
18.03.2020 08:40:13.207 GMT-0500,10.442,10.418,0.0008,0.0008
18.03.2020 08:40:13.813 GMT-0500,10.443,10.417,0.002,0.002
18.03.2020 08:40:13.918 GMT-0500,10.452,10.417,0.0008,0.002
18.03.2020 08:40:14.300 GMT-0500,10.442,10.417,0.0008,0.002
18.03.2020 08:40:14.645 GMT-0500,10.443,10.417,0.0008,0.002
18.03.2020 08:40:14.695 GMT-0500,10.452,10.418,0.0008,0.0008
18.03.2020 08:40:15.550 GMT-0500,10.443,10.417,0.0008,0.002
18.03.2020 08:40:17.371 GMT-0500,10.432,10.418,0.0008,0.0008
18.03.2020 08:40:17.938 GMT-0500,10.422,10.417,0.0008,0.0008
18.03.2020 08:40:17.989 GMT-0500,10.432,10.418,0.0008,0.0008
18.03.2020 08:40:18.040 GMT-0500,10.432,10.397,0.0008,0.002
18.03.2020 08:40:18.247 GMT-0500,10.433,10.397,0.0008,0.0008
18.03.2020 08:40:18.428 GMT-0500,10.442,10.378,0.0008,0.0008
18.03.2020 08:40:19.403 GMT-0500,10.443,10.425,0.0008,0.0008
18.03.2020 08:40:19.453 GMT-0500,10.452,10.427999999999999,0.0008,0.0008
18.03.2020 08:40:19.543 GMT-0500,10.452,10.427999999999999,0.0008,0.002
18.03.2020 08:40:19.593 GMT-0500,10.472000000000001,10.438,0.002,0.002
18.03.2020 08:40:19.800 GMT-0500,10.452,10.438,0.0008,0.0008
18.03.2020 08:40:19.850 GMT-0500,10.472000000000001,10.427000000000001,0.0008,0.002
18.03.2020 08:40:20.444 GMT-0500,10.453,10.427000000000001,0.002,0.002
18.03.2020 08:40:20.947 GMT-0500,10.452,10.427999999999999,0.0008,0.0008
18.03.2020 08:40:23.642 GMT-0500,10.432,10.387,0.0008,0.002
18.03.2020 08:40:23.693 GMT-0500,10.442,10.388,0.0008,0.0008
18.03.2020 08:40:24.228 GMT-0500,10.452,10.427999999999999,0.002,0.0008
18.03.2020 08:40:25.305 GMT-0500,10.452,10.418,0.0008,0.0008
18.03.2020 08:40:25.405 GMT-0500,10.453,10.427000000000001,0.002,0.0008
18.03.2020 08:40:25.582 GMT-0500,10.452,10.417,0.0008,0.002
18.03.2020 08:40:25.683 GMT-0500,10.432,10.378,0.0008,0.0008
18.03.2020 08:40:27.426 GMT-0500,10.412,10.377,0.0008,0.002
18.03.2020 08:40:30.136 GMT-0500,10.418,10.377,0.0008,0.002
18.03.2020 08:40:30.186 GMT-0500,10.462000000000002,10.398,0.002,0.002
18.03.2020 08:40:30.421 GMT-0500,10.472999999999999,10.397,0.002,0.002
18.03.2020 08:40:30.640 GMT-0500,10.472000000000001,10.398,0.0008,0.0008
18.03.2020 08:40:30.779 GMT-0500,10.432,10.378,0.0008,0.002
18.03.2020 08:40:30.830 GMT-0500,10.432,10.378,0.002,0.002
18.03.2020 08:40:33.006 GMT-0500,10.463,10.377,0.002,0.002
18.03.2020 08:40:34.193 GMT-0500,10.453,10.377,0.0008,0.002
18.03.2020 08:40:34.384 GMT-0500,10.462000000000002,10.378,0.0008,0.0008
18.03.2020 08:40:35.859 GMT-0500,10.442,10.378,0.0008,0.002
18.03.2020 08:40:37.520 GMT-0500,10.432,10.378,0.0008,0.002
18.03.2020 08:40:38.550 GMT-0500,10.432,10.378,0.002,0.002
18.03.2020 08:40:38.657 GMT-0500,10.423,10.387,0.0008,0.002
18.03.2020 08:40:38.707 GMT-0500,10.423,10.387,0.002,0.002
18.03.2020 08:40:38.808 GMT-0500,10.423,10.367,0.002,0.002
18.03.2020 08:40:38.930 GMT-0500,10.422,10.387,0.0008,0.002
18.03.2020 08:40:38.980 GMT-0500,10.422,10.378,0.002,0.002
18.03.2020 08:40:41.760 GMT-0500,10.422,10.378,0.0008,0.002
18.03.2020 08:40:41.810 GMT-0500,10.472000000000001,10.418,0.002,0.002
18.03.2020 08:40:41.860 GMT-0500,10.452,10.418,0.0008,0.0008
18.03.2020 08:40:42.025 GMT-0500,10.433,10.387,0.002,0.002
18.03.2020 08:40:42.148 GMT-0500,10.432,10.387,0.0008,0.002
18.03.2020 08:40:43.055 GMT-0500,10.453,10.397,0.002,0.0008
18.03.2020 08:40:45.118 GMT-0500,10.452,10.398,0.0008,0.002
18.03.2020 08:40:45.860 GMT-0500,10.453,10.387,0.002,0.002
18.03.2020 08:40:47.695 GMT-0500,10.452,10.427000000000001,0.0008,0.0008
18.03.2020 08:40:47.746 GMT-0500,10.452,10.418,0.002,0.002
18.03.2020 08:40:48.246 GMT-0500,10.472999999999999,10.417,0.002,0.002
18.03.2020 08:40:51.483 GMT-0500,10.472999999999999,10.417,0.002,0.002
18.03.2020 08:40:52.402 GMT-0500,10.432,10.418,0.0008,0.0008
18.03.2020 08:40:55.459 GMT-0500,10.433,10.417,0.0008,0.001
18.03.2020 08:40:55.509 GMT-0500,10.493,10.457,0.002,0.002
18.03.2020 08:40:55.922 GMT-0500,10.482000000000001,10.427999999999999,0.002,0.002
18.03.2020 08:40:57.020 GMT-0500,10.492,10.427999999999999,0.002,0.002
18.03.2020 08:40:57.880 GMT-0500,10.492,10.467,0.0008,0.0008
18.03.2020 08:40:57.981 GMT-0500,10.483,10.427000000000001,0.002,0.002
18.03.2020 08:40:58.098 GMT-0500,10.482000000000001,10.427999999999999,0.0008,0.002
18.03.2020 08:40:59.095 GMT-0500,10.482000000000001,10.447000000000001,0.0008,0.0008
18.03.2020 08:41:00.058 GMT-0500,10.483,10.447000000000001,0.0008,0.002
18.03.2020 08:41:00.108 GMT-0500,10.492,10.448,0.002,0.002
18.03.2020 08:41:00.158 GMT-0500,10.482000000000001,10.447000000000001,0.0008,0.002
18.03.2020 08:41:00.679 GMT-0500,10.483,10.447000000000001,0.0008,0.002
18.03.2020 08:41:00.729 GMT-0500,10.492,10.447000000000001,0.0008,0.002
18.03.2020 08:41:02.948 GMT-0500,10.483,10.447000000000001,0.0008,0.002
18.03.2020 08:41:03.136 GMT-0500,10.482000000000001,10.448,0.0008,0.002
18.03.2020 08:41:03.186 GMT-0500,10.492,10.448,0.002,0.002
18.03.2020 08:41:03.381 GMT-0500,10.482000000000001,10.448,0.0008,0.002
18.03.2020 08:41:03.625 GMT-0500,10.483,10.447000000000001,0.002,0.002
18.03.2020 08:41:03.858 GMT-0500,10.463,10.427000000000001,0.0008,0.002
18.03.2020 08:41:03.908 GMT-0500,10.463,10.427000000000001,0.002,0.002
18.03.2020 08:41:04.380 GMT-0500,10.452,10.427999999999999,0.002,0.002
18.03.2020 08:41:06.228 GMT-0500,10.452,10.438,0.002,0.002
18.03.2020 08:41:06.709 GMT-0500,10.443,10.438,0.0008,0.0008
18.03.2020 08:41:06.760 GMT-0500,10.442,10.427999999999999,0.0008,0.0008
18.03.2020 08:41:10.179 GMT-0500,10.443,10.427000000000001,0.0008,0.002
18.03.2020 08:41:10.628 GMT-0500,10.453,10.427000000000001,0.002,0.002
18.03.2020 08:41:12.630 GMT-0500,10.453,10.427000000000001,0.0008,0.002
18.03.2020 08:41:12.984 GMT-0500,10.472000000000001,10.427000000000001,0.0008,0.002
18.03.2020 08:41:13.035 GMT-0500,10.472000000000001,10.438,0.002,0.002
18.03.2020 08:41:16.526 GMT-0500,10.482000000000001,10.397,0.0008,0.002
18.03.2020 08:41:16.914 GMT-0500,10.482000000000001,10.397,0.0008,0.002
18.03.2020 08:41:16.965 GMT-0500,10.453,10.397,0.002,0.002
18.03.2020 08:41:17.490 GMT-0500,10.482000000000001,10.368,0.0008,0.0008
18.03.2020 08:41:17.714 GMT-0500,10.482000000000001,10.378,0.0008,0.0008
18.03.2020 08:41:19.740 GMT-0500,10.483,10.377,0.002,0.002
18.03.2020 08:41:20.024 GMT-0500,10.482000000000001,10.387,0.0008,0.002
18.03.2020 08:41:20.901 GMT-0500,10.483,10.407,0.0008,0.002
18.03.2020 08:41:20.951 GMT-0500,10.492,10.408,0.0008,0.0008
18.03.2020 08:41:21.916 GMT-0500,10.483,10.408,0.0008,0.0008
18.03.2020 08:41:22.436 GMT-0500,10.482000000000001,10.407,0.0008,0.002
18.03.2020 08:41:25.508 GMT-0500,10.472000000000001,10.408,0.002,0.002
18.03.2020 08:41:25.558 GMT-0500,10.482000000000001,10.408,0.002,0.002
18.03.2020 08:41:27.833 GMT-0500,10.463,10.407,0.0008,0.002
18.03.2020 08:41:29.287 GMT-0500,10.463,10.407,0.002,0.002
18.03.2020 08:41:31.528 GMT-0500,10.463,10.408,0.0008,0.0008
18.03.2020 08:41:31.578 GMT-0500,10.482000000000001,10.408,0.002,0.002
18.03.2020 08:41:32.321 GMT-0500,10.462000000000002,10.408,0.0008,0.002
18.03.2020 08:41:33.770 GMT-0500,10.453,10.408,0.0008,0.0008
18.03.2020 08:41:37.190 GMT-0500,10.452,10.407,0.0008,0.002
18.03.2020 08:41:38.814 GMT-0500,10.452,10.417,0.0008,0.0008
18.03.2020 08:41:39.018 GMT-0500,10.452,10.418,0.0008,0.0008
18.03.2020 08:41:43.405 GMT-0500,10.453,10.437000000000001,0.0008,0.0008
18.03.2020 08:41:43.455 GMT-0500,10.482000000000001,10.418,0.002,0.002
18.03.2020 08:41:43.634 GMT-0500,10.482000000000001,10.437000000000001,0.0008,0.0008
18.03.2020 08:41:43.734 GMT-0500,10.492,10.437000000000001,0.0008,0.002
18.03.2020 08:41:43.808 GMT-0500,10.482000000000001,10.438,0.002,0.002
18.03.2020 08:41:45.562 GMT-0500,10.452,10.427999999999999,0.0008,0.002
18.03.2020 08:41:45.613 GMT-0500,10.463,10.427000000000001,0.002,0.002
18.03.2020 08:41:45.725 GMT-0500,10.462000000000002,10.427999999999999,0.002,0.002
18.03.2020 08:41:47.718 GMT-0500,10.462000000000002,10.448,0.0008,0.0008
18.03.2020 08:41:47.768 GMT-0500,10.482000000000001,10.448,0.0008,0.0008
18.03.2020 08:41:47.869 GMT-0500,10.483,10.447000000000001,0.002,0.002
18.03.2020 08:41:47.975 GMT-0500,10.463,10.447000000000001,0.0008,0.002
18.03.2020 08:41:48.025 GMT-0500,10.483,10.447000000000001,0.002,0.002
18.03.2020 08:41:48.395 GMT-0500,10.462000000000002,10.448,0.002,0.002
18.03.2020 08:41:48.445 GMT-0500,10.472000000000001,10.427000000000001,0.0008,0.002
18.03.2020 08:41:48.496 GMT-0500,10.472000000000001,10.438,0.002,0.002
18.03.2020 08:41:49.101 GMT-0500,10.482000000000001,10.437000000000001,0.0008,0.002
18.03.2020 08:41:51.241 GMT-0500,10.492,10.438,0.002,0.002
18.03.2020 08:41:55.312 GMT-0500,10.492,10.438,0.0008,0.002
18.03.2020 08:41:55.415 GMT-0500,10.505,10.488,0.0008,0.002
18.03.2020 08:41:55.466 GMT-0500,10.542,10.488,0.0008,0.0008
18.03.2020 08:41:55.700 GMT-0500,10.522,10.488,0.002,0.002
18.03.2020 08:41:55.750 GMT-0500,10.532,10.488,0.0008,0.0008
18.03.2020 08:41:55.801 GMT-0500,10.542,10.488,0.002,0.002
18.03.2020 08:41:55.892 GMT-0500,10.523,10.488,0.0008,0.0008
18.03.2020 08:41:55.943 GMT-0500,10.543,10.437000000000001,0.002,0.002
18.03.2020 08:41:55.994 GMT-0500,10.542,10.468,0.002,0.002
18.03.2020 08:41:56.241 GMT-0500,10.542,10.478,0.002,0.0008
18.03.2020 08:41:56.292 GMT-0500,10.583,10.477,0.002,0.002
18.03.2020 08:41:59.929 GMT-0500,10.573,10.477,0.002,0.002
18.03.2020 08:42:00.171 GMT-0500,10.583,10.477,0.002,0.002
18.03.2020 08:42:02.371 GMT-0500,10.573,10.477,0.0008,0.002
18.03.2020 08:42:02.799 GMT-0500,10.572000000000001,10.477,0.0008,0.002
18.03.2020 08:42:02.849 GMT-0500,10.583,10.477,0.002,0.002
18.03.2020 08:42:03.939 GMT-0500,10.572000000000001,10.477,0.0008,0.002
18.03.2020 08:42:04.484 GMT-0500,10.533,10.477,0.0008,0.002
18.03.2020 08:42:04.831 GMT-0500,10.533,10.478,0.0008,0.0008
18.03.2020 08:42:04.921 GMT-0500,10.582,10.478,0.002,0.002
18.03.2020 08:42:04.990 GMT-0500,10.532,10.478,0.0008,0.002
18.03.2020 08:42:07.767 GMT-0500,10.562000000000001,10.467,0.0008,0.002
18.03.2020 08:42:08.100 GMT-0500,10.572000000000001,10.467,0.0008,0.002
18.03.2020 08:42:08.201 GMT-0500,10.572000000000001,10.478,0.0008,0.0008
18.03.2020 08:42:09.034 GMT-0500,10.562000000000001,10.478,0.0008,0.002
18.03.2020 08:42:09.145 GMT-0500,10.532,10.478,0.0008,0.002
18.03.2020 08:42:09.347 GMT-0500,10.532,10.478,0.0008,0.0008
18.03.2020 08:42:10.183 GMT-0500,10.493,10.478,0.0008,0.0008
18.03.2020 08:42:10.233 GMT-0500,10.502,10.468,0.002,0.002
18.03.2020 08:42:11.292 GMT-0500,10.513,10.467,0.002,0.002
18.03.2020 08:42:11.724 GMT-0500,10.513,10.467,0.0008,0.002
18.03.2020 08:42:11.775 GMT-0500,10.573,10.487,0.002,0.002
18.03.2020 08:42:11.881 GMT-0500,10.562000000000001,10.487,0.0008,0.002
18.03.2020 08:42:17.107 GMT-0500,10.533,10.488,0.0008,0.0008
18.03.2020 08:42:17.752 GMT-0500,10.532,10.488,0.0008,0.002
18.03.2020 08:42:17.802 GMT-0500,10.562000000000001,10.507000000000001,0.0008,0.002
18.03.2020 08:42:21.324 GMT-0500,10.552000000000001,10.528,0.0008,0.0008
18.03.2020 08:42:21.374 GMT-0500,10.542,10.468,0.002,0.002
18.03.2020 08:42:21.424 GMT-0500,10.542,10.517999999999999,0.002,0.002
18.03.2020 08:42:22.428 GMT-0500,10.522,10.478,0.0008,0.0008
18.03.2020 08:42:22.785 GMT-0500,10.522,10.507000000000001,0.0008,0.0008
18.03.2020 08:42:22.836 GMT-0500,10.562000000000001,10.507000000000001,0.0008,0.002
18.03.2020 08:42:22.936 GMT-0500,10.512,10.447000000000001,0.0008,0.002
18.03.2020 08:42:23.037 GMT-0500,10.562000000000001,10.508,0.002,0.002
18.03.2020 08:42:23.212 GMT-0500,10.543,10.507000000000001,0.0008,0.002
18.03.2020 08:42:23.262 GMT-0500,10.562000000000001,10.507000000000001,0.0008,0.002
18.03.2020 08:42:23.465 GMT-0500,10.532,10.507000000000001,0.0008,0.002
18.03.2020 08:42:23.516 GMT-0500,10.562000000000001,10.508,0.0008,0.0008
18.03.2020 08:42:24.483 GMT-0500,10.562000000000001,10.508,0.0008,0.002
18.03.2020 08:42:24.533 GMT-0500,10.613,10.517000000000001,0.002,0.002
18.03.2020 08:42:25.239 GMT-0500,10.602,10.517999999999999,0.0008,0.0008
18.03.2020 08:42:25.290 GMT-0500,10.612,10.517999999999999,0.002,0.002
18.03.2020 08:42:26.611 GMT-0500,10.562000000000001,10.517999999999999,0.002,0.002
18.03.2020 08:42:26.661 GMT-0500,10.562000000000001,10.477,0.0008,0.002
18.03.2020 08:42:26.970 GMT-0500,10.522,10.477,0.0008,0.002
18.03.2020 08:42:27.156 GMT-0500,10.522,10.498,0.0008,0.0008
18.03.2020 08:42:27.207 GMT-0500,10.533,10.487,0.002,0.002
18.03.2020 08:42:27.647 GMT-0500,10.533,10.488,0.0008,0.0008
18.03.2020 08:42:27.698 GMT-0500,10.562000000000001,10.488,0.0008,0.0008
18.03.2020 08:42:27.888 GMT-0500,10.563,10.507000000000001,0.002,0.0008
18.03.2020 08:42:28.955 GMT-0500,10.563,10.497,0.002,0.002
18.03.2020 08:42:29.226 GMT-0500,10.563,10.467,0.002,0.002
18.03.2020 08:42:29.579 GMT-0500,10.562000000000001,10.467,0.0008,0.002
18.03.2020 08:42:29.712 GMT-0500,10.532,10.448,0.0008,0.002
18.03.2020 08:42:29.762 GMT-0500,10.532,10.448,0.002,0.002
18.03.2020 08:42:30.053 GMT-0500,10.532,10.448,0.002,0.002
18.03.2020 08:42:31.193 GMT-0500,10.533,10.487,0.002,0.0008
18.03.2020 08:42:31.244 GMT-0500,10.532,10.448,0.0008,0.0008
18.03.2020 08:42:32.190 GMT-0500,10.562000000000001,10.498,0.002,0.002
18.03.2020 08:42:37.762 GMT-0500,10.543,10.498,0.0008,0.0008
18.03.2020 08:42:37.813 GMT-0500,10.542,10.458,0.0008,0.0008
18.03.2020 08:42:38.301 GMT-0500,10.542,10.497,0.0008,0.002
18.03.2020 08:42:40.584 GMT-0500,10.542,10.507000000000001,0.0008,0.0008
18.03.2020 08:42:40.635 GMT-0500,10.563,10.507000000000001,0.002,0.002
18.03.2020 08:42:42.941 GMT-0500,10.593,10.507000000000001,0.002,0.002
18.03.2020 08:42:43.393 GMT-0500,10.603,10.507000000000001,0.002,0.002
18.03.2020 08:42:45.350 GMT-0500,10.592,10.508,0.0008,0.0008
18.03.2020 08:42:45.702 GMT-0500,10.593,10.508,0.0008,0.0008
18.03.2020 08:42:45.752 GMT-0500,10.602,10.508,0.002,0.002
18.03.2020 08:42:46.380 GMT-0500,10.593,10.508,0.0008,0.0008
18.03.2020 08:42:46.431 GMT-0500,10.603,10.507000000000001,0.002,0.002
18.03.2020 08:42:48.006 GMT-0500,10.592,10.507000000000001,0.0008,0.002
18.03.2020 08:42:48.107 GMT-0500,10.602,10.507000000000001,0.0008,0.002
18.03.2020 08:42:49.679 GMT-0500,10.593,10.507000000000001,0.0008,0.002
18.03.2020 08:42:49.779 GMT-0500,10.602,10.508,0.002,0.002
18.03.2020 08:42:50.341 GMT-0500,10.593,10.507000000000001,0.0008,0.002
18.03.2020 08:42:50.442 GMT-0500,10.602,10.508,0.0008,0.0008
18.03.2020 08:42:50.607 GMT-0500,10.552000000000001,10.508,0.0008,0.002
18.03.2020 08:42:51.142 GMT-0500,10.592,10.508,0.002,0.002
18.03.2020 08:42:51.269 GMT-0500,10.603,10.507000000000001,0.002,0.002
18.03.2020 08:42:52.849 GMT-0500,10.593,10.507000000000001,0.0008,0.002
18.03.2020 08:42:53.040 GMT-0500,10.593,10.508,0.0008,0.0008
18.03.2020 08:42:53.090 GMT-0500,10.602,10.508,0.0008,0.0008
18.03.2020 08:42:54.480 GMT-0500,10.602,10.508,0.0008,0.002
18.03.2020 08:42:54.530 GMT-0500,10.622,10.567,0.0008,0.002
18.03.2020 08:42:54.605 GMT-0500,10.583,10.558,0.0008,0.002
18.03.2020 08:42:54.655 GMT-0500,10.623,10.547,0.002,0.002
18.03.2020 08:42:54.850 GMT-0500,10.563,10.527000000000001,0.0008,0.002
18.03.2020 08:42:54.901 GMT-0500,10.583,10.527000000000001,0.002,0.002
18.03.2020 08:42:55.343 GMT-0500,10.582,10.477,0.0008,0.0008
18.03.2020 08:42:55.490 GMT-0500,10.582,10.458,0.002,0.002
18.03.2020 08:42:56.542 GMT-0500,10.582,10.478,0.0008,0.002
18.03.2020 08:42:58.812 GMT-0500,10.582,10.517999999999999,0.002,0.002
18.03.2020 08:43:04.414 GMT-0500,10.583,10.517000000000001,0.002,0.002
18.03.2020 08:43:07.047 GMT-0500,10.562000000000001,10.498,0.002,0.002
18.03.2020 08:43:07.647 GMT-0500,10.542,10.498,0.002,0.002
18.03.2020 08:43:08.433 GMT-0500,10.562000000000001,10.498,0.002,0.002
18.03.2020 08:43:10.004 GMT-0500,10.563,10.497,0.002,0.002
18.03.2020 08:43:10.054 GMT-0500,10.543,10.497,0.002,0.002
18.03.2020 08:43:10.300 GMT-0500,10.543,10.517000000000001,0.002,0.0008
18.03.2020 08:43:10.718 GMT-0500,10.542,10.517000000000001,0.0008,0.002
18.03.2020 08:43:10.768 GMT-0500,10.562000000000001,10.517000000000001,0.0008,0.002
18.03.2020 08:43:13.105 GMT-0500,10.563,10.517000000000001,0.0008,0.002
18.03.2020 08:43:13.875 GMT-0500,10.552000000000001,10.498,0.0008,0.002
18.03.2020 08:43:13.926 GMT-0500,10.552000000000001,10.498,0.0008,0.0008
18.03.2020 08:43:13.989 GMT-0500,10.533,10.507000000000001,0.0008,0.0008
18.03.2020 08:43:14.039 GMT-0500,10.533,10.497,0.002,0.002
18.03.2020 08:43:14.175 GMT-0500,10.532,10.497,0.0008,0.002
18.03.2020 08:43:14.225 GMT-0500,10.552000000000001,10.517999999999999,0.0008,0.0008
18.03.2020 08:43:14.655 GMT-0500,10.572000000000001,10.517999999999999,0.0008,0.0008
18.03.2020 08:43:14.705 GMT-0500,10.552000000000001,10.517999999999999,0.0008,0.0008
18.03.2020 08:43:14.871 GMT-0500,10.552999999999999,10.497,0.002,0.002
18.03.2020 08:43:15.416 GMT-0500,10.552000000000001,10.517999999999999,0.0008,0.0008
18.03.2020 08:43:17.415 GMT-0500,10.542,10.517999999999999,0.0008,0.002
18.03.2020 08:43:17.840 GMT-0500,10.563,10.507000000000001,0.002,0.002
18.03.2020 08:43:19.051 GMT-0500,10.562000000000001,10.517000000000001,0.0008,0.002
18.03.2020 08:43:20.638 GMT-0500,10.572000000000001,10.517999999999999,0.0008,0.0008
18.03.2020 08:43:20.837 GMT-0500,10.552999999999999,10.517999999999999,0.0008,0.0008
18.03.2020 08:43:21.112 GMT-0500,10.552999999999999,10.517000000000001,0.002,0.002
18.03.2020 08:43:21.355 GMT-0500,10.552000000000001,10.517999999999999,0.0008,0.002
