Local time,Ask,Bid,AskVolume,BidVolume
24.03.2020 08:30:00.004 GMT-0500,10.482000000000001,10.188,0.002,0.002
24.03.2020 08:30:00.757 GMT-0500,10.482000000000001,10.277000000000001,0.0008,0.0008
24.03.2020 08:30:00.807 GMT-0500,10.483,10.187000000000001,0.002,0.002
24.03.2020 08:30:00.902 GMT-0500,10.433,10.187000000000001,0.0008,0.002
24.03.2020 08:30:01.106 GMT-0500,10.433,10.187000000000001,0.0008,0.002
24.03.2020 08:30:01.157 GMT-0500,10.482000000000001,10.188,0.002,0.002
24.03.2020 08:30:01.207 GMT-0500,10.392000000000001,10.337000000000002,0.0008,0.002
24.03.2020 08:30:01.432 GMT-0500,10.383,10.337000000000002,0.002,0.002
24.03.2020 08:30:01.533 GMT-0500,10.363,10.337000000000002,0.002,0.002
24.03.2020 08:30:01.871 GMT-0500,10.362,10.337000000000002,0.0008,0.002
24.03.2020 08:30:01.921 GMT-0500,10.342,10.188,0.0008,0.0008
24.03.2020 08:30:01.971 GMT-0500,10.362,10.327,0.0008,0.002
24.03.2020 08:30:02.225 GMT-0500,10.363,10.327,0.002,0.002
24.03.2020 08:30:02.583 GMT-0500,10.362,10.328,0.0008,0.0008
24.03.2020 08:30:03.246 GMT-0500,10.363,10.357000000000001,0.0008,0.0008
24.03.2020 08:30:03.296 GMT-0500,10.382000000000001,10.358,0.0008,0.0008
24.03.2020 08:30:03.522 GMT-0500,10.422,10.368,0.002,0.002
24.03.2020 08:30:03.588 GMT-0500,10.422,10.368,0.002,0.002
24.03.2020 08:30:04.297 GMT-0500,10.423,10.377,0.002,0.002
24.03.2020 08:30:05.166 GMT-0500,10.422,10.378,0.0008,0.0008
24.03.2020 08:30:05.266 GMT-0500,10.402000000000001,10.188,0.0008,0.0008
24.03.2020 08:30:06.063 GMT-0500,10.402000000000001,10.188,0.002,0.002
24.03.2020 08:30:06.164 GMT-0500,10.382000000000001,10.188,0.002,0.002
24.03.2020 08:30:06.609 GMT-0500,10.382000000000001,10.188,0.002,0.002
24.03.2020 08:30:06.773 GMT-0500,10.382000000000001,10.188,0.002,0.002
24.03.2020 08:30:06.943 GMT-0500,10.373,10.188,0.0008,0.002
24.03.2020 08:30:06.993 GMT-0500,10.443,10.327,0.002,0.002
24.03.2020 08:30:07.632 GMT-0500,10.442,10.338,0.0008,0.0008
24.03.2020 08:30:07.684 GMT-0500,10.442,10.328,0.0008,0.0008
24.03.2020 08:30:08.175 GMT-0500,10.432,10.328,0.002,0.002
24.03.2020 08:30:08.336 GMT-0500,10.443,10.327,0.002,0.002
24.03.2020 08:30:09.171 GMT-0500,10.433,10.327,0.0008,0.0008
24.03.2020 08:30:09.221 GMT-0500,10.432,10.188,0.0008,0.0008
24.03.2020 08:30:09.497 GMT-0500,10.432,10.338,0.0008,0.0008
24.03.2020 08:30:11.306 GMT-0500,10.432,10.338,0.0008,0.002
24.03.2020 08:30:11.407 GMT-0500,10.432,10.337000000000002,0.0008,0.002
24.03.2020 08:30:12.341 GMT-0500,10.432,10.347999999999999,0.002,0.002
24.03.2020 08:30:12.669 GMT-0500,10.432,10.338,0.002,0.002
24.03.2020 08:30:14.078 GMT-0500,10.432,10.368,0.0008,0.0008
24.03.2020 08:30:15.030 GMT-0500,10.423,10.367,0.0008,0.002
24.03.2020 08:30:15.081 GMT-0500,10.432,10.258,0.0008,0.0008
24.03.2020 08:30:15.131 GMT-0500,10.422,10.257000000000001,0.0008,0.002
24.03.2020 08:30:15.279 GMT-0500,10.432,10.248,0.002,0.002
24.03.2020 08:30:15.474 GMT-0500,10.392999999999999,10.248,0.0008,0.0008
24.03.2020 08:30:15.617 GMT-0500,10.392000000000001,10.328,0.0008,0.0008
24.03.2020 08:30:15.804 GMT-0500,10.392999999999999,10.337000000000002,0.002,0.0008
24.03.2020 08:30:15.973 GMT-0500,10.392000000000001,10.337000000000002,0.0008,0.0008
24.03.2020 08:30:16.023 GMT-0500,10.472000000000001,10.338,0.002,0.002
24.03.2020 08:30:16.216 GMT-0500,10.472000000000001,10.338,0.0008,0.002
24.03.2020 08:30:16.266 GMT-0500,10.482000000000001,10.357000000000001,0.0008,0.002
24.03.2020 08:30:16.658 GMT-0500,10.472000000000001,10.358,0.0008,0.002
24.03.2020 08:30:17.142 GMT-0500,10.462000000000002,10.358,0.0008,0.002
24.03.2020 08:30:17.412 GMT-0500,10.472999999999999,10.357000000000001,0.002,0.002
24.03.2020 08:30:19.382 GMT-0500,10.472999999999999,10.357000000000001,0.002,0.002
24.03.2020 08:30:19.433 GMT-0500,10.472999999999999,10.377,0.002,0.002
24.03.2020 08:30:19.576 GMT-0500,10.472999999999999,10.377,0.0008,0.002
24.03.2020 08:30:19.807 GMT-0500,10.472000000000001,10.378,0.0008,0.0008
24.03.2020 08:30:19.907 GMT-0500,10.392000000000001,10.357000000000001,0.0008,0.002
24.03.2020 08:30:20.361 GMT-0500,10.395,10.357000000000001,0.0008,0.002
24.03.2020 08:30:20.411 GMT-0500,10.472999999999999,10.357000000000001,0.002,0.002
24.03.2020 08:30:20.660 GMT-0500,10.482000000000001,10.358,0.0008,0.0008
24.03.2020 08:30:20.946 GMT-0500,10.443,10.357000000000001,0.0008,0.002
24.03.2020 08:30:21.047 GMT-0500,10.392000000000001,10.358,0.0008,0.0008
24.03.2020 08:30:21.257 GMT-0500,10.442,10.378,0.002,0.002
24.03.2020 08:30:21.407 GMT-0500,10.433,10.357000000000001,0.0008,0.002
24.03.2020 08:30:21.997 GMT-0500,10.442,10.358,0.0008,0.002
24.03.2020 08:30:22.597 GMT-0500,10.392999999999999,10.367,0.0008,0.002
24.03.2020 08:30:22.647 GMT-0500,10.443,10.367,0.002,0.002
24.03.2020 08:30:23.508 GMT-0500,10.432,10.367,0.0008,0.002
24.03.2020 08:30:23.608 GMT-0500,10.442,10.368,0.0008,0.0008
24.03.2020 08:30:24.568 GMT-0500,10.433,10.357000000000001,0.0008,0.002
24.03.2020 08:30:25.236 GMT-0500,10.432,10.357000000000001,0.0008,0.002
24.03.2020 08:30:26.025 GMT-0500,10.392000000000001,10.248,0.0008,0.0008
24.03.2020 08:30:26.076 GMT-0500,10.452,10.258,0.0008,0.0008
24.03.2020 08:30:26.176 GMT-0500,10.482000000000001,10.248,0.0008,0.0008
24.03.2020 08:30:26.330 GMT-0500,10.402000000000001,10.248,0.0008,0.0008
24.03.2020 08:30:26.630 GMT-0500,10.402000000000001,10.248,0.002,0.002
24.03.2020 08:30:26.807 GMT-0500,10.402000000000001,10.267000000000001,0.0008,0.0008
24.03.2020 08:30:27.016 GMT-0500,10.402000000000001,10.257000000000001,0.0008,0.002
24.03.2020 08:30:27.073 GMT-0500,10.392000000000001,10.258,0.0008,0.002
24.03.2020 08:30:27.449 GMT-0500,10.402000000000001,10.257000000000001,0.0008,0.002
24.03.2020 08:30:27.776 GMT-0500,10.403,10.267000000000001,0.002,0.002
24.03.2020 08:30:27.826 GMT-0500,10.402000000000001,10.247,0.0008,0.002
24.03.2020 08:30:27.963 GMT-0500,10.392999999999999,10.247,0.002,0.002
24.03.2020 08:30:28.070 GMT-0500,10.402000000000001,10.248,0.002,0.002
24.03.2020 08:30:28.154 GMT-0500,10.402000000000001,10.248,0.002,0.002
24.03.2020 08:30:28.988 GMT-0500,10.402000000000001,10.287,0.0008,0.0008
24.03.2020 08:30:29.093 GMT-0500,10.402000000000001,10.267999999999999,0.002,0.002
24.03.2020 08:30:29.143 GMT-0500,10.402000000000001,10.267999999999999,0.002,0.002
24.03.2020 08:30:29.193 GMT-0500,10.392000000000001,10.267999999999999,0.0008,0.0008
24.03.2020 08:30:29.301 GMT-0500,10.392999999999999,10.267999999999999,0.0008,0.0008
24.03.2020 08:30:29.352 GMT-0500,10.402000000000001,10.267999999999999,0.002,0.002
24.03.2020 08:30:29.674 GMT-0500,10.402000000000001,10.267999999999999,0.002,0.002
24.03.2020 08:30:29.973 GMT-0500,10.402000000000001,10.317,0.0008,0.002
24.03.2020 08:30:31.410 GMT-0500,10.392000000000001,10.318,0.0008,0.002
24.03.2020 08:30:32.139 GMT-0500,10.363,10.277000000000001,0.002,0.002
24.03.2020 08:30:32.214 GMT-0500,10.352,10.267999999999999,0.0008,0.002
24.03.2020 08:30:32.265 GMT-0500,10.352,10.267999999999999,0.002,0.002
24.03.2020 08:30:32.365 GMT-0500,10.372,10.267999999999999,0.002,0.002
24.03.2020 08:30:33.003 GMT-0500,10.372,10.278,0.0008,0.0008
24.03.2020 08:30:33.336 GMT-0500,10.373,10.307,0.002,0.0008
24.03.2020 08:30:34.506 GMT-0500,10.323,10.307,0.0008,0.0008
24.03.2020 08:30:34.557 GMT-0500,10.343,10.267000000000001,0.002,0.002
24.03.2020 08:30:34.607 GMT-0500,10.362,10.287,0.0008,0.002
24.03.2020 08:30:37.533 GMT-0500,10.352,10.287,0.0008,0.002
24.03.2020 08:30:37.583 GMT-0500,10.362,10.288,0.0008,0.0008
24.03.2020 08:30:38.173 GMT-0500,10.363,10.288,0.0008,0.0008
24.03.2020 08:30:38.224 GMT-0500,10.372,10.288,0.002,0.002
24.03.2020 08:30:38.336 GMT-0500,10.362,10.288,0.002,0.002
24.03.2020 08:30:38.579 GMT-0500,10.373,10.287,0.002,0.002
24.03.2020 08:30:38.953 GMT-0500,10.315,10.288,0.0008,0.0008
24.03.2020 08:30:39.004 GMT-0500,10.322000000000001,10.248,0.002,0.002
24.03.2020 08:30:39.221 GMT-0500,10.273,10.248,0.0008,0.0008
24.03.2020 08:30:39.271 GMT-0500,10.312000000000001,10.247,0.0008,0.002
24.03.2020 08:30:40.653 GMT-0500,10.273,10.247,0.002,0.002
24.03.2020 08:30:41.046 GMT-0500,10.288,10.247,0.0008,0.002
24.03.2020 08:30:41.097 GMT-0500,10.363,10.257000000000001,0.002,0.002
24.03.2020 08:30:41.147 GMT-0500,10.302999999999999,10.247,0.002,0.002
24.03.2020 08:30:41.197 GMT-0500,10.373,10.227,0.002,0.002
24.03.2020 08:30:41.597 GMT-0500,10.372,10.227,0.0008,0.002
24.03.2020 08:30:41.698 GMT-0500,10.333,10.228,0.0008,0.0008
24.03.2020 08:30:41.876 GMT-0500,10.342,10.228,0.002,0.002
24.03.2020 08:30:42.201 GMT-0500,10.402000000000001,10.227,0.0008,0.002
24.03.2020 08:30:42.348 GMT-0500,10.292,10.227,0.0008,0.002
24.03.2020 08:30:42.398 GMT-0500,10.402000000000001,10.227,0.0008,0.002
24.03.2020 08:30:42.663 GMT-0500,10.302999999999999,10.227,0.0008,0.002
24.03.2020 08:30:42.793 GMT-0500,10.302000000000001,10.227,0.0008,0.002
24.03.2020 08:30:42.843 GMT-0500,10.302000000000001,10.228,0.002,0.002
24.03.2020 08:30:43.978 GMT-0500,10.302000000000001,10.238,0.002,0.0008
24.03.2020 08:30:44.028 GMT-0500,10.302000000000001,10.227,0.0008,0.002
24.03.2020 08:30:44.625 GMT-0500,10.302000000000001,10.238,0.002,0.0008
24.03.2020 08:30:44.808 GMT-0500,10.302999999999999,10.227,0.002,0.002
24.03.2020 08:30:44.859 GMT-0500,10.302000000000001,10.227,0.0008,0.002
24.03.2020 08:30:46.743 GMT-0500,10.302000000000001,10.237,0.0008,0.0008
24.03.2020 08:30:46.937 GMT-0500,10.302000000000001,10.227,0.0008,0.002
24.03.2020 08:30:46.987 GMT-0500,10.302999999999999,10.227,0.002,0.002
24.03.2020 08:30:48.148 GMT-0500,10.302999999999999,10.227,0.002,0.002
24.03.2020 08:30:48.199 GMT-0500,10.302999999999999,10.227,0.002,0.002
24.03.2020 08:30:48.904 GMT-0500,10.302000000000001,10.207,0.0008,0.002
24.03.2020 08:30:49.568 GMT-0500,10.302999999999999,10.207,0.002,0.002
24.03.2020 08:30:50.463 GMT-0500,10.302000000000001,10.218,0.0008,0.0008
24.03.2020 08:30:50.700 GMT-0500,10.302999999999999,10.207,0.002,0.002
24.03.2020 08:30:51.446 GMT-0500,10.302000000000001,10.207,0.0008,0.002
24.03.2020 08:30:51.547 GMT-0500,10.302999999999999,10.207,0.002,0.002
24.03.2020 08:30:51.764 GMT-0500,10.293,10.207,0.0008,0.002
24.03.2020 08:30:51.890 GMT-0500,10.302000000000001,10.208,0.002,0.002
24.03.2020 08:30:52.023 GMT-0500,10.302000000000001,10.217,0.0008,0.002
24.03.2020 08:30:52.204 GMT-0500,10.302000000000001,10.217,0.0008,0.0008
24.03.2020 08:30:52.254 GMT-0500,10.302000000000001,10.208,0.002,0.002
24.03.2020 08:30:52.697 GMT-0500,10.302000000000001,10.247,0.0008,0.002
24.03.2020 08:30:52.931 GMT-0500,10.302999999999999,10.247,0.002,0.0008
24.03.2020 08:30:52.981 GMT-0500,10.302000000000001,10.218,0.0008,0.0008
24.03.2020 08:30:53.476 GMT-0500,10.302000000000001,10.208,0.002,0.002
24.03.2020 08:30:54.005 GMT-0500,10.302000000000001,10.208,0.002,0.002
24.03.2020 08:30:54.187 GMT-0500,10.302000000000001,10.207,0.0008,0.002
24.03.2020 08:30:54.669 GMT-0500,10.292,10.208,0.0008,0.002
24.03.2020 08:30:54.978 GMT-0500,10.293,10.247,0.002,0.002
24.03.2020 08:30:56.837 GMT-0500,10.293,10.247,0.0008,0.002
24.03.2020 08:30:56.888 GMT-0500,10.352,10.297,0.0008,0.002
24.03.2020 08:30:56.938 GMT-0500,10.352,10.308,0.0008,0.0008
24.03.2020 08:30:56.988 GMT-0500,10.402000000000001,10.298,0.0008,0.0008
24.03.2020 08:30:57.140 GMT-0500,10.402000000000001,10.267999999999999,0.0008,0.002
24.03.2020 08:30:57.724 GMT-0500,10.382000000000001,10.267999999999999,0.0008,0.002
24.03.2020 08:30:57.922 GMT-0500,10.373,10.267999999999999,0.0008,0.002
24.03.2020 08:30:58.038 GMT-0500,10.373,10.297,0.0008,0.002
24.03.2020 08:30:58.088 GMT-0500,10.382000000000001,10.298,0.002,0.002
24.03.2020 08:30:58.518 GMT-0500,10.382000000000001,10.267999999999999,0.002,0.002
24.03.2020 08:30:58.963 GMT-0500,10.372,10.267999999999999,0.0008,0.0008
24.03.2020 08:30:59.084 GMT-0500,10.382000000000001,10.267999999999999,0.002,0.002
24.03.2020 08:31:00.304 GMT-0500,10.372,10.267999999999999,0.0008,0.002
24.03.2020 08:31:00.355 GMT-0500,10.373,10.267000000000001,0.002,0.002
24.03.2020 08:31:00.805 GMT-0500,10.322000000000001,10.248,0.0008,0.0008
24.03.2020 08:31:00.856 GMT-0500,10.392000000000001,10.248,0.0008,0.0008
24.03.2020 08:31:00.906 GMT-0500,10.333,10.247,0.002,0.002
24.03.2020 08:31:01.133 GMT-0500,10.332,10.247,0.0008,0.002
24.03.2020 08:31:01.338 GMT-0500,10.332,10.257000000000001,0.0008,0.0008
24.03.2020 08:31:01.388 GMT-0500,10.332,10.247,0.0008,0.002
24.03.2020 08:31:01.999 GMT-0500,10.373,10.247,0.002,0.002
24.03.2020 08:31:02.404 GMT-0500,10.363,10.247,0.0008,0.002
24.03.2020 08:31:02.618 GMT-0500,10.372,10.247,0.0008,0.002
24.03.2020 08:31:02.906 GMT-0500,10.392000000000001,10.248,0.0008,0.0008
24.03.2020 08:31:03.550 GMT-0500,10.322000000000001,10.247,0.0008,0.002
24.03.2020 08:31:03.826 GMT-0500,10.313,10.247,0.0008,0.002
24.03.2020 08:31:03.927 GMT-0500,10.323,10.247,0.002,0.002
24.03.2020 08:31:04.374 GMT-0500,10.283,10.247,0.0008,0.002
24.03.2020 08:31:04.490 GMT-0500,10.283,10.248,0.0008,0.0008
24.03.2020 08:31:04.540 GMT-0500,10.322000000000001,10.248,0.0008,0.0008
24.03.2020 08:31:04.985 GMT-0500,10.282,10.247,0.0008,0.002
24.03.2020 08:31:05.130 GMT-0500,10.282,10.258,0.002,0.002
24.03.2020 08:31:06.671 GMT-0500,10.302000000000001,10.258,0.002,0.002
24.03.2020 08:31:06.722 GMT-0500,10.302999999999999,10.247,0.002,0.002
24.03.2020 08:31:06.813 GMT-0500,10.265,10.248,0.0008,0.0008
24.03.2020 08:31:06.863 GMT-0500,10.302000000000001,10.247,0.0008,0.002
24.03.2020 08:31:07.108 GMT-0500,10.263,10.207,0.0008,0.002
24.03.2020 08:31:07.158 GMT-0500,10.263,10.207,0.002,0.002
24.03.2020 08:31:08.502 GMT-0500,10.263,10.217,0.002,0.0008
24.03.2020 08:31:08.552 GMT-0500,10.263,10.207,0.002,0.002
24.03.2020 08:31:08.603 GMT-0500,10.293,10.247,0.002,0.002
24.03.2020 08:31:08.653 GMT-0500,10.292,10.208,0.002,0.002
24.03.2020 08:31:10.558 GMT-0500,10.273,10.207,0.002,0.002
24.03.2020 08:31:12.123 GMT-0500,10.263,10.207,0.002,0.002
24.03.2020 08:31:12.173 GMT-0500,10.272,10.207,0.0008,0.002
24.03.2020 08:31:12.374 GMT-0500,10.252,10.208,0.0008,0.002
24.03.2020 08:31:12.995 GMT-0500,10.252,10.237,0.0008,0.0008
24.03.2020 08:31:13.045 GMT-0500,10.272,10.208,0.002,0.002
24.03.2020 08:31:13.164 GMT-0500,10.252,10.208,0.0008,0.002
24.03.2020 08:31:13.265 GMT-0500,10.263,10.207,0.002,0.002
24.03.2020 08:31:13.677 GMT-0500,10.262,10.207,0.0008,0.002
24.03.2020 08:31:13.727 GMT-0500,10.262,10.208,0.002,0.002
24.03.2020 08:31:14.540 GMT-0500,10.262,10.198,0.0008,0.0008
24.03.2020 08:31:14.922 GMT-0500,10.262,10.198,0.0008,0.002
24.03.2020 08:31:14.973 GMT-0500,10.263,10.197000000000001,0.002,0.002
24.03.2020 08:31:15.301 GMT-0500,10.263,10.197000000000001,0.002,0.002
24.03.2020 08:31:15.351 GMT-0500,10.262,10.207,0.0008,0.002
24.03.2020 08:31:15.532 GMT-0500,10.252,10.197000000000001,0.0008,0.002
24.03.2020 08:31:15.664 GMT-0500,10.253,10.197000000000001,0.002,0.002
24.03.2020 08:31:15.765 GMT-0500,10.215,10.197000000000001,0.0008,0.002
24.03.2020 08:31:17.454 GMT-0500,10.212000000000002,10.198,0.0008,0.0008
24.03.2020 08:31:17.964 GMT-0500,10.213,10.107000000000001,0.002,0.002
24.03.2020 08:31:18.443 GMT-0500,10.213,10.107000000000001,0.002,0.002
24.03.2020 08:31:18.555 GMT-0500,10.212000000000002,10.148,0.002,0.002
24.03.2020 08:31:18.755 GMT-0500,10.213,10.137,0.002,0.002
24.03.2020 08:31:20.270 GMT-0500,10.213,10.147,0.002,0.0008
24.03.2020 08:31:20.320 GMT-0500,10.213,10.137,0.002,0.002
24.03.2020 08:31:21.127 GMT-0500,10.212000000000002,10.137,0.0008,0.002
24.03.2020 08:31:21.586 GMT-0500,10.212000000000002,10.138,0.0008,0.0008
24.03.2020 08:31:22.587 GMT-0500,10.213,10.147,0.002,0.0008
24.03.2020 08:31:22.687 GMT-0500,10.212000000000002,10.138,0.002,0.002
24.03.2020 08:31:24.428 GMT-0500,10.212000000000002,10.138,0.0008,0.002
24.03.2020 08:31:24.479 GMT-0500,10.212000000000002,10.118,0.0008,0.0008
24.03.2020 08:31:24.825 GMT-0500,10.213,10.107000000000001,0.002,0.002
24.03.2020 08:31:24.969 GMT-0500,10.212000000000002,10.108,0.002,0.002
24.03.2020 08:31:25.294 GMT-0500,10.173,10.108,0.0008,0.0008
24.03.2020 08:31:25.675 GMT-0500,10.173,10.138,0.0008,0.0008
24.03.2020 08:31:25.725 GMT-0500,10.252,10.108,0.002,0.002
24.03.2020 08:31:26.218 GMT-0500,10.203,10.107000000000001,0.0008,0.002
24.03.2020 08:31:26.582 GMT-0500,10.192,10.108,0.0008,0.0008
24.03.2020 08:31:26.669 GMT-0500,10.202,10.107000000000001,0.0008,0.002
24.03.2020 08:31:27.213 GMT-0500,10.192,10.107000000000001,0.0008,0.002
24.03.2020 08:31:27.467 GMT-0500,10.202,10.107000000000001,0.0008,0.002
24.03.2020 08:31:27.604 GMT-0500,10.203,10.107000000000001,0.002,0.002
24.03.2020 08:31:27.801 GMT-0500,10.202,10.118,0.0008,0.0008
24.03.2020 08:31:27.851 GMT-0500,10.203,10.107000000000001,0.002,0.002
24.03.2020 08:31:28.698 GMT-0500,10.203,10.117,0.002,0.0008
24.03.2020 08:31:28.749 GMT-0500,10.203,10.107000000000001,0.002,0.002
24.03.2020 08:31:30.176 GMT-0500,10.202,10.118,0.0008,0.0008
24.03.2020 08:31:30.277 GMT-0500,10.202,10.107000000000001,0.0008,0.002
24.03.2020 08:31:30.456 GMT-0500,10.192,10.108,0.0008,0.002
24.03.2020 08:31:30.738 GMT-0500,10.202,10.108,0.002,0.002
24.03.2020 08:31:31.416 GMT-0500,10.193,10.108,0.0008,0.0008
24.03.2020 08:31:31.517 GMT-0500,10.202,10.117,0.0008,0.002
24.03.2020 08:31:31.903 GMT-0500,10.202,10.108,0.002,0.002
24.03.2020 08:31:31.990 GMT-0500,10.213,10.157,0.002,0.002
24.03.2020 08:31:32.166 GMT-0500,10.202,10.158,0.0008,0.0008
24.03.2020 08:31:32.267 GMT-0500,10.203,10.157,0.002,0.002
24.03.2020 08:31:32.865 GMT-0500,10.203,10.157,0.0008,0.002
24.03.2020 08:31:32.916 GMT-0500,10.213,10.197000000000001,0.002,0.002
24.03.2020 08:31:33.174 GMT-0500,10.212000000000002,10.188,0.0008,0.002
24.03.2020 08:31:33.385 GMT-0500,10.213,10.198,0.0008,0.0008
24.03.2020 08:31:33.485 GMT-0500,10.252,10.197000000000001,0.0008,0.002
24.03.2020 08:31:33.536 GMT-0500,10.252,10.188,0.0008,0.0008
24.03.2020 08:31:34.111 GMT-0500,10.200000000000001,10.168,0.0008,0.002
24.03.2020 08:31:34.161 GMT-0500,10.202,10.168,0.0008,0.0008
24.03.2020 08:31:34.299 GMT-0500,10.203,10.168,0.0008,0.002
24.03.2020 08:31:34.349 GMT-0500,10.243,10.167,0.002,0.002
24.03.2020 08:31:35.470 GMT-0500,10.242,10.167,0.0008,0.002
24.03.2020 08:31:36.527 GMT-0500,10.242,10.187000000000001,0.0008,0.0008
24.03.2020 08:31:36.628 GMT-0500,10.242,10.167,0.0008,0.002
24.03.2020 08:31:37.386 GMT-0500,10.213,10.167,0.0008,0.002
24.03.2020 08:31:38.072 GMT-0500,10.212000000000002,10.168,0.0008,0.0008
24.03.2020 08:31:38.173 GMT-0500,10.232000000000001,10.198,0.002,0.002
24.03.2020 08:31:39.594 GMT-0500,10.252,10.198,0.002,0.002
24.03.2020 08:31:39.876 GMT-0500,10.243,10.198,0.0008,0.002
24.03.2020 08:31:39.926 GMT-0500,10.282,10.258,0.0008,0.0008
24.03.2020 08:31:39.976 GMT-0500,10.282,10.238,0.002,0.002
24.03.2020 08:31:40.027 GMT-0500,10.282,10.208,0.0008,0.0008
24.03.2020 08:31:40.207 GMT-0500,10.283,10.208,0.0008,0.0008
24.03.2020 08:31:40.258 GMT-0500,10.292,10.227,0.0008,0.002
24.03.2020 08:31:43.241 GMT-0500,10.253,10.227,0.002,0.002
24.03.2020 08:31:43.351 GMT-0500,10.252,10.228,0.0008,0.0008
24.03.2020 08:31:43.895 GMT-0500,10.242,10.198,0.0008,0.002
24.03.2020 08:31:43.946 GMT-0500,10.242,10.208,0.0008,0.0008
24.03.2020 08:31:44.519 GMT-0500,10.242,10.208,0.0008,0.002
24.03.2020 08:31:45.652 GMT-0500,10.243,10.217,0.0008,0.002
24.03.2020 08:31:45.702 GMT-0500,10.282,10.227,0.0008,0.002
24.03.2020 08:31:46.728 GMT-0500,10.273,10.227,0.002,0.0008
24.03.2020 08:31:46.778 GMT-0500,10.272,10.218,0.002,0.002
24.03.2020 08:31:46.840 GMT-0500,10.272,10.228,0.002,0.0008
24.03.2020 08:31:47.399 GMT-0500,10.242,10.218,0.0008,0.002
24.03.2020 08:31:47.449 GMT-0500,10.272,10.228,0.002,0.002
24.03.2020 08:31:48.881 GMT-0500,10.273,10.227,0.002,0.002
24.03.2020 08:31:49.406 GMT-0500,10.273,10.238,0.0008,0.0008
24.03.2020 08:31:49.457 GMT-0500,10.302000000000001,10.248,0.002,0.002
24.03.2020 08:31:52.045 GMT-0500,10.292,10.248,0.0008,0.0008
24.03.2020 08:31:52.216 GMT-0500,10.322000000000001,10.248,0.002,0.002
24.03.2020 08:31:52.267 GMT-0500,10.362,10.277000000000001,0.0008,0.002
24.03.2020 08:31:53.931 GMT-0500,10.353,10.277000000000001,0.002,0.002
24.03.2020 08:31:54.055 GMT-0500,10.353,10.278,0.0008,0.0008
24.03.2020 08:31:54.105 GMT-0500,10.362,10.278,0.0008,0.0008
24.03.2020 08:31:56.903 GMT-0500,10.322000000000001,10.278,0.0008,0.0008
24.03.2020 08:31:56.953 GMT-0500,10.332,10.248,0.0008,0.0008
24.03.2020 08:31:57.414 GMT-0500,10.333,10.247,0.002,0.002
24.03.2020 08:31:58.668 GMT-0500,10.333,10.277000000000001,0.002,0.0008
24.03.2020 08:31:59.231 GMT-0500,10.333,10.287,0.002,0.0008
24.03.2020 08:31:59.332 GMT-0500,10.362,10.287,0.0008,0.002
24.03.2020 08:31:59.382 GMT-0500,10.352,10.288,0.002,0.002
24.03.2020 08:31:59.491 GMT-0500,10.362,10.288,0.002,0.002
24.03.2020 08:31:59.647 GMT-0500,10.363,10.287,0.002,0.002
24.03.2020 08:31:59.748 GMT-0500,10.362,10.287,0.0008,0.002
24.03.2020 08:32:00.929 GMT-0500,10.352,10.308,0.0008,0.002
24.03.2020 08:32:01.035 GMT-0500,10.353,10.307,0.0008,0.002
24.03.2020 08:32:01.086 GMT-0500,10.362,10.307,0.0008,0.002
24.03.2020 08:32:01.728 GMT-0500,10.343,10.287,0.0008,0.002
24.03.2020 08:32:01.778 GMT-0500,10.342,10.287,0.0008,0.002
24.03.2020 08:32:01.829 GMT-0500,10.363,10.317,0.002,0.002
24.03.2020 08:32:02.016 GMT-0500,10.362,10.317,0.0008,0.002
24.03.2020 08:32:02.767 GMT-0500,10.392000000000001,10.318,0.002,0.002
24.03.2020 08:32:03.452 GMT-0500,10.333,10.287,0.0008,0.002
24.03.2020 08:32:03.502 GMT-0500,10.422,10.317,0.0008,0.002
24.03.2020 08:32:03.553 GMT-0500,10.422,10.338,0.002,0.002
24.03.2020 08:32:03.906 GMT-0500,10.402000000000001,10.338,0.0008,0.002
24.03.2020 08:32:04.381 GMT-0500,10.392999999999999,10.338,0.0008,0.0008
24.03.2020 08:32:04.536 GMT-0500,10.392000000000001,10.337000000000002,0.0008,0.002
24.03.2020 08:32:04.651 GMT-0500,10.392999999999999,10.327,0.002,0.002
24.03.2020 08:32:04.755 GMT-0500,10.402000000000001,10.347999999999999,0.002,0.0008
24.03.2020 08:32:05.352 GMT-0500,10.372,10.347999999999999,0.0008,0.0008
24.03.2020 08:32:05.402 GMT-0500,10.362,10.328,0.0008,0.0008
24.03.2020 08:32:05.667 GMT-0500,10.362,10.328,0.0008,0.002
24.03.2020 08:32:05.718 GMT-0500,10.402000000000001,10.347000000000001,0.0008,0.002
24.03.2020 08:32:06.375 GMT-0500,10.402000000000001,10.357000000000001,0.0008,0.0008
24.03.2020 08:32:06.763 GMT-0500,10.402000000000001,10.358,0.0008,0.0008
24.03.2020 08:32:06.868 GMT-0500,10.403,10.367,0.002,0.0008
24.03.2020 08:32:07.070 GMT-0500,10.382000000000001,10.358,0.002,0.002
24.03.2020 08:32:07.684 GMT-0500,10.402000000000001,10.368,0.0008,0.0008
24.03.2020 08:32:08.444 GMT-0500,10.403,10.367,0.002,0.002
24.03.2020 08:32:09.043 GMT-0500,10.402000000000001,10.388,0.0008,0.0008
24.03.2020 08:32:09.755 GMT-0500,10.392000000000001,10.387,0.0008,0.0008
24.03.2020 08:32:09.805 GMT-0500,10.402000000000001,10.368,0.0008,0.0008
24.03.2020 08:32:09.925 GMT-0500,10.392999999999999,10.367,0.0008,0.002
24.03.2020 08:32:10.300 GMT-0500,10.382000000000001,10.367,0.0008,0.002
24.03.2020 08:32:10.351 GMT-0500,10.373,10.357000000000001,0.002,0.002
24.03.2020 08:32:10.401 GMT-0500,10.362,10.347000000000001,0.0008,0.002
24.03.2020 08:32:10.451 GMT-0500,10.362,10.328,0.002,0.002
24.03.2020 08:32:10.502 GMT-0500,10.352,10.327,0.0008,0.002
24.03.2020 08:32:10.686 GMT-0500,10.383,10.337000000000002,0.002,0.002
24.03.2020 08:32:10.890 GMT-0500,10.383,10.337000000000002,0.0008,0.002
24.03.2020 08:32:10.941 GMT-0500,10.392999999999999,10.347000000000001,0.002,0.002
24.03.2020 08:32:13.294 GMT-0500,10.363,10.347000000000001,0.0008,0.0008
24.03.2020 08:32:13.344 GMT-0500,10.362,10.338,0.0008,0.0008
24.03.2020 08:32:14.689 GMT-0500,10.343,10.287,0.0008,0.002
24.03.2020 08:32:14.739 GMT-0500,10.342,10.288,0.002,0.002
24.03.2020 08:32:15.536 GMT-0500,10.342,10.307,0.0008,0.0008
24.03.2020 08:32:15.586 GMT-0500,10.382000000000001,10.307,0.0008,0.002
24.03.2020 08:32:15.712 GMT-0500,10.392999999999999,10.307,0.002,0.002
24.03.2020 08:32:16.452 GMT-0500,10.392000000000001,10.307,0.0008,0.002
24.03.2020 08:32:17.212 GMT-0500,10.392000000000001,10.318,0.0008,0.0008
24.03.2020 08:32:17.707 GMT-0500,10.392000000000001,10.308,0.0008,0.002
24.03.2020 08:32:17.757 GMT-0500,10.392000000000001,10.308,0.002,0.002
24.03.2020 08:32:17.859 GMT-0500,10.392000000000001,10.317,0.0008,0.002
24.03.2020 08:32:18.098 GMT-0500,10.412,10.318,0.0008,0.0008
24.03.2020 08:32:18.892 GMT-0500,10.413,10.317,0.0008,0.002
24.03.2020 08:32:19.050 GMT-0500,10.383,10.317,0.0008,0.002
24.03.2020 08:32:19.276 GMT-0500,10.362,10.317,0.0008,0.0008
24.03.2020 08:32:19.578 GMT-0500,10.333,10.307,0.0008,0.002
24.03.2020 08:32:19.629 GMT-0500,10.343,10.307,0.002,0.002
24.03.2020 08:32:19.884 GMT-0500,10.343,10.317,0.002,0.0008
24.03.2020 08:32:20.217 GMT-0500,10.333,10.317,0.0008,0.0008
24.03.2020 08:32:20.267 GMT-0500,10.333,10.307,0.002,0.002
24.03.2020 08:32:21.731 GMT-0500,10.312000000000001,10.288,0.0008,0.002
24.03.2020 08:32:21.782 GMT-0500,10.312000000000001,10.288,0.0008,0.0008
24.03.2020 08:32:22.659 GMT-0500,10.322000000000001,10.298,0.0008,0.0008
24.03.2020 08:32:22.814 GMT-0500,10.323,10.298,0.0008,0.0008
24.03.2020 08:32:22.865 GMT-0500,10.342,10.298,0.0008,0.0008
24.03.2020 08:32:22.915 GMT-0500,10.312000000000001,10.288,0.0008,0.0008
24.03.2020 08:32:23.609 GMT-0500,10.322000000000001,10.297,0.0008,0.002
24.03.2020 08:32:23.659 GMT-0500,10.343,10.297,0.002,0.002
24.03.2020 08:32:23.709 GMT-0500,10.342,10.308,0.0008,0.0008
24.03.2020 08:32:24.986 GMT-0500,10.342,10.318,0.0008,0.0008
24.03.2020 08:32:25.087 GMT-0500,10.343,10.307,0.002,0.002
24.03.2020 08:32:25.137 GMT-0500,10.323,10.307,0.002,0.002
24.03.2020 08:32:25.366 GMT-0500,10.322000000000001,10.288,0.0008,0.002
24.03.2020 08:32:25.416 GMT-0500,10.312000000000001,10.287,0.0008,0.002
24.03.2020 08:32:25.691 GMT-0500,10.322000000000001,10.288,0.0008,0.0008
24.03.2020 08:32:26.699 GMT-0500,10.302999999999999,10.287,0.002,0.002
24.03.2020 08:32:26.949 GMT-0500,10.272,10.248,0.0008,0.0008
24.03.2020 08:32:27.806 GMT-0500,10.273,10.257000000000001,0.0008,0.0008
24.03.2020 08:32:27.856 GMT-0500,10.292,10.257000000000001,0.0008,0.002
24.03.2020 08:32:27.975 GMT-0500,10.272,10.247,0.0008,0.002
24.03.2020 08:32:28.933 GMT-0500,10.273,10.247,0.0008,0.002
24.03.2020 08:32:28.984 GMT-0500,10.292,10.258,0.002,0.002
24.03.2020 08:32:29.250 GMT-0500,10.273,10.258,0.0008,0.0008
24.03.2020 08:32:29.300 GMT-0500,10.272,10.248,0.0008,0.0008
24.03.2020 08:32:29.580 GMT-0500,10.282,10.247,0.0008,0.002
24.03.2020 08:32:29.834 GMT-0500,10.282,10.247,0.0008,0.002
24.03.2020 08:32:29.967 GMT-0500,10.293,10.267000000000001,0.002,0.002
24.03.2020 08:32:30.539 GMT-0500,10.292,10.267999999999999,0.0008,0.002
24.03.2020 08:32:30.833 GMT-0500,10.282,10.248,0.0008,0.002
24.03.2020 08:32:30.884 GMT-0500,10.272,10.248,0.002,0.002
24.03.2020 08:32:34.858 GMT-0500,10.273,10.237,0.002,0.002
24.03.2020 08:32:35.756 GMT-0500,10.243,10.217,0.0008,0.002
24.03.2020 08:32:35.857 GMT-0500,10.222000000000001,10.198,0.002,0.002
24.03.2020 08:32:35.971 GMT-0500,10.222000000000001,10.208,0.0008,0.0008
24.03.2020 08:32:36.021 GMT-0500,10.243,10.207,0.002,0.002
24.03.2020 08:32:36.203 GMT-0500,10.232000000000001,10.208,0.0008,0.0008
24.03.2020 08:32:36.689 GMT-0500,10.233,10.207,0.002,0.002
24.03.2020 08:32:37.352 GMT-0500,10.232000000000001,10.208,0.0008,0.002
24.03.2020 08:32:37.403 GMT-0500,10.242,10.208,0.002,0.002
24.03.2020 08:32:37.676 GMT-0500,10.242,10.208,0.0008,0.002
24.03.2020 08:32:37.726 GMT-0500,10.242,10.208,0.0008,0.0008
24.03.2020 08:32:38.066 GMT-0500,10.243,10.217,0.002,0.002
24.03.2020 08:32:38.746 GMT-0500,10.253,10.217,0.002,0.002
24.03.2020 08:32:39.578 GMT-0500,10.242,10.218,0.0008,0.0008
24.03.2020 08:32:39.678 GMT-0500,10.292,10.257000000000001,0.0008,0.002
24.03.2020 08:32:40.503 GMT-0500,10.265,10.248,0.0008,0.002
24.03.2020 08:32:40.553 GMT-0500,10.262,10.248,0.002,0.002
24.03.2020 08:32:40.604 GMT-0500,10.273,10.247,0.002,0.002
24.03.2020 08:32:40.713 GMT-0500,10.263,10.247,0.0008,0.002
24.03.2020 08:32:41.411 GMT-0500,10.272,10.247,0.0008,0.002
24.03.2020 08:32:41.836 GMT-0500,10.263,10.247,0.0008,0.002
24.03.2020 08:32:42.383 GMT-0500,10.252,10.238,0.0008,0.0008
24.03.2020 08:32:42.434 GMT-0500,10.272,10.248,0.0008,0.0008
24.03.2020 08:32:42.514 GMT-0500,10.262,10.248,0.0008,0.0008
24.03.2020 08:32:42.564 GMT-0500,10.262,10.238,0.002,0.002
24.03.2020 08:32:42.868 GMT-0500,10.262,10.248,0.002,0.0008
24.03.2020 08:32:43.328 GMT-0500,10.263,10.237,0.002,0.002
24.03.2020 08:32:44.074 GMT-0500,10.265,10.258,0.0008,0.0008
24.03.2020 08:32:44.124 GMT-0500,10.302000000000001,10.258,0.002,0.002
24.03.2020 08:32:44.649 GMT-0500,10.302000000000001,10.247,0.0008,0.002
24.03.2020 08:32:47.870 GMT-0500,10.302999999999999,10.257000000000001,0.002,0.002
24.03.2020 08:32:49.164 GMT-0500,10.302000000000001,10.258,0.0008,0.0008
24.03.2020 08:32:52.565 GMT-0500,10.302000000000001,10.258,0.0008,0.002
24.03.2020 08:32:52.616 GMT-0500,10.352,10.298,0.002,0.002
24.03.2020 08:32:52.667 GMT-0500,10.363,10.297,0.002,0.002
24.03.2020 08:32:52.991 GMT-0500,10.333,10.297,0.002,0.002
24.03.2020 08:32:54.716 GMT-0500,10.323,10.297,0.0008,0.002
24.03.2020 08:32:54.817 GMT-0500,10.332,10.297,0.0008,0.002
24.03.2020 08:32:54.903 GMT-0500,10.323,10.297,0.0008,0.002
24.03.2020 08:32:54.954 GMT-0500,10.322000000000001,10.277000000000001,0.0008,0.002
24.03.2020 08:32:55.056 GMT-0500,10.322000000000001,10.298,0.002,0.002
24.03.2020 08:32:55.387 GMT-0500,10.322000000000001,10.288,0.0008,0.0008
24.03.2020 08:32:55.585 GMT-0500,10.322000000000001,10.298,0.0008,0.0008
24.03.2020 08:32:55.739 GMT-0500,10.323,10.297,0.002,0.002
24.03.2020 08:32:56.273 GMT-0500,10.322000000000001,10.298,0.002,0.002
24.03.2020 08:32:56.532 GMT-0500,10.302000000000001,10.298,0.0008,0.0008
24.03.2020 08:32:56.582 GMT-0500,10.322000000000001,10.277000000000001,0.0008,0.002
24.03.2020 08:32:57.470 GMT-0500,10.323,10.277000000000001,0.002,0.002
24.03.2020 08:32:58.645 GMT-0500,10.322000000000001,10.298,0.0008,0.0008
24.03.2020 08:32:58.794 GMT-0500,10.312000000000001,10.278,0.0008,0.002
24.03.2020 08:32:58.844 GMT-0500,10.323,10.297,0.002,0.002
24.03.2020 08:32:59.289 GMT-0500,10.322000000000001,10.288,0.0008,0.002
24.03.2020 08:32:59.340 GMT-0500,10.322000000000001,10.288,0.0008,0.0008
24.03.2020 08:32:59.714 GMT-0500,10.312000000000001,10.288,0.0008,0.002
24.03.2020 08:32:59.877 GMT-0500,10.313,10.277000000000001,0.002,0.002
24.03.2020 08:32:59.927 GMT-0500,10.312000000000001,10.288,0.0008,0.0008
24.03.2020 08:33:00.034 GMT-0500,10.322000000000001,10.287,0.0008,0.002
24.03.2020 08:33:00.612 GMT-0500,10.282,10.267999999999999,0.002,0.002
24.03.2020 08:33:00.662 GMT-0500,10.302000000000001,10.267000000000001,0.0008,0.002
24.03.2020 08:33:00.712 GMT-0500,10.312000000000001,10.278,0.002,0.002
24.03.2020 08:33:01.322 GMT-0500,10.302999999999999,10.278,0.0008,0.0008
24.03.2020 08:33:01.373 GMT-0500,10.302999999999999,10.267000000000001,0.002,0.002
24.03.2020 08:33:01.684 GMT-0500,10.302000000000001,10.288,0.0008,0.0008
24.03.2020 08:33:01.916 GMT-0500,10.302999999999999,10.277000000000001,0.002,0.002
24.03.2020 08:33:01.966 GMT-0500,10.283,10.257000000000001,0.002,0.002
24.03.2020 08:33:02.177 GMT-0500,10.263,10.255,0.0008,0.0008
24.03.2020 08:33:02.228 GMT-0500,10.262,10.218,0.0008,0.0008
24.03.2020 08:33:02.916 GMT-0500,10.263,10.237,0.0008,0.0008
24.03.2020 08:33:02.967 GMT-0500,10.302000000000001,10.238,0.0008,0.0008
24.03.2020 08:33:03.420 GMT-0500,10.302999999999999,10.237,0.002,0.002
24.03.2020 08:33:03.767 GMT-0500,10.302000000000001,10.237,0.0008,0.002
24.03.2020 08:33:03.868 GMT-0500,10.282,10.198,0.002,0.002
24.03.2020 08:33:04.620 GMT-0500,10.253,10.198,0.0008,0.0008
24.03.2020 08:33:04.671 GMT-0500,10.282,10.198,0.002,0.002
24.03.2020 08:33:04.979 GMT-0500,10.262,10.198,0.0008,0.002
24.03.2020 08:33:05.374 GMT-0500,10.252,10.198,0.0008,0.0008
24.03.2020 08:33:05.631 GMT-0500,10.243,10.198,0.0008,0.0008
24.03.2020 08:33:05.830 GMT-0500,10.242,10.198,0.0008,0.0008
24.03.2020 08:33:06.211 GMT-0500,10.262,10.198,0.002,0.002
24.03.2020 08:33:06.262 GMT-0500,10.232000000000001,10.198,0.002,0.002
24.03.2020 08:33:06.562 GMT-0500,10.222999999999999,10.197000000000001,0.0008,0.002
24.03.2020 08:33:06.816 GMT-0500,10.222000000000001,10.198,0.002,0.002
24.03.2020 08:33:06.975 GMT-0500,10.212000000000002,10.168,0.002,0.002
24.03.2020 08:33:07.252 GMT-0500,10.183,10.157,0.0008,0.002
24.03.2020 08:33:07.303 GMT-0500,10.182,10.157,0.0008,0.002
24.03.2020 08:33:07.860 GMT-0500,10.192,10.168,0.002,0.002
24.03.2020 08:33:08.354 GMT-0500,10.202,10.177999999999999,0.0008,0.0008
24.03.2020 08:33:08.486 GMT-0500,10.203,10.167,0.002,0.002
24.03.2020 08:33:08.550 GMT-0500,10.182,10.158,0.0008,0.0008
24.03.2020 08:33:08.773 GMT-0500,10.183,10.157,0.002,0.002
24.03.2020 08:33:09.674 GMT-0500,10.163,10.157,0.0008,0.0008
24.03.2020 08:33:09.725 GMT-0500,10.163,10.117,0.002,0.002
24.03.2020 08:33:09.780 GMT-0500,10.173,10.117,0.002,0.002
24.03.2020 08:33:09.831 GMT-0500,10.173,10.147,0.002,0.002
24.03.2020 08:33:09.881 GMT-0500,10.172,10.117,0.0008,0.002
24.03.2020 08:33:10.181 GMT-0500,10.153,10.097000000000001,0.0008,0.002
24.03.2020 08:33:10.232 GMT-0500,10.152000000000001,10.097000000000001,0.0008,0.002
24.03.2020 08:33:10.843 GMT-0500,10.152000000000001,10.137,0.0008,0.0008
24.03.2020 08:33:10.893 GMT-0500,10.162,10.138,0.0008,0.0008
24.03.2020 08:33:10.943 GMT-0500,10.162,10.097999999999999,0.002,0.002
24.03.2020 08:33:11.152 GMT-0500,10.152000000000001,10.097999999999999,0.0008,0.002
24.03.2020 08:33:12.050 GMT-0500,10.152000000000001,10.137,0.0008,0.0008
24.03.2020 08:33:12.101 GMT-0500,10.173,10.137,0.002,0.002
24.03.2020 08:33:12.336 GMT-0500,10.152000000000001,10.097999999999999,0.0008,0.002
24.03.2020 08:33:12.386 GMT-0500,10.172,10.097999999999999,0.0008,0.0008
24.03.2020 08:33:12.564 GMT-0500,10.173,10.147,0.002,0.0008
24.03.2020 08:33:12.664 GMT-0500,10.183,10.147,0.002,0.002
24.03.2020 08:33:12.925 GMT-0500,10.203,10.147,0.002,0.002
24.03.2020 08:33:12.975 GMT-0500,10.182,10.147,0.0008,0.002
24.03.2020 08:33:13.482 GMT-0500,10.152000000000001,10.108,0.0008,0.002
24.03.2020 08:33:13.532 GMT-0500,10.152000000000001,10.097999999999999,0.002,0.002
24.03.2020 08:33:13.876 GMT-0500,10.183,10.147,0.002,0.002
24.03.2020 08:33:13.927 GMT-0500,10.202,10.158,0.0008,0.0008
24.03.2020 08:33:13.999 GMT-0500,10.202,10.168,0.0008,0.0008
24.03.2020 08:33:14.245 GMT-0500,10.193,10.167,0.002,0.002
24.03.2020 08:33:14.295 GMT-0500,10.172,10.138,0.0008,0.0008
24.03.2020 08:33:14.346 GMT-0500,10.172,10.147,0.0008,0.002
24.03.2020 08:33:14.396 GMT-0500,10.182,10.148,0.0008,0.0008
24.03.2020 08:33:14.697 GMT-0500,10.182,10.138,0.0008,0.002
24.03.2020 08:33:14.748 GMT-0500,10.182,10.138,0.002,0.002
24.03.2020 08:33:14.852 GMT-0500,10.182,10.157,0.0008,0.0008
24.03.2020 08:33:14.903 GMT-0500,10.192,10.157,0.0008,0.002
24.03.2020 08:33:14.953 GMT-0500,10.183,10.157,0.002,0.002
24.03.2020 08:33:15.336 GMT-0500,10.183,10.167,0.0008,0.0008
24.03.2020 08:33:15.386 GMT-0500,10.212000000000002,10.168,0.002,0.002
24.03.2020 08:33:15.940 GMT-0500,10.213,10.167,0.002,0.002
24.03.2020 08:33:16.075 GMT-0500,10.212000000000002,10.167,0.0008,0.002
24.03.2020 08:33:16.443 GMT-0500,10.212000000000002,10.187000000000001,0.0008,0.0008
24.03.2020 08:33:16.752 GMT-0500,10.213,10.198,0.0008,0.0008
24.03.2020 08:33:16.803 GMT-0500,10.253,10.217,0.002,0.002
24.03.2020 08:33:16.872 GMT-0500,10.253,10.237,0.0008,0.0008
24.03.2020 08:33:16.922 GMT-0500,10.272,10.237,0.0008,0.002
24.03.2020 08:33:17.438 GMT-0500,10.273,10.237,0.002,0.002
24.03.2020 08:33:17.591 GMT-0500,10.242,10.208,0.0008,0.0008
24.03.2020 08:33:17.729 GMT-0500,10.252,10.218,0.002,0.002
24.03.2020 08:33:18.171 GMT-0500,10.242,10.218,0.0008,0.002
24.03.2020 08:33:18.421 GMT-0500,10.252,10.208,0.0008,0.0008
24.03.2020 08:33:18.678 GMT-0500,10.253,10.245000000000001,0.0008,0.0008
24.03.2020 08:33:18.729 GMT-0500,10.273,10.247,0.002,0.002
24.03.2020 08:33:18.908 GMT-0500,10.272,10.247,0.0008,0.002
24.03.2020 08:33:18.959 GMT-0500,10.252,10.198,0.0008,0.0008
24.03.2020 08:33:19.873 GMT-0500,10.273,10.237,0.002,0.002
24.03.2020 08:33:20.375 GMT-0500,10.252,10.208,0.0008,0.002
24.03.2020 08:33:20.425 GMT-0500,10.252,10.208,0.002,0.002
24.03.2020 08:33:21.721 GMT-0500,10.252,10.237,0.0008,0.0008
24.03.2020 08:33:21.772 GMT-0500,10.273,10.237,0.002,0.002
24.03.2020 08:33:22.010 GMT-0500,10.253,10.237,0.0008,0.002
24.03.2020 08:33:22.111 GMT-0500,10.252,10.207,0.0008,0.002
24.03.2020 08:33:22.161 GMT-0500,10.253,10.217,0.002,0.002
24.03.2020 08:33:22.443 GMT-0500,10.252,10.217,0.0008,0.002
24.03.2020 08:33:22.494 GMT-0500,10.252,10.218,0.002,0.002
24.03.2020 08:33:22.638 GMT-0500,10.242,10.218,0.002,0.002
24.03.2020 08:33:23.007 GMT-0500,10.243,10.217,0.002,0.002
24.03.2020 08:33:23.122 GMT-0500,10.242,10.217,0.0008,0.002
24.03.2020 08:33:23.492 GMT-0500,10.222999999999999,10.217,0.0008,0.0008
24.03.2020 08:33:23.542 GMT-0500,10.242,10.197000000000001,0.0008,0.002
24.03.2020 08:33:23.819 GMT-0500,10.232000000000001,10.198,0.0008,0.002
24.03.2020 08:33:23.990 GMT-0500,10.212000000000002,10.188,0.002,0.002
24.03.2020 08:33:24.040 GMT-0500,10.222999999999999,10.187000000000001,0.002,0.002
24.03.2020 08:33:24.425 GMT-0500,10.202,10.188,0.0008,0.0008
24.03.2020 08:33:24.475 GMT-0500,10.192,10.158,0.002,0.002
24.03.2020 08:33:24.576 GMT-0500,10.202,10.158,0.0008,0.0008
24.03.2020 08:33:24.890 GMT-0500,10.203,10.177999999999999,0.0008,0.0008
24.03.2020 08:33:24.941 GMT-0500,10.222000000000001,10.177999999999999,0.0008,0.0008
24.03.2020 08:33:25.018 GMT-0500,10.203,10.177999999999999,0.0008,0.0008
24.03.2020 08:33:25.717 GMT-0500,10.203,10.177000000000001,0.002,0.002
24.03.2020 08:33:26.063 GMT-0500,10.192,10.177000000000001,0.0008,0.0008
24.03.2020 08:33:26.113 GMT-0500,10.192,10.158,0.002,0.002
24.03.2020 08:33:26.609 GMT-0500,10.193,10.157,0.002,0.002
24.03.2020 08:33:26.840 GMT-0500,10.183,10.157,0.0008,0.002
24.03.2020 08:33:26.891 GMT-0500,10.183,10.137,0.002,0.002
24.03.2020 08:33:26.956 GMT-0500,10.172,10.138,0.0008,0.0008
24.03.2020 08:33:27.349 GMT-0500,10.172,10.158,0.0008,0.0008
24.03.2020 08:33:27.400 GMT-0500,10.173,10.137,0.002,0.002
24.03.2020 08:33:27.555 GMT-0500,10.162,10.137,0.0008,0.002
24.03.2020 08:33:27.701 GMT-0500,10.142000000000001,10.108,0.002,0.002
24.03.2020 08:33:27.755 GMT-0500,10.142999999999999,10.097000000000001,0.002,0.002
24.03.2020 08:33:27.870 GMT-0500,10.142999999999999,10.128,0.0008,0.0008
24.03.2020 08:33:27.921 GMT-0500,10.162,10.097000000000001,0.0008,0.002
24.03.2020 08:33:28.027 GMT-0500,10.152000000000001,10.097999999999999,0.0008,0.002
24.03.2020 08:33:28.621 GMT-0500,10.152000000000001,10.128,0.0008,0.0008
24.03.2020 08:33:28.722 GMT-0500,10.152000000000001,10.138,0.002,0.002
24.03.2020 08:33:29.221 GMT-0500,10.153,10.147,0.0008,0.0008
24.03.2020 08:33:29.271 GMT-0500,10.163,10.147,0.002,0.002
24.03.2020 08:33:29.522 GMT-0500,10.162,10.148,0.0008,0.0008
24.03.2020 08:33:29.824 GMT-0500,10.162,10.108,0.002,0.002
24.03.2020 08:33:29.903 GMT-0500,10.152000000000001,10.108,0.0008,0.002
24.03.2020 08:33:30.144 GMT-0500,10.142999999999999,10.097000000000001,0.0008,0.002
24.03.2020 08:33:30.194 GMT-0500,10.142000000000001,10.097999999999999,0.0008,0.0008
24.03.2020 08:33:30.524 GMT-0500,10.152000000000001,10.097000000000001,0.0008,0.002
24.03.2020 08:33:30.796 GMT-0500,10.142000000000001,10.097999999999999,0.0008,0.002
24.03.2020 08:33:31.429 GMT-0500,10.132000000000001,10.097999999999999,0.0008,0.0008
24.03.2020 08:33:32.488 GMT-0500,10.113,10.097000000000001,0.002,0.002
24.03.2020 08:33:32.612 GMT-0500,10.122,10.097999999999999,0.0008,0.0008
24.03.2020 08:33:32.663 GMT-0500,10.113,10.097000000000001,0.002,0.002
24.03.2020 08:33:32.860 GMT-0500,10.112,10.097000000000001,0.0008,0.002
24.03.2020 08:33:33.224 GMT-0500,10.113,10.097000000000001,0.002,0.002
24.03.2020 08:33:33.417 GMT-0500,10.112,10.097000000000001,0.0008,0.002
24.03.2020 08:33:33.824 GMT-0500,10.122,10.097999999999999,0.0008,0.0008
24.03.2020 08:33:33.952 GMT-0500,10.132000000000001,10.097999999999999,0.0008,0.0008
24.03.2020 08:33:34.392 GMT-0500,10.123,10.097000000000001,0.002,0.002
24.03.2020 08:33:34.536 GMT-0500,10.122,10.097000000000001,0.0008,0.002
24.03.2020 08:33:34.653 GMT-0500,10.113,10.097000000000001,0.0008,0.002
24.03.2020 08:33:36.012 GMT-0500,10.112,10.097000000000001,0.0008,0.002
24.03.2020 08:33:36.847 GMT-0500,10.113,10.097000000000001,0.002,0.002
24.03.2020 08:33:36.898 GMT-0500,10.122,10.097000000000001,0.0008,0.002
24.03.2020 08:33:37.090 GMT-0500,10.122,10.108,0.0008,0.0008
24.03.2020 08:33:37.140 GMT-0500,10.142000000000001,10.107000000000001,0.0008,0.002
24.03.2020 08:33:37.191 GMT-0500,10.122,10.097999999999999,0.002,0.002
24.03.2020 08:33:37.576 GMT-0500,10.122,10.108,0.002,0.002
24.03.2020 08:33:37.626 GMT-0500,10.123,10.097000000000001,0.002,0.002
24.03.2020 08:33:37.719 GMT-0500,10.123,10.107000000000001,0.002,0.0008
24.03.2020 08:33:38.585 GMT-0500,10.122,10.107000000000001,0.0008,0.002
24.03.2020 08:33:38.635 GMT-0500,10.152000000000001,10.118,0.0008,0.0008
24.03.2020 08:33:38.766 GMT-0500,10.153,10.117,0.002,0.002
24.03.2020 08:33:38.890 GMT-0500,10.153,10.117,0.002,0.002
24.03.2020 08:33:38.994 GMT-0500,10.153,10.128,0.0008,0.0008
24.03.2020 08:33:39.044 GMT-0500,10.162,10.128,0.0008,0.0008
24.03.2020 08:33:39.095 GMT-0500,10.162,10.108,0.002,0.002
24.03.2020 08:33:39.357 GMT-0500,10.142999999999999,10.097000000000001,0.0008,0.002
24.03.2020 08:33:39.407 GMT-0500,10.142000000000001,10.097000000000001,0.0008,0.002
24.03.2020 08:33:39.458 GMT-0500,10.132000000000001,10.097999999999999,0.002,0.002
24.03.2020 08:33:39.718 GMT-0500,10.123,10.097999999999999,0.0008,0.0008
24.03.2020 08:33:40.393 GMT-0500,10.112,10.088,0.0008,0.0008
24.03.2020 08:33:40.494 GMT-0500,10.102,10.087000000000002,0.0008,0.002
24.03.2020 08:33:40.641 GMT-0500,10.102,10.077,0.0008,0.002
24.03.2020 08:33:40.807 GMT-0500,10.082,10.075000000000001,0.0008,0.0008
24.03.2020 08:33:40.857 GMT-0500,10.092,10.038,0.002,0.002
24.03.2020 08:33:41.155 GMT-0500,10.093,10.027000000000001,0.002,0.002
24.03.2020 08:33:41.339 GMT-0500,10.082,10.027000000000001,0.0008,0.002
24.03.2020 08:33:41.390 GMT-0500,10.092,10.028,0.002,0.002
24.03.2020 08:33:41.676 GMT-0500,10.082,10.028,0.0008,0.002
24.03.2020 08:33:41.995 GMT-0500,10.082,10.068,0.0008,0.0008
24.03.2020 08:33:42.045 GMT-0500,10.093,10.067,0.002,0.002
24.03.2020 08:33:42.290 GMT-0500,10.082,10.057,0.0008,0.002
24.03.2020 08:33:42.889 GMT-0500,10.092,10.068,0.0008,0.0008
24.03.2020 08:33:43.041 GMT-0500,10.082,10.078,0.0008,0.0008
24.03.2020 08:33:43.091 GMT-0500,10.093,10.077,0.002,0.002
24.03.2020 08:33:43.216 GMT-0500,10.122,10.077,0.0008,0.002
24.03.2020 08:33:43.348 GMT-0500,10.102,10.078,0.0008,0.002
24.03.2020 08:33:43.631 GMT-0500,10.092,10.077,0.0008,0.002
24.03.2020 08:33:43.681 GMT-0500,10.103,10.077,0.002,0.002
24.03.2020 08:33:43.897 GMT-0500,10.092,10.078,0.0008,0.0008
24.03.2020 08:33:44.072 GMT-0500,10.093,10.077,0.002,0.002
24.03.2020 08:33:44.333 GMT-0500,10.092,10.078,0.0008,0.0008
24.03.2020 08:33:44.383 GMT-0500,10.082,10.038,0.0008,0.0008
24.03.2020 08:33:44.434 GMT-0500,10.082,10.028,0.002,0.002
24.03.2020 08:33:45.117 GMT-0500,10.063,10.017000000000001,0.0008,0.002
24.03.2020 08:33:45.168 GMT-0500,10.062000000000001,10.017000000000001,0.0008,0.002
24.03.2020 08:33:45.422 GMT-0500,10.063,10.017000000000001,0.002,0.002
24.03.2020 08:33:45.956 GMT-0500,10.062000000000001,10.017000000000001,0.0008,0.002
24.03.2020 08:33:46.471 GMT-0500,10.052000000000001,10.008,0.0008,0.002
24.03.2020 08:33:46.521 GMT-0500,10.052000000000001,10.008,0.0008,0.0008
24.03.2020 08:33:46.767 GMT-0500,10.052000000000001,10.038,0.0008,0.0008
24.03.2020 08:33:46.868 GMT-0500,10.062000000000001,10.048,0.0008,0.0008
24.03.2020 08:33:46.996 GMT-0500,10.052000000000001,10.037,0.0008,0.002
24.03.2020 08:33:47.927 GMT-0500,10.052000000000001,10.008,0.0008,0.0008
24.03.2020 08:33:48.063 GMT-0500,10.052999999999999,10.038,0.0008,0.0008
24.03.2020 08:33:48.113 GMT-0500,10.063,10.037,0.002,0.002
24.03.2020 08:33:48.234 GMT-0500,10.062000000000001,10.008,0.0008,0.002
24.03.2020 08:33:48.286 GMT-0500,10.062000000000001,10.008,0.002,0.002
24.03.2020 08:33:48.371 GMT-0500,10.062000000000001,10.008,0.0008,0.002
24.03.2020 08:33:48.474 GMT-0500,10.062000000000001,10.038,0.0008,0.002
24.03.2020 08:33:48.747 GMT-0500,10.092,10.058,0.0008,0.0008
24.03.2020 08:33:48.933 GMT-0500,10.092,10.068,0.0008,0.0008
24.03.2020 08:33:49.098 GMT-0500,10.082,10.067,0.0008,0.0008
24.03.2020 08:33:49.148 GMT-0500,10.072000000000001,10.048,0.0008,0.0008
24.03.2020 08:33:49.426 GMT-0500,10.073,10.047,0.002,0.002
24.03.2020 08:33:49.526 GMT-0500,10.062000000000001,10.007000000000001,0.0008,0.002
24.03.2020 08:33:50.109 GMT-0500,10.062000000000001,10.045,0.0008,0.0008
24.03.2020 08:33:50.292 GMT-0500,10.062000000000001,10.048,0.0008,0.0008
24.03.2020 08:33:50.342 GMT-0500,10.052000000000001,10.008,0.002,0.002
24.03.2020 08:33:51.262 GMT-0500,10.072000000000001,10.048,0.002,0.002
24.03.2020 08:33:51.312 GMT-0500,10.072000000000001,10.037,0.0008,0.002
24.03.2020 08:33:51.874 GMT-0500,10.052999999999999,10.037,0.0008,0.0008
24.03.2020 08:33:51.925 GMT-0500,10.052999999999999,10.007000000000001,0.002,0.002
24.03.2020 08:33:53.239 GMT-0500,10.052999999999999,10.007000000000001,0.0008,0.002
24.03.2020 08:33:53.289 GMT-0500,10.072000000000001,10.048,0.0008,0.0008
24.03.2020 08:33:53.340 GMT-0500,10.073,10.037,0.002,0.002
24.03.2020 08:33:53.413 GMT-0500,10.063,10.037,0.002,0.002
24.03.2020 08:33:53.821 GMT-0500,10.063,10.048,0.0008,0.002
24.03.2020 08:33:53.872 GMT-0500,10.092,10.067,0.0008,0.002
24.03.2020 08:33:54.045 GMT-0500,10.083,10.067,0.0008,0.0008
24.03.2020 08:33:54.095 GMT-0500,10.082,10.057,0.0008,0.002
24.03.2020 08:33:54.276 GMT-0500,10.082,10.068,0.0008,0.0008
24.03.2020 08:33:54.326 GMT-0500,10.092,10.068,0.002,0.002
24.03.2020 08:33:54.447 GMT-0500,10.082,10.058,0.0008,0.0008
24.03.2020 08:33:54.671 GMT-0500,10.073,10.047,0.0008,0.002
24.03.2020 08:33:54.721 GMT-0500,10.072000000000001,10.048,0.002,0.002
24.03.2020 08:33:55.116 GMT-0500,10.083,10.047,0.002,0.002
24.03.2020 08:33:55.195 GMT-0500,10.073,10.047,0.0008,0.002
24.03.2020 08:33:55.308 GMT-0500,10.072000000000001,10.047,0.0008,0.002
24.03.2020 08:33:55.527 GMT-0500,10.062000000000001,10.048,0.0008,0.002
24.03.2020 08:33:55.800 GMT-0500,10.063,10.057,0.0008,0.0008
24.03.2020 08:33:55.850 GMT-0500,10.073,10.047,0.002,0.002
24.03.2020 08:33:55.920 GMT-0500,10.063,10.047,0.0008,0.0008
24.03.2020 08:33:55.970 GMT-0500,10.062000000000001,10.038,0.0008,0.0008
24.03.2020 08:33:56.861 GMT-0500,10.062000000000001,10.057,0.0008,0.0008
24.03.2020 08:33:56.911 GMT-0500,10.083,10.057,0.002,0.002
24.03.2020 08:33:57.011 GMT-0500,10.072000000000001,10.038,0.0008,0.0008
24.03.2020 08:33:57.954 GMT-0500,10.062000000000001,10.038,0.0008,0.002
24.03.2020 08:33:58.004 GMT-0500,10.083,10.047,0.002,0.002
24.03.2020 08:33:58.263 GMT-0500,10.083,10.067,0.0008,0.0008
24.03.2020 08:33:58.313 GMT-0500,10.102,10.068,0.002,0.002
24.03.2020 08:33:58.481 GMT-0500,10.083,10.068,0.0008,0.0008
24.03.2020 08:33:58.581 GMT-0500,10.082,10.048,0.0008,0.0008
24.03.2020 08:34:00.081 GMT-0500,10.083,10.067,0.002,0.0008
24.03.2020 08:34:00.234 GMT-0500,10.082,10.057,0.0008,0.002
24.03.2020 08:34:00.412 GMT-0500,10.083,10.057,0.0008,0.002
24.03.2020 08:34:00.462 GMT-0500,10.092,10.068,0.002,0.002
24.03.2020 08:34:00.663 GMT-0500,10.102,10.068,0.002,0.002
24.03.2020 08:34:00.785 GMT-0500,10.093,10.068,0.0008,0.0008
24.03.2020 08:34:00.835 GMT-0500,10.093,10.057,0.002,0.002
24.03.2020 08:34:00.944 GMT-0500,10.092,10.058,0.002,0.002
24.03.2020 08:34:01.114 GMT-0500,10.092,10.067,0.0008,0.002
24.03.2020 08:34:01.533 GMT-0500,10.092,10.058,0.002,0.002
24.03.2020 08:34:01.583 GMT-0500,10.082,10.058,0.0008,0.0008
24.03.2020 08:34:01.915 GMT-0500,10.073,10.047,0.0008,0.002
24.03.2020 08:34:01.966 GMT-0500,10.082,10.047,0.0008,0.002
24.03.2020 08:34:02.578 GMT-0500,10.072000000000001,10.047,0.0008,0.002
24.03.2020 08:34:02.747 GMT-0500,10.072000000000001,10.048,0.0008,0.002
24.03.2020 08:34:02.797 GMT-0500,10.092,10.067,0.0008,0.002
24.03.2020 08:34:02.848 GMT-0500,10.102,10.067,0.0008,0.002
24.03.2020 08:34:02.915 GMT-0500,10.102,10.077,0.0008,0.0008
24.03.2020 08:34:02.965 GMT-0500,10.132000000000001,10.077,0.0008,0.002
24.03.2020 08:34:03.016 GMT-0500,10.102,10.067,0.0008,0.002
24.03.2020 08:34:04.057 GMT-0500,10.102,10.088,0.002,0.0008
24.03.2020 08:34:04.108 GMT-0500,10.123,10.077,0.002,0.002
24.03.2020 08:34:04.171 GMT-0500,10.123,10.097000000000001,0.002,0.0008
24.03.2020 08:34:04.618 GMT-0500,10.123,10.087000000000002,0.002,0.002
24.03.2020 08:34:05.622 GMT-0500,10.132000000000001,10.107000000000001,0.0008,0.002
24.03.2020 08:34:05.672 GMT-0500,10.133,10.097000000000001,0.002,0.002
24.03.2020 08:34:05.821 GMT-0500,10.132000000000001,10.088,0.0008,0.0008
24.03.2020 08:34:05.913 GMT-0500,10.113,10.087000000000002,0.002,0.002
24.03.2020 08:34:06.118 GMT-0500,10.113,10.087000000000002,0.0008,0.002
24.03.2020 08:34:06.168 GMT-0500,10.132000000000001,10.087000000000002,0.0008,0.002
24.03.2020 08:34:06.547 GMT-0500,10.112,10.078,0.0008,0.002
24.03.2020 08:34:06.647 GMT-0500,10.132000000000001,10.087000000000002,0.0008,0.002
24.03.2020 08:34:06.710 GMT-0500,10.132000000000001,10.087000000000002,0.0008,0.002
24.03.2020 08:34:07.096 GMT-0500,10.123,10.097000000000001,0.0008,0.002
24.03.2020 08:34:07.146 GMT-0500,10.122,10.088,0.002,0.002
24.03.2020 08:34:07.481 GMT-0500,10.123,10.087000000000002,0.002,0.002
24.03.2020 08:34:07.718 GMT-0500,10.113,10.087000000000002,0.0008,0.002
24.03.2020 08:34:08.474 GMT-0500,10.112,10.087000000000002,0.0008,0.002
24.03.2020 08:34:08.525 GMT-0500,10.122,10.087000000000002,0.0008,0.002
24.03.2020 08:34:08.967 GMT-0500,10.112,10.088,0.002,0.002
24.03.2020 08:34:09.068 GMT-0500,10.132000000000001,10.097999999999999,0.002,0.002
24.03.2020 08:34:09.173 GMT-0500,10.132000000000001,10.097999999999999,0.002,0.002
24.03.2020 08:34:09.286 GMT-0500,10.113,10.097999999999999,0.0008,0.0008
24.03.2020 08:34:09.693 GMT-0500,10.112,10.097999999999999,0.0008,0.0008
24.03.2020 08:34:10.161 GMT-0500,10.102,10.068,0.0008,0.002
24.03.2020 08:34:10.212 GMT-0500,10.102,10.068,0.002,0.002
24.03.2020 08:34:10.630 GMT-0500,10.113,10.067,0.002,0.002
24.03.2020 08:34:11.058 GMT-0500,10.113,10.097000000000001,0.002,0.0008
24.03.2020 08:34:11.108 GMT-0500,10.112,10.087000000000002,0.0008,0.002
24.03.2020 08:34:11.397 GMT-0500,10.102,10.068,0.002,0.002
24.03.2020 08:34:12.150 GMT-0500,10.102,10.087000000000002,0.0008,0.0008
24.03.2020 08:34:12.200 GMT-0500,10.122,10.097000000000001,0.0008,0.002
24.03.2020 08:34:13.436 GMT-0500,10.123,10.097000000000001,0.002,0.002
24.03.2020 08:34:13.537 GMT-0500,10.132000000000001,10.118,0.0008,0.0008
24.03.2020 08:34:13.587 GMT-0500,10.122,10.097999999999999,0.0008,0.0008
24.03.2020 08:34:13.671 GMT-0500,10.142000000000001,10.108,0.002,0.002
24.03.2020 08:34:15.395 GMT-0500,10.142999999999999,10.127,0.002,0.0008
24.03.2020 08:34:15.495 GMT-0500,10.142999999999999,10.117,0.002,0.002
24.03.2020 08:34:16.114 GMT-0500,10.132000000000001,10.108,0.0008,0.002
24.03.2020 08:34:16.164 GMT-0500,10.142000000000001,10.097999999999999,0.002,0.002
24.03.2020 08:34:16.263 GMT-0500,10.132000000000001,10.097999999999999,0.0008,0.002
24.03.2020 08:34:16.851 GMT-0500,10.132000000000001,10.107000000000001,0.0008,0.0008
24.03.2020 08:34:17.001 GMT-0500,10.133,10.117,0.002,0.002
24.03.2020 08:34:17.435 GMT-0500,10.122,10.097999999999999,0.0008,0.002
24.03.2020 08:34:17.485 GMT-0500,10.123,10.077,0.002,0.002
24.03.2020 08:34:17.579 GMT-0500,10.133,10.077,0.002,0.002
24.03.2020 08:34:17.629 GMT-0500,10.153,10.117,0.002,0.002
24.03.2020 08:34:17.934 GMT-0500,10.133,10.097000000000001,0.0008,0.002
24.03.2020 08:34:17.985 GMT-0500,10.142000000000001,10.097000000000001,0.0008,0.002
24.03.2020 08:34:18.429 GMT-0500,10.142000000000001,10.117,0.0008,0.0008
24.03.2020 08:34:18.530 GMT-0500,10.142000000000001,10.097999999999999,0.0008,0.0008
24.03.2020 08:34:18.715 GMT-0500,10.132000000000001,10.097999999999999,0.0008,0.0008
24.03.2020 08:34:18.925 GMT-0500,10.133,10.097000000000001,0.002,0.002
24.03.2020 08:34:19.313 GMT-0500,10.153,10.117,0.002,0.002
24.03.2020 08:34:19.470 GMT-0500,10.153,10.127,0.002,0.002
24.03.2020 08:34:19.944 GMT-0500,10.152000000000001,10.117,0.0008,0.002
24.03.2020 08:34:20.042 GMT-0500,10.142999999999999,10.117,0.0008,0.002
24.03.2020 08:34:20.535 GMT-0500,10.132000000000001,10.117,0.0008,0.0008
24.03.2020 08:34:20.585 GMT-0500,10.132000000000001,10.107000000000001,0.0008,0.002
24.03.2020 08:34:20.928 GMT-0500,10.132000000000001,10.117,0.0008,0.0008
24.03.2020 08:34:20.979 GMT-0500,10.162,10.117,0.0008,0.002
24.03.2020 08:34:21.029 GMT-0500,10.142999999999999,10.107000000000001,0.002,0.002
24.03.2020 08:34:21.079 GMT-0500,10.112,10.068,0.002,0.002
24.03.2020 08:34:21.213 GMT-0500,10.122,10.068,0.002,0.002
24.03.2020 08:34:21.313 GMT-0500,10.133,10.097000000000001,0.002,0.002
24.03.2020 08:34:21.567 GMT-0500,10.132000000000001,10.108,0.002,0.002
24.03.2020 08:34:21.697 GMT-0500,10.142000000000001,10.108,0.002,0.002
24.03.2020 08:34:22.560 GMT-0500,10.163,10.127,0.002,0.002
24.03.2020 08:34:23.213 GMT-0500,10.142000000000001,10.107000000000001,0.0008,0.002
24.03.2020 08:34:23.543 GMT-0500,10.133,10.107000000000001,0.002,0.002
24.03.2020 08:34:24.015 GMT-0500,10.133,10.107000000000001,0.0008,0.002
24.03.2020 08:34:24.066 GMT-0500,10.132000000000001,10.108,0.002,0.002
24.03.2020 08:34:24.687 GMT-0500,10.142000000000001,10.108,0.0008,0.0008
24.03.2020 08:34:24.899 GMT-0500,10.133,10.107000000000001,0.002,0.002
24.03.2020 08:34:25.343 GMT-0500,10.122,10.107000000000001,0.0008,0.002
24.03.2020 08:34:25.499 GMT-0500,10.132000000000001,10.108,0.0008,0.0008
24.03.2020 08:34:25.607 GMT-0500,10.112,10.088,0.002,0.002
24.03.2020 08:34:25.708 GMT-0500,10.112,10.068,0.0008,0.0008
24.03.2020 08:34:25.766 GMT-0500,10.103,10.067,0.0008,0.002
24.03.2020 08:34:26.326 GMT-0500,10.102,10.067,0.0008,0.002
24.03.2020 08:34:26.438 GMT-0500,10.093,10.067,0.0008,0.002
24.03.2020 08:34:26.549 GMT-0500,10.092,10.067,0.0008,0.002
24.03.2020 08:34:26.600 GMT-0500,10.102,10.068,0.0008,0.0008
24.03.2020 08:34:26.895 GMT-0500,10.112,10.088,0.0008,0.0008
24.03.2020 08:34:26.946 GMT-0500,10.102,10.067,0.0008,0.002
24.03.2020 08:34:27.706 GMT-0500,10.092,10.067,0.0008,0.0008
24.03.2020 08:34:27.756 GMT-0500,10.092,10.057,0.0008,0.002
24.03.2020 08:34:28.591 GMT-0500,10.093,10.057,0.002,0.002
24.03.2020 08:34:28.846 GMT-0500,10.093,10.057,0.002,0.002
24.03.2020 08:34:29.206 GMT-0500,10.092,10.067,0.0008,0.002
24.03.2020 08:34:29.693 GMT-0500,10.073,10.057,0.0008,0.002
24.03.2020 08:34:29.745 GMT-0500,10.082,10.058,0.0008,0.0008
24.03.2020 08:34:29.803 GMT-0500,10.083,10.067,0.0008,0.0008
24.03.2020 08:34:29.854 GMT-0500,10.092,10.067,0.0008,0.002
24.03.2020 08:34:30.167 GMT-0500,10.092,10.078,0.0008,0.0008
24.03.2020 08:34:30.267 GMT-0500,10.092,10.067,0.0008,0.002
24.03.2020 08:34:30.499 GMT-0500,10.082,10.067,0.0008,0.002
24.03.2020 08:34:30.549 GMT-0500,10.092,10.067,0.0008,0.002
24.03.2020 08:34:30.600 GMT-0500,10.082,10.068,0.0008,0.0008
24.03.2020 08:34:30.797 GMT-0500,10.083,10.057,0.002,0.002
24.03.2020 08:34:30.847 GMT-0500,10.082,10.057,0.0008,0.002
24.03.2020 08:34:32.048 GMT-0500,10.082,10.058,0.002,0.002
24.03.2020 08:34:32.245 GMT-0500,10.082,10.058,0.0008,0.0008
24.03.2020 08:34:32.751 GMT-0500,10.072000000000001,10.057,0.0008,0.002
24.03.2020 08:34:33.170 GMT-0500,10.073,10.057,0.002,0.002
24.03.2020 08:34:33.634 GMT-0500,10.072000000000001,10.058,0.0008,0.0008
24.03.2020 08:34:35.417 GMT-0500,10.073,10.057,0.002,0.002
24.03.2020 08:34:35.666 GMT-0500,10.072000000000001,10.058,0.0008,0.0008
24.03.2020 08:34:35.716 GMT-0500,10.092,10.068,0.002,0.002
24.03.2020 08:34:36.044 GMT-0500,10.082,10.058,0.0008,0.0008
24.03.2020 08:34:36.330 GMT-0500,10.083,10.067,0.0008,0.0008
24.03.2020 08:34:36.381 GMT-0500,10.092,10.067,0.0008,0.002
24.03.2020 08:34:36.454 GMT-0500,10.092,10.087000000000002,0.0008,0.0008
24.03.2020 08:34:36.505 GMT-0500,10.132000000000001,10.088,0.0008,0.0008
24.03.2020 08:34:36.568 GMT-0500,10.103,10.087000000000002,0.0008,0.002
24.03.2020 08:34:36.719 GMT-0500,10.092,10.087000000000002,0.0008,0.0008
24.03.2020 08:34:36.769 GMT-0500,10.102,10.068,0.002,0.002
24.03.2020 08:34:36.900 GMT-0500,10.102,10.077,0.0008,0.002
24.03.2020 08:34:37.012 GMT-0500,10.103,10.077,0.002,0.002
24.03.2020 08:34:37.120 GMT-0500,10.092,10.068,0.002,0.002
24.03.2020 08:34:37.171 GMT-0500,10.102,10.067,0.0008,0.002
24.03.2020 08:34:37.273 GMT-0500,10.092,10.068,0.0008,0.0008
24.03.2020 08:34:37.592 GMT-0500,10.073,10.017000000000001,0.002,0.002
24.03.2020 08:34:37.692 GMT-0500,10.092,10.017000000000001,0.0008,0.002
24.03.2020 08:34:37.742 GMT-0500,10.082,10.017999999999999,0.002,0.002
24.03.2020 08:34:38.104 GMT-0500,10.082,10.038,0.002,0.0008
24.03.2020 08:34:39.387 GMT-0500,10.082,10.038,0.0008,0.002
24.03.2020 08:34:39.881 GMT-0500,10.082,10.068,0.0008,0.0008
24.03.2020 08:34:40.138 GMT-0500,10.082,10.038,0.0008,0.0008
24.03.2020 08:34:40.188 GMT-0500,10.082,10.067,0.0008,0.002
24.03.2020 08:34:40.546 GMT-0500,10.082,10.057,0.0008,0.002
24.03.2020 08:34:40.886 GMT-0500,10.073,10.057,0.0008,0.002
24.03.2020 08:34:41.077 GMT-0500,10.082,10.058,0.0008,0.0008
24.03.2020 08:34:41.810 GMT-0500,10.082,10.068,0.0008,0.0008
24.03.2020 08:34:42.541 GMT-0500,10.083,10.067,0.002,0.002
24.03.2020 08:34:42.591 GMT-0500,10.102,10.078,0.002,0.002
24.03.2020 08:34:42.641 GMT-0500,10.102,10.087000000000002,0.0008,0.002
24.03.2020 08:34:42.743 GMT-0500,10.102,10.077,0.0008,0.002
24.03.2020 08:34:43.013 GMT-0500,10.093,10.077,0.002,0.002
24.03.2020 08:34:43.621 GMT-0500,10.102,10.077,0.0008,0.002
24.03.2020 08:34:43.919 GMT-0500,10.103,10.097999999999999,0.0008,0.0008
24.03.2020 08:34:43.970 GMT-0500,10.132000000000001,10.088,0.0008,0.0008
24.03.2020 08:34:44.080 GMT-0500,10.133,10.087000000000002,0.002,0.002
24.03.2020 08:34:44.130 GMT-0500,10.122,10.088,0.0008,0.0008
24.03.2020 08:34:44.275 GMT-0500,10.133,10.087000000000002,0.002,0.002
24.03.2020 08:34:44.400 GMT-0500,10.132000000000001,10.087000000000002,0.0008,0.002
24.03.2020 08:34:44.500 GMT-0500,10.112,10.078,0.0008,0.0008
24.03.2020 08:34:44.636 GMT-0500,10.113,10.087000000000002,0.0008,0.0008
24.03.2020 08:34:44.737 GMT-0500,10.122,10.088,0.0008,0.0008
24.03.2020 08:34:45.010 GMT-0500,10.112,10.088,0.0008,0.0008
24.03.2020 08:34:45.191 GMT-0500,10.093,10.067,0.0008,0.002
24.03.2020 08:34:45.242 GMT-0500,10.093,10.067,0.002,0.002
24.03.2020 08:34:45.294 GMT-0500,10.093,10.078,0.0008,0.0008
24.03.2020 08:34:45.345 GMT-0500,10.102,10.068,0.002,0.002
24.03.2020 08:34:45.424 GMT-0500,10.102,10.068,0.0008,0.002
24.03.2020 08:34:45.549 GMT-0500,10.103,10.077,0.0008,0.002
24.03.2020 08:34:45.600 GMT-0500,10.123,10.077,0.002,0.002
24.03.2020 08:34:46.895 GMT-0500,10.112,10.078,0.0008,0.0008
24.03.2020 08:34:47.418 GMT-0500,10.132000000000001,10.078,0.002,0.002
24.03.2020 08:34:47.476 GMT-0500,10.132000000000001,10.097000000000001,0.0008,0.002
24.03.2020 08:34:47.613 GMT-0500,10.112,10.087000000000002,0.0008,0.002
24.03.2020 08:34:47.787 GMT-0500,10.112,10.087000000000002,0.0008,0.002
24.03.2020 08:34:48.360 GMT-0500,10.103,10.067,0.002,0.002
24.03.2020 08:34:48.578 GMT-0500,10.103,10.088,0.0008,0.0008
24.03.2020 08:34:48.629 GMT-0500,10.112,10.088,0.002,0.002
24.03.2020 08:34:48.990 GMT-0500,10.113,10.097000000000001,0.002,0.002
24.03.2020 08:34:50.043 GMT-0500,10.112,10.067,0.0008,0.002
24.03.2020 08:34:50.837 GMT-0500,10.113,10.097000000000001,0.002,0.002
24.03.2020 08:34:50.951 GMT-0500,10.112,10.097999999999999,0.0008,0.0008
24.03.2020 08:34:51.117 GMT-0500,10.112,10.068,0.002,0.002
24.03.2020 08:34:51.217 GMT-0500,10.102,10.067,0.0008,0.002
24.03.2020 08:34:51.678 GMT-0500,10.103,10.067,0.002,0.002
24.03.2020 08:34:51.968 GMT-0500,10.103,10.067,0.0008,0.002
24.03.2020 08:34:52.018 GMT-0500,10.102,10.067,0.0008,0.002
24.03.2020 08:34:52.326 GMT-0500,10.103,10.067,0.002,0.002
24.03.2020 08:34:52.376 GMT-0500,10.112,10.068,0.002,0.002
24.03.2020 08:34:52.648 GMT-0500,10.103,10.067,0.002,0.002
24.03.2020 08:34:53.062 GMT-0500,10.092,10.058,0.0008,0.002
24.03.2020 08:34:53.112 GMT-0500,10.092,10.058,0.0008,0.0008
24.03.2020 08:34:54.287 GMT-0500,10.073,10.058,0.0008,0.0008
24.03.2020 08:34:54.337 GMT-0500,10.073,10.017000000000001,0.002,0.002
24.03.2020 08:34:54.553 GMT-0500,10.093,10.067,0.002,0.002
24.03.2020 08:34:54.694 GMT-0500,10.092,10.017999999999999,0.002,0.002
24.03.2020 08:34:55.037 GMT-0500,10.072000000000001,10.017999999999999,0.0008,0.002
24.03.2020 08:34:55.142 GMT-0500,10.072000000000001,10.055,0.0008,0.0008
24.03.2020 08:34:55.193 GMT-0500,10.093,10.017000000000001,0.002,0.002
24.03.2020 08:34:55.374 GMT-0500,10.092,10.017000000000001,0.0008,0.002
24.03.2020 08:34:55.425 GMT-0500,10.082,10.017999999999999,0.0008,0.0008
24.03.2020 08:34:55.647 GMT-0500,10.082,10.008,0.002,0.002
24.03.2020 08:34:55.697 GMT-0500,10.073,10.017000000000001,0.002,0.002
24.03.2020 08:34:55.748 GMT-0500,10.072000000000001,10.008,0.0008,0.0008
24.03.2020 08:34:55.935 GMT-0500,10.072000000000001,10.008,0.0008,0.002
24.03.2020 08:34:56.070 GMT-0500,10.063,10.017000000000001,0.0008,0.002
24.03.2020 08:34:56.475 GMT-0500,10.063,10.017999999999999,0.0008,0.0008
24.03.2020 08:34:56.525 GMT-0500,10.072000000000001,10.017999999999999,0.0008,0.0008
24.03.2020 08:34:56.576 GMT-0500,10.062000000000001,10.017999999999999,0.002,0.002
24.03.2020 08:34:56.933 GMT-0500,10.062000000000001,10.017999999999999,0.0008,0.002
24.03.2020 08:34:56.984 GMT-0500,10.072000000000001,10.017999999999999,0.002,0.002
24.03.2020 08:34:57.198 GMT-0500,10.072000000000001,10.028,0.002,0.0008
24.03.2020 08:34:57.508 GMT-0500,10.072000000000001,10.017000000000001,0.0008,0.002
24.03.2020 08:34:58.257 GMT-0500,10.072000000000001,10.017000000000001,0.0008,0.002
24.03.2020 08:34:58.600 GMT-0500,10.082,10.057,0.0008,0.002
24.03.2020 08:34:58.701 GMT-0500,10.083,10.047,0.002,0.002
24.03.2020 08:34:58.926 GMT-0500,10.082,10.068,0.0008,0.0008
24.03.2020 08:34:59.099 GMT-0500,10.072000000000001,10.068,0.0008,0.0008
24.03.2020 08:34:59.150 GMT-0500,10.072000000000001,10.058,0.002,0.002
24.03.2020 08:34:59.512 GMT-0500,10.062000000000001,10.017999999999999,0.0008,0.002
24.03.2020 08:34:59.562 GMT-0500,10.062000000000001,10.017999999999999,0.0008,0.0008
24.03.2020 08:34:59.672 GMT-0500,10.063,10.017000000000001,0.002,0.002
24.03.2020 08:35:00.306 GMT-0500,10.063,10.017000000000001,0.002,0.002
24.03.2020 08:35:00.356 GMT-0500,10.062000000000001,10.017999999999999,0.002,0.002
24.03.2020 08:35:00.569 GMT-0500,10.062000000000001,10.047,0.0008,0.0008
24.03.2020 08:35:00.927 GMT-0500,10.063,10.047,0.0008,0.002
24.03.2020 08:35:00.977 GMT-0500,10.082,10.048,0.002,0.002
24.03.2020 08:35:01.135 GMT-0500,10.082,10.048,0.0008,0.002
24.03.2020 08:35:01.186 GMT-0500,10.102,10.058,0.0008,0.0008
24.03.2020 08:35:01.618 GMT-0500,10.082,10.058,0.002,0.002
24.03.2020 08:35:02.587 GMT-0500,10.092,10.058,0.002,0.002
24.03.2020 08:35:02.756 GMT-0500,10.083,10.057,0.0008,0.002
24.03.2020 08:35:05.205 GMT-0500,10.073,10.047,0.0008,0.002
24.03.2020 08:35:05.255 GMT-0500,10.072000000000001,10.047,0.0008,0.002
24.03.2020 08:35:05.381 GMT-0500,10.082,10.058,0.0008,0.0008
24.03.2020 08:35:05.592 GMT-0500,10.083,10.047,0.002,0.002
24.03.2020 08:35:05.642 GMT-0500,10.083,10.047,0.002,0.002
24.03.2020 08:35:05.735 GMT-0500,10.083,10.047,0.002,0.002
24.03.2020 08:35:05.785 GMT-0500,10.082,10.048,0.0008,0.0008
24.03.2020 08:35:06.294 GMT-0500,10.073,10.047,0.0008,0.002
24.03.2020 08:35:06.479 GMT-0500,10.052999999999999,9.997,0.0008,0.002
24.03.2020 08:35:06.529 GMT-0500,10.052000000000001,10.008,0.002,0.002
24.03.2020 08:35:06.737 GMT-0500,10.052000000000001,10.038,0.0008,0.0008
24.03.2020 08:35:07.063 GMT-0500,10.062000000000001,10.038,0.002,0.002
24.03.2020 08:35:07.344 GMT-0500,10.042,10.035,0.0008,0.0008
24.03.2020 08:35:07.394 GMT-0500,10.042,9.998,0.002,0.002
24.03.2020 08:35:09.010 GMT-0500,10.042,9.998,0.002,0.002
24.03.2020 08:35:09.395 GMT-0500,10.042,10.017999999999999,0.002,0.0008
24.03.2020 08:35:09.447 GMT-0500,10.042,10.008,0.002,0.002
24.03.2020 08:35:10.086 GMT-0500,10.042,10.007000000000001,0.0008,0.002
24.03.2020 08:35:10.803 GMT-0500,10.032,10.017999999999999,0.0008,0.0008
24.03.2020 08:35:10.853 GMT-0500,10.033,10.007000000000001,0.002,0.002
24.03.2020 08:35:11.190 GMT-0500,10.023,10.007000000000001,0.0008,0.002
24.03.2020 08:35:11.333 GMT-0500,10.022,10.008,0.0008,0.0008
24.03.2020 08:35:12.122 GMT-0500,10.023,10.007000000000001,0.002,0.002
24.03.2020 08:35:12.325 GMT-0500,10.022,9.998,0.0008,0.0008
24.03.2020 08:35:12.376 GMT-0500,10.012,9.998,0.002,0.002
24.03.2020 08:35:12.477 GMT-0500,10.002,9.988,0.002,0.002
24.03.2020 08:35:12.527 GMT-0500,9.992,9.968,0.0008,0.0008
24.03.2020 08:35:12.577 GMT-0500,9.982000000000001,9.968,0.002,0.002
24.03.2020 08:35:12.711 GMT-0500,9.972999999999999,9.947000000000001,0.0008,0.002
24.03.2020 08:35:12.761 GMT-0500,9.962000000000002,9.948,0.0008,0.0008
24.03.2020 08:35:12.812 GMT-0500,9.952,9.938,0.0008,0.0008
24.03.2020 08:35:12.972 GMT-0500,9.943,9.937000000000001,0.0008,0.0008
24.03.2020 08:35:13.023 GMT-0500,9.952,9.918,0.0008,0.0008
24.03.2020 08:35:13.233 GMT-0500,9.953,9.927000000000001,0.002,0.002
24.03.2020 08:35:13.353 GMT-0500,9.942,9.918,0.0008,0.0008
24.03.2020 08:35:13.854 GMT-0500,9.933,9.918,0.0008,0.0008
24.03.2020 08:35:13.905 GMT-0500,9.932,9.908,0.0008,0.0008
24.03.2020 08:35:14.212 GMT-0500,9.913,9.908,0.0008,0.0008
24.03.2020 08:35:14.263 GMT-0500,9.923,9.897,0.002,0.002
24.03.2020 08:35:14.504 GMT-0500,9.923,9.907,0.0008,0.0008
24.03.2020 08:35:14.556 GMT-0500,9.932,9.908,0.0008,0.0008
24.03.2020 08:35:15.100 GMT-0500,9.923,9.907,0.0008,0.002
24.03.2020 08:35:15.201 GMT-0500,9.922,9.907,0.0008,0.002
24.03.2020 08:35:15.309 GMT-0500,9.923,9.907,0.002,0.002
24.03.2020 08:35:15.564 GMT-0500,9.943,9.917,0.002,0.002
24.03.2020 08:35:15.614 GMT-0500,9.962000000000002,9.927000000000001,0.0008,0.002
24.03.2020 08:35:15.922 GMT-0500,9.922,9.898,0.0008,0.0008
24.03.2020 08:35:16.944 GMT-0500,9.922,9.898,0.0008,0.002
24.03.2020 08:35:16.994 GMT-0500,9.963,9.927000000000001,0.002,0.002
24.03.2020 08:35:17.117 GMT-0500,9.982000000000001,9.938,0.0008,0.0008
24.03.2020 08:35:17.217 GMT-0500,9.972999999999999,9.937000000000001,0.002,0.002
24.03.2020 08:35:17.367 GMT-0500,9.972999999999999,9.947000000000001,0.002,0.0008
24.03.2020 08:35:17.420 GMT-0500,9.962000000000002,9.917,0.0008,0.002
24.03.2020 08:35:17.520 GMT-0500,9.972000000000001,9.948,0.0008,0.0008
24.03.2020 08:35:17.621 GMT-0500,9.972000000000001,9.918,0.002,0.002
24.03.2020 08:35:17.722 GMT-0500,9.963,9.918,0.0008,0.0008
24.03.2020 08:35:18.242 GMT-0500,9.972999999999999,9.917,0.002,0.002
24.03.2020 08:35:18.348 GMT-0500,9.972000000000001,9.957,0.0008,0.002
24.03.2020 08:35:18.948 GMT-0500,9.972000000000001,9.948,0.002,0.002
24.03.2020 08:35:19.092 GMT-0500,9.963,9.917,0.0008,0.002
24.03.2020 08:35:19.532 GMT-0500,9.962000000000002,9.918,0.0008,0.0008
24.03.2020 08:35:19.608 GMT-0500,9.963,9.937000000000001,0.002,0.002
24.03.2020 08:35:19.769 GMT-0500,9.962000000000002,9.937000000000001,0.0008,0.0008
24.03.2020 08:35:19.821 GMT-0500,9.952,9.918,0.0008,0.0008
24.03.2020 08:35:19.912 GMT-0500,9.943,9.918,0.0008,0.0008
24.03.2020 08:35:19.962 GMT-0500,9.943,9.907,0.002,0.002
24.03.2020 08:35:20.069 GMT-0500,9.943,9.927999999999999,0.0008,0.0008
24.03.2020 08:35:20.120 GMT-0500,9.952,9.927999999999999,0.002,0.002
24.03.2020 08:35:20.170 GMT-0500,9.942,9.927000000000001,0.0008,0.002
24.03.2020 08:35:20.275 GMT-0500,9.943,9.927000000000001,0.0008,0.002
24.03.2020 08:35:20.325 GMT-0500,9.963,9.947000000000001,0.002,0.002
24.03.2020 08:35:20.610 GMT-0500,9.968,9.958,0.0008,0.0008
24.03.2020 08:35:20.660 GMT-0500,9.992,9.968,0.0008,0.0008
24.03.2020 08:35:20.999 GMT-0500,10.003,9.967,0.002,0.002
24.03.2020 08:35:21.058 GMT-0500,10.002,9.977,0.0008,0.002
24.03.2020 08:35:21.193 GMT-0500,10.012,9.978,0.0008,0.0008
24.03.2020 08:35:21.343 GMT-0500,10.023,9.987,0.002,0.002
24.03.2020 08:35:22.436 GMT-0500,10.012,9.988,0.002,0.002
24.03.2020 08:35:24.327 GMT-0500,10.013,9.987,0.002,0.002
24.03.2020 08:35:24.427 GMT-0500,10.002,9.967,0.0008,0.002
24.03.2020 08:35:24.581 GMT-0500,10.002,9.957,0.0008,0.002
24.03.2020 08:35:24.751 GMT-0500,9.982000000000001,9.948,0.0008,0.002
24.03.2020 08:35:24.801 GMT-0500,10.002,9.948,0.0008,0.0008
24.03.2020 08:35:24.919 GMT-0500,9.963,9.948,0.0008,0.0008
24.03.2020 08:35:24.969 GMT-0500,9.963,9.927000000000001,0.002,0.002
24.03.2020 08:35:25.075 GMT-0500,9.963,9.917,0.002,0.002
24.03.2020 08:35:26.764 GMT-0500,9.932,9.917,0.0008,0.0008
24.03.2020 08:35:26.814 GMT-0500,9.932,9.907,0.0008,0.002
24.03.2020 08:35:27.079 GMT-0500,9.942,9.908,0.002,0.002
24.03.2020 08:35:27.682 GMT-0500,9.922,9.908,0.0008,0.002
24.03.2020 08:35:27.782 GMT-0500,9.922,9.898,0.002,0.002
24.03.2020 08:35:27.833 GMT-0500,9.933,9.897,0.002,0.002
24.03.2020 08:35:27.974 GMT-0500,9.932,9.897,0.0008,0.002
24.03.2020 08:35:28.129 GMT-0500,9.932,9.897,0.0008,0.002
24.03.2020 08:35:28.280 GMT-0500,9.913,9.897,0.002,0.002
24.03.2020 08:35:28.617 GMT-0500,9.912,9.898,0.0008,0.0008
24.03.2020 08:35:29.048 GMT-0500,9.913,9.897,0.0008,0.002
24.03.2020 08:35:29.099 GMT-0500,9.922,9.898,0.002,0.002
24.03.2020 08:35:29.399 GMT-0500,9.933,9.907,0.002,0.002
24.03.2020 08:35:29.470 GMT-0500,9.933,9.918,0.0008,0.0008
24.03.2020 08:35:29.520 GMT-0500,9.953,9.927000000000001,0.002,0.002
24.03.2020 08:35:29.571 GMT-0500,9.932,9.908,0.002,0.002
24.03.2020 08:35:29.900 GMT-0500,9.953,9.927000000000001,0.0008,0.002
24.03.2020 08:35:29.951 GMT-0500,9.962000000000002,9.927999999999999,0.002,0.002
24.03.2020 08:35:30.115 GMT-0500,9.952,9.927999999999999,0.0008,0.0008
24.03.2020 08:35:30.165 GMT-0500,9.952,9.918,0.002,0.002
24.03.2020 08:35:30.536 GMT-0500,9.953,9.917,0.002,0.002
24.03.2020 08:35:31.002 GMT-0500,9.943,9.917,0.0008,0.0008
24.03.2020 08:35:31.052 GMT-0500,9.952,9.917,0.0008,0.002
24.03.2020 08:35:31.103 GMT-0500,9.942,9.918,0.002,0.002
24.03.2020 08:35:31.313 GMT-0500,9.933,9.897,0.002,0.002
24.03.2020 08:35:31.437 GMT-0500,9.933,9.897,0.0008,0.002
24.03.2020 08:35:31.487 GMT-0500,9.962000000000002,9.927999999999999,0.002,0.002
24.03.2020 08:35:32.046 GMT-0500,9.963,9.927000000000001,0.002,0.002
24.03.2020 08:35:32.599 GMT-0500,9.962000000000002,9.938,0.0008,0.0008
24.03.2020 08:35:33.450 GMT-0500,9.963,9.917,0.002,0.002
24.03.2020 08:35:33.550 GMT-0500,9.952,9.918,0.002,0.002
24.03.2020 08:35:33.888 GMT-0500,9.943,9.918,0.0008,0.0008
24.03.2020 08:35:33.938 GMT-0500,9.942,9.898,0.0008,0.0008
24.03.2020 08:35:34.674 GMT-0500,9.942,9.898,0.0008,0.002
24.03.2020 08:35:34.940 GMT-0500,9.942,9.907,0.0008,0.002
24.03.2020 08:35:35.821 GMT-0500,9.942,9.927000000000001,0.0008,0.0008
24.03.2020 08:35:35.872 GMT-0500,9.962000000000002,9.927999999999999,0.0008,0.0008
24.03.2020 08:35:35.984 GMT-0500,9.963,9.937000000000001,0.002,0.0008
24.03.2020 08:35:36.174 GMT-0500,9.962000000000002,9.938,0.0008,0.002
24.03.2020 08:35:36.225 GMT-0500,9.982000000000001,9.938,0.0008,0.0008
24.03.2020 08:35:36.323 GMT-0500,9.972999999999999,9.937000000000001,0.0008,0.002
24.03.2020 08:35:36.585 GMT-0500,9.963,9.937000000000001,0.0008,0.002
24.03.2020 08:35:36.692 GMT-0500,9.942,9.898,0.002,0.002
24.03.2020 08:35:36.742 GMT-0500,9.942,9.917,0.0008,0.002
24.03.2020 08:35:36.843 GMT-0500,9.952,9.917,0.0008,0.002
24.03.2020 08:35:37.245 GMT-0500,9.953,9.917,0.0008,0.001
24.03.2020 08:35:37.296 GMT-0500,10.003,9.937000000000001,0.002,0.002
24.03.2020 08:35:37.414 GMT-0500,10.002,9.948,0.0008,0.0008
24.03.2020 08:35:37.518 GMT-0500,9.993,9.947000000000001,0.0008,0.002
24.03.2020 08:35:38.387 GMT-0500,9.993,9.987,0.0008,0.0008
24.03.2020 08:35:38.438 GMT-0500,10.023,9.987,0.002,0.002
24.03.2020 08:35:38.875 GMT-0500,10.022,9.988,0.0008,0.0008
24.03.2020 08:35:39.287 GMT-0500,10.042,10.007000000000001,0.0008,0.002
24.03.2020 08:35:39.510 GMT-0500,10.032,10.007000000000001,0.0008,0.0008
24.03.2020 08:35:39.561 GMT-0500,10.032,9.988,0.002,0.002
24.03.2020 08:35:39.611 GMT-0500,10.022,9.987,0.0008,0.002
24.03.2020 08:35:40.323 GMT-0500,10.022,10.008,0.0008,0.0008
24.03.2020 08:35:40.373 GMT-0500,10.042,10.008,0.0008,0.0008
24.03.2020 08:35:40.717 GMT-0500,10.042,10.017999999999999,0.0008,0.0008
24.03.2020 08:35:40.886 GMT-0500,10.042,10.008,0.0008,0.002
24.03.2020 08:35:40.937 GMT-0500,10.042,10.008,0.002,0.002
24.03.2020 08:35:41.095 GMT-0500,10.032,10.008,0.0008,0.0008
24.03.2020 08:35:41.146 GMT-0500,10.032,9.978,0.0008,0.0008
24.03.2020 08:35:41.196 GMT-0500,10.073,10.037,0.002,0.002
24.03.2020 08:35:41.297 GMT-0500,10.073,10.057,0.002,0.002
24.03.2020 08:35:41.447 GMT-0500,10.063,10.047,0.002,0.002
24.03.2020 08:35:41.564 GMT-0500,10.072000000000001,10.047,0.0008,0.002
24.03.2020 08:35:41.766 GMT-0500,10.062000000000001,10.047,0.0008,0.002
24.03.2020 08:35:43.281 GMT-0500,10.063,10.047,0.002,0.002
24.03.2020 08:35:43.332 GMT-0500,10.042,10.008,0.002,0.002
24.03.2020 08:35:43.925 GMT-0500,10.042,9.998,0.0008,0.0008
24.03.2020 08:35:44.055 GMT-0500,10.043,9.977,0.002,0.002
24.03.2020 08:35:44.437 GMT-0500,10.023,9.978,0.0008,0.0008
24.03.2020 08:35:44.806 GMT-0500,10.012,9.977,0.0008,0.002
24.03.2020 08:35:45.257 GMT-0500,10.023,9.987,0.0008,0.002
24.03.2020 08:35:45.307 GMT-0500,10.072000000000001,10.008,0.0008,0.0008
24.03.2020 08:35:45.576 GMT-0500,10.073,10.017000000000001,0.002,0.002
24.03.2020 08:35:45.729 GMT-0500,10.062000000000001,10.008,0.0008,0.0008
24.03.2020 08:35:46.059 GMT-0500,10.062000000000001,10.047,0.0008,0.0008
24.03.2020 08:35:46.109 GMT-0500,10.062000000000001,10.038,0.002,0.002
24.03.2020 08:35:46.763 GMT-0500,10.042,10.008,0.0008,0.0008
24.03.2020 08:35:47.360 GMT-0500,10.062000000000001,9.988,0.0008,0.0008
24.03.2020 08:35:47.563 GMT-0500,10.042,9.988,0.0008,0.0008
24.03.2020 08:35:48.886 GMT-0500,10.043,10.008,0.0008,0.0008
24.03.2020 08:35:48.937 GMT-0500,10.062000000000001,10.008,0.0008,0.0008
24.03.2020 08:35:48.991 GMT-0500,10.043,10.007000000000001,0.0008,0.002
24.03.2020 08:35:50.039 GMT-0500,10.072000000000001,10.037,0.0008,0.002
24.03.2020 08:35:50.176 GMT-0500,10.063,10.037,0.002,0.002
24.03.2020 08:35:50.326 GMT-0500,10.062000000000001,10.027000000000001,0.0008,0.002
24.03.2020 08:35:50.449 GMT-0500,10.063,10.027000000000001,0.002,0.002
24.03.2020 08:35:50.766 GMT-0500,10.073,10.027000000000001,0.002,0.002
24.03.2020 08:35:51.223 GMT-0500,10.063,10.027000000000001,0.0008,0.002
24.03.2020 08:35:51.369 GMT-0500,10.052999999999999,10.027000000000001,0.0008,0.002
24.03.2020 08:35:52.650 GMT-0500,10.052000000000001,10.028,0.0008,0.0008
24.03.2020 08:35:52.845 GMT-0500,10.062000000000001,10.027000000000001,0.0008,0.002
24.03.2020 08:35:53.509 GMT-0500,10.062000000000001,10.048,0.0008,0.0008
24.03.2020 08:35:53.559 GMT-0500,10.082,10.047,0.0008,0.002
24.03.2020 08:35:53.760 GMT-0500,10.072000000000001,10.047,0.0008,0.002
24.03.2020 08:35:53.889 GMT-0500,10.073,10.047,0.0008,0.002
24.03.2020 08:35:53.939 GMT-0500,10.082,10.048,0.002,0.002
24.03.2020 08:35:53.990 GMT-0500,10.072000000000001,10.048,0.002,0.002
24.03.2020 08:35:54.736 GMT-0500,10.123,10.067,0.002,0.002
24.03.2020 08:35:54.816 GMT-0500,10.102,10.058,0.0008,0.0008
24.03.2020 08:35:54.867 GMT-0500,10.132000000000001,10.077,0.0008,0.002
24.03.2020 08:35:55.336 GMT-0500,10.123,10.077,0.0008,0.002
24.03.2020 08:35:55.528 GMT-0500,10.112,10.097999999999999,0.0008,0.0008
24.03.2020 08:35:55.578 GMT-0500,10.112,10.088,0.002,0.002
24.03.2020 08:35:56.432 GMT-0500,10.103,10.087000000000002,0.0008,0.002
24.03.2020 08:35:57.066 GMT-0500,10.092,10.085,0.0008,0.0008
24.03.2020 08:35:57.116 GMT-0500,10.102,10.058,0.002,0.002
24.03.2020 08:35:57.436 GMT-0500,10.102,10.058,0.0008,0.002
24.03.2020 08:35:57.674 GMT-0500,10.112,10.078,0.0008,0.0008
24.03.2020 08:35:58.217 GMT-0500,10.113,10.077,0.002,0.002
24.03.2020 08:35:58.531 GMT-0500,10.102,10.077,0.0008,0.002
24.03.2020 08:35:59.837 GMT-0500,10.082,10.057,0.0008,0.002
24.03.2020 08:35:59.888 GMT-0500,10.072000000000001,10.028,0.002,0.002
24.03.2020 08:35:59.979 GMT-0500,10.062000000000001,10.028,0.0008,0.002
24.03.2020 08:36:00.335 GMT-0500,10.052999999999999,10.037,0.0008,0.0008
24.03.2020 08:36:00.386 GMT-0500,10.052999999999999,10.027000000000001,0.002,0.002
24.03.2020 08:36:01.217 GMT-0500,10.052000000000001,10.027000000000001,0.0008,0.002
24.03.2020 08:36:02.087 GMT-0500,10.052999999999999,10.027000000000001,0.0008,0.002
24.03.2020 08:36:02.137 GMT-0500,10.082,10.037,0.0008,0.002
24.03.2020 08:36:02.188 GMT-0500,10.083,10.047,0.002,0.002
24.03.2020 08:36:02.313 GMT-0500,10.062000000000001,10.037,0.0008,0.002
24.03.2020 08:36:02.495 GMT-0500,10.063,10.037,0.0008,0.002
24.03.2020 08:36:02.645 GMT-0500,10.082,10.057,0.0008,0.002
24.03.2020 08:36:05.060 GMT-0500,10.083,10.057,0.002,0.002
24.03.2020 08:36:05.316 GMT-0500,10.133,10.087000000000002,0.002,0.002
24.03.2020 08:36:05.510 GMT-0500,10.133,10.087000000000002,0.002,0.002
24.03.2020 08:36:05.611 GMT-0500,10.112,10.097000000000001,0.0008,0.002
24.03.2020 08:36:05.661 GMT-0500,10.112,10.087000000000002,0.0008,0.002
24.03.2020 08:36:06.365 GMT-0500,10.112,10.097000000000001,0.0008,0.0008
24.03.2020 08:36:06.480 GMT-0500,10.112,10.097000000000001,0.0008,0.002
24.03.2020 08:36:06.580 GMT-0500,10.133,10.107000000000001,0.002,0.002
24.03.2020 08:36:06.832 GMT-0500,10.133,10.107000000000001,0.0008,0.002
24.03.2020 08:36:06.882 GMT-0500,10.152000000000001,10.118,0.002,0.002
24.03.2020 08:36:07.100 GMT-0500,10.162,10.117,0.0008,0.002
24.03.2020 08:36:08.324 GMT-0500,10.142999999999999,10.117,0.0008,0.002
24.03.2020 08:36:08.692 GMT-0500,10.142000000000001,10.117,0.0008,0.002
24.03.2020 08:36:10.338 GMT-0500,10.142999999999999,10.117,0.002,0.002
24.03.2020 08:36:10.522 GMT-0500,10.142999999999999,10.117,0.002,0.002
24.03.2020 08:36:10.622 GMT-0500,10.142000000000001,10.118,0.0008,0.0008
24.03.2020 08:36:11.197 GMT-0500,10.132000000000001,10.117,0.0008,0.002
24.03.2020 08:36:11.542 GMT-0500,10.133,10.117,0.002,0.002
24.03.2020 08:36:13.298 GMT-0500,10.132000000000001,10.117,0.0008,0.002
24.03.2020 08:36:14.485 GMT-0500,10.133,10.117,0.0008,0.002
24.03.2020 08:36:14.535 GMT-0500,10.142000000000001,10.117,0.0008,0.002
24.03.2020 08:36:14.586 GMT-0500,10.142000000000001,10.127,0.0008,0.002
24.03.2020 08:36:14.906 GMT-0500,10.152000000000001,10.128,0.002,0.002
24.03.2020 08:36:14.957 GMT-0500,10.142000000000001,10.128,0.0008,0.0008
24.03.2020 08:36:15.328 GMT-0500,10.142999999999999,10.138,0.0008,0.0008
24.03.2020 08:36:15.378 GMT-0500,10.142999999999999,10.127,0.002,0.002
24.03.2020 08:36:15.498 GMT-0500,10.142000000000001,10.127,0.0008,0.002
24.03.2020 08:36:16.207 GMT-0500,10.133,10.125,0.0008,0.0008
24.03.2020 08:36:16.257 GMT-0500,10.133,10.097000000000001,0.002,0.002
24.03.2020 08:36:16.592 GMT-0500,10.123,10.107000000000001,0.002,0.002
24.03.2020 08:36:17.062 GMT-0500,10.113,10.097000000000001,0.0008,0.002
24.03.2020 08:36:17.113 GMT-0500,10.112,10.097000000000001,0.0008,0.002
24.03.2020 08:36:17.887 GMT-0500,10.113,10.108,0.0008,0.0008
24.03.2020 08:36:17.938 GMT-0500,10.122,10.108,0.0008,0.0008
24.03.2020 08:36:18.207 GMT-0500,10.123,10.107000000000001,0.002,0.002
24.03.2020 08:36:18.511 GMT-0500,10.123,10.097000000000001,0.002,0.002
24.03.2020 08:36:18.704 GMT-0500,10.122,10.108,0.0008,0.0008
24.03.2020 08:36:19.190 GMT-0500,10.142999999999999,10.117,0.002,0.002
24.03.2020 08:36:19.542 GMT-0500,10.142999999999999,10.128,0.0008,0.0008
24.03.2020 08:36:19.593 GMT-0500,10.162,10.128,0.002,0.002
24.03.2020 08:36:19.706 GMT-0500,10.152000000000001,10.128,0.0008,0.002
24.03.2020 08:36:19.950 GMT-0500,10.162,10.127,0.0008,0.002
24.03.2020 08:36:20.000 GMT-0500,10.162,10.138,0.002,0.002
24.03.2020 08:36:20.252 GMT-0500,10.163,10.137,0.002,0.002
24.03.2020 08:36:20.883 GMT-0500,10.152000000000001,10.138,0.0008,0.002
24.03.2020 08:36:20.933 GMT-0500,10.162,10.138,0.002,0.002
24.03.2020 08:36:21.051 GMT-0500,10.163,10.137,0.002,0.002
24.03.2020 08:36:21.254 GMT-0500,10.163,10.147,0.002,0.0008
24.03.2020 08:36:21.459 GMT-0500,10.162,10.147,0.0008,0.002
24.03.2020 08:36:22.375 GMT-0500,10.153,10.127,0.0008,0.002
24.03.2020 08:36:22.425 GMT-0500,10.152000000000001,10.118,0.002,0.002
24.03.2020 08:36:23.168 GMT-0500,10.132000000000001,10.118,0.0008,0.0008
24.03.2020 08:36:23.219 GMT-0500,10.152000000000001,10.108,0.0008,0.0008
24.03.2020 08:36:23.385 GMT-0500,10.132000000000001,10.108,0.0008,0.002
24.03.2020 08:36:23.487 GMT-0500,10.142999999999999,10.107000000000001,0.002,0.002
24.03.2020 08:36:23.537 GMT-0500,10.153,10.117,0.002,0.002
24.03.2020 08:36:23.640 GMT-0500,10.152000000000001,10.117,0.0008,0.002
24.03.2020 08:36:24.811 GMT-0500,10.152000000000001,10.137,0.0008,0.0008
24.03.2020 08:36:24.861 GMT-0500,10.142000000000001,10.107000000000001,0.0008,0.002
24.03.2020 08:36:25.344 GMT-0500,10.142000000000001,10.107000000000001,0.0008,0.0008
24.03.2020 08:36:25.512 GMT-0500,10.142000000000001,10.097999999999999,0.0008,0.0008
24.03.2020 08:36:26.063 GMT-0500,10.142999999999999,10.097000000000001,0.002,0.002
24.03.2020 08:36:26.983 GMT-0500,10.142000000000001,10.097000000000001,0.0008,0.002
24.03.2020 08:36:30.665 GMT-0500,10.142000000000001,10.097000000000001,0.0008,0.002
24.03.2020 08:36:30.910 GMT-0500,10.162,10.128,0.0008,0.0008
24.03.2020 08:36:30.961 GMT-0500,10.152000000000001,10.128,0.002,0.002
24.03.2020 08:36:31.116 GMT-0500,10.162,10.137,0.0008,0.002
24.03.2020 08:36:31.166 GMT-0500,10.173,10.147,0.002,0.002
24.03.2020 08:36:31.463 GMT-0500,10.173,10.147,0.0008,0.002
24.03.2020 08:36:31.523 GMT-0500,10.182,10.147,0.0008,0.002
24.03.2020 08:36:31.573 GMT-0500,10.152000000000001,10.127,0.0008,0.002
24.03.2020 08:36:31.918 GMT-0500,10.162,10.138,0.0008,0.0008
24.03.2020 08:36:31.968 GMT-0500,10.163,10.127,0.002,0.002
24.03.2020 08:36:32.197 GMT-0500,10.182,10.148,0.0008,0.0008
24.03.2020 08:36:32.247 GMT-0500,10.213,10.147,0.002,0.002
24.03.2020 08:36:32.576 GMT-0500,10.213,10.177000000000001,0.002,0.0008
24.03.2020 08:36:32.676 GMT-0500,10.173,10.147,0.002,0.002
24.03.2020 08:36:32.997 GMT-0500,10.192,10.147,0.0008,0.002
24.03.2020 08:36:33.048 GMT-0500,10.172,10.148,0.0008,0.0008
24.03.2020 08:36:33.374 GMT-0500,10.173,10.127,0.002,0.002
24.03.2020 08:36:33.550 GMT-0500,10.173,10.127,0.002,0.002
24.03.2020 08:36:33.890 GMT-0500,10.172,10.148,0.0008,0.0008
24.03.2020 08:36:34.220 GMT-0500,10.173,10.137,0.002,0.002
24.03.2020 08:36:34.369 GMT-0500,10.162,10.137,0.0008,0.002
24.03.2020 08:36:34.643 GMT-0500,10.173,10.137,0.002,0.002
24.03.2020 08:36:34.694 GMT-0500,10.162,10.127,0.0008,0.002
24.03.2020 08:36:34.944 GMT-0500,10.162,10.137,0.0008,0.0008
24.03.2020 08:36:35.130 GMT-0500,10.152000000000001,10.128,0.0008,0.0008
24.03.2020 08:36:35.404 GMT-0500,10.163,10.137,0.002,0.002
24.03.2020 08:36:35.924 GMT-0500,10.192,10.158,0.0008,0.0008
24.03.2020 08:36:36.540 GMT-0500,10.172,10.157,0.0008,0.0008
24.03.2020 08:36:36.591 GMT-0500,10.193,10.147,0.002,0.002
24.03.2020 08:36:36.647 GMT-0500,10.152000000000001,10.138,0.002,0.002
24.03.2020 08:36:36.697 GMT-0500,10.192,10.138,0.0008,0.0008
24.03.2020 08:36:36.899 GMT-0500,10.193,10.147,0.002,0.0008
24.03.2020 08:36:37.050 GMT-0500,10.172,10.137,0.0008,0.002
24.03.2020 08:36:37.100 GMT-0500,10.163,10.127,0.002,0.002
24.03.2020 08:36:37.497 GMT-0500,10.162,10.138,0.0008,0.0008
24.03.2020 08:36:37.725 GMT-0500,10.163,10.127,0.002,0.002
24.03.2020 08:36:38.117 GMT-0500,10.162,10.128,0.0008,0.0008
24.03.2020 08:36:38.527 GMT-0500,10.162,10.128,0.002,0.002
24.03.2020 08:36:38.993 GMT-0500,10.152000000000001,10.147,0.0008,0.0008
24.03.2020 08:36:39.043 GMT-0500,10.152000000000001,10.108,0.002,0.002
24.03.2020 08:36:39.669 GMT-0500,10.153,10.107000000000001,0.002,0.002
24.03.2020 08:36:39.769 GMT-0500,10.142000000000001,10.107000000000001,0.0008,0.002
24.03.2020 08:36:40.569 GMT-0500,10.142999999999999,10.107000000000001,0.002,0.002
24.03.2020 08:36:40.768 GMT-0500,10.152000000000001,10.108,0.002,0.002
24.03.2020 08:36:40.888 GMT-0500,10.152000000000001,10.108,0.0008,0.002
24.03.2020 08:36:41.356 GMT-0500,10.153,10.127,0.0008,0.002
24.03.2020 08:36:41.406 GMT-0500,10.162,10.138,0.002,0.002
24.03.2020 08:36:41.772 GMT-0500,10.172,10.137,0.0008,0.002
24.03.2020 08:36:42.665 GMT-0500,10.173,10.137,0.0008,0.002
24.03.2020 08:36:42.774 GMT-0500,10.182,10.138,0.0008,0.002
24.03.2020 08:36:43.033 GMT-0500,10.182,10.158,0.0008,0.0008
24.03.2020 08:36:43.084 GMT-0500,10.173,10.137,0.002,0.002
24.03.2020 08:36:43.134 GMT-0500,10.152000000000001,10.128,0.002,0.002
24.03.2020 08:36:43.630 GMT-0500,10.152000000000001,10.108,0.0008,0.0008
24.03.2020 08:36:44.084 GMT-0500,10.133,10.107000000000001,0.0008,0.002
24.03.2020 08:36:44.234 GMT-0500,10.123,10.097000000000001,0.002,0.002
24.03.2020 08:36:44.651 GMT-0500,10.082,10.067,0.0008,0.002
24.03.2020 08:36:44.862 GMT-0500,10.083,10.067,0.002,0.002
24.03.2020 08:36:45.060 GMT-0500,10.092,10.077,0.0008,0.002
24.03.2020 08:36:45.110 GMT-0500,10.102,10.068,0.002,0.002
24.03.2020 08:36:45.338 GMT-0500,10.093,10.067,0.0008,0.002
24.03.2020 08:36:45.439 GMT-0500,10.092,10.067,0.0008,0.002
24.03.2020 08:36:45.726 GMT-0500,10.093,10.067,0.0008,0.002
24.03.2020 08:36:45.859 GMT-0500,10.103,10.077,0.002,0.0008
24.03.2020 08:36:45.910 GMT-0500,10.103,10.067,0.002,0.002
24.03.2020 08:36:46.145 GMT-0500,10.102,10.067,0.0008,0.002
24.03.2020 08:36:46.350 GMT-0500,10.092,10.068,0.0008,0.002
24.03.2020 08:36:46.543 GMT-0500,10.103,10.077,0.0008,0.002
24.03.2020 08:36:46.593 GMT-0500,10.132000000000001,10.108,0.0008,0.0008
24.03.2020 08:36:46.643 GMT-0500,10.122,10.097000000000001,0.0008,0.002
24.03.2020 08:36:46.694 GMT-0500,10.112,10.077,0.0008,0.002
24.03.2020 08:36:46.762 GMT-0500,10.102,10.077,0.0008,0.002
24.03.2020 08:36:46.970 GMT-0500,10.083,10.067,0.0008,0.002
24.03.2020 08:36:47.021 GMT-0500,10.102,10.068,0.0008,0.0008
24.03.2020 08:36:47.123 GMT-0500,10.103,10.067,0.002,0.002
24.03.2020 08:36:47.224 GMT-0500,10.102,10.068,0.002,0.002
24.03.2020 08:36:47.467 GMT-0500,10.102,10.088,0.002,0.002
24.03.2020 08:36:47.567 GMT-0500,10.122,10.097000000000001,0.0008,0.002
24.03.2020 08:36:48.174 GMT-0500,10.123,10.097000000000001,0.0008,0.002
24.03.2020 08:36:48.343 GMT-0500,10.122,10.087000000000002,0.0008,0.002
24.03.2020 08:36:48.394 GMT-0500,10.093,10.077,0.002,0.002
24.03.2020 08:36:48.498 GMT-0500,10.092,10.068,0.0008,0.0008
24.03.2020 08:36:48.667 GMT-0500,10.093,10.077,0.002,0.0008
24.03.2020 08:36:48.819 GMT-0500,10.092,10.078,0.0008,0.0008
24.03.2020 08:36:48.870 GMT-0500,10.122,10.088,0.002,0.002
24.03.2020 08:36:48.962 GMT-0500,10.132000000000001,10.097000000000001,0.0008,0.002
24.03.2020 08:36:49.023 GMT-0500,10.132000000000001,10.088,0.0008,0.0008
24.03.2020 08:36:49.096 GMT-0500,10.113,10.087000000000002,0.0008,0.002
24.03.2020 08:36:49.320 GMT-0500,10.093,10.067,0.0008,0.002
24.03.2020 08:36:49.371 GMT-0500,10.102,10.078,0.0008,0.0008
24.03.2020 08:36:49.552 GMT-0500,10.102,10.068,0.002,0.002
24.03.2020 08:36:49.691 GMT-0500,10.102,10.068,0.002,0.002
24.03.2020 08:36:50.004 GMT-0500,10.102,10.068,0.002,0.002
24.03.2020 08:36:50.395 GMT-0500,10.093,10.067,0.0008,0.002
24.03.2020 08:36:50.446 GMT-0500,10.103,10.067,0.002,0.002
24.03.2020 08:36:51.854 GMT-0500,10.093,10.067,0.0008,0.002
24.03.2020 08:36:52.133 GMT-0500,10.092,10.068,0.0008,0.0008
24.03.2020 08:36:53.070 GMT-0500,10.093,10.067,0.002,0.002
24.03.2020 08:36:53.318 GMT-0500,10.102,10.087000000000002,0.0008,0.002
24.03.2020 08:36:53.368 GMT-0500,10.103,10.077,0.002,0.002
24.03.2020 08:36:53.644 GMT-0500,10.103,10.077,0.002,0.002
24.03.2020 08:36:53.694 GMT-0500,10.102,10.078,0.0008,0.0008
24.03.2020 08:36:53.760 GMT-0500,10.102,10.088,0.0008,0.0008
24.03.2020 08:36:53.899 GMT-0500,10.122,10.077,0.0008,0.002
24.03.2020 08:36:53.950 GMT-0500,10.122,10.088,0.0008,0.0008
24.03.2020 08:36:54.218 GMT-0500,10.123,10.097000000000001,0.002,0.002
24.03.2020 08:36:54.494 GMT-0500,10.103,10.087000000000002,0.0008,0.0008
24.03.2020 08:36:54.545 GMT-0500,10.102,10.068,0.0008,0.0008
24.03.2020 08:36:54.797 GMT-0500,10.092,10.068,0.002,0.002
24.03.2020 08:36:54.847 GMT-0500,10.102,10.067,0.0008,0.002
24.03.2020 08:36:54.900 GMT-0500,10.092,10.067,0.0008,0.002
24.03.2020 08:36:55.000 GMT-0500,10.102,10.068,0.002,0.002
24.03.2020 08:36:55.184 GMT-0500,10.092,10.068,0.0008,0.0008
24.03.2020 08:36:55.725 GMT-0500,10.092,10.068,0.0008,0.002
24.03.2020 08:36:55.775 GMT-0500,10.102,10.078,0.0008,0.0008
24.03.2020 08:36:55.894 GMT-0500,10.102,10.088,0.0008,0.0008
24.03.2020 08:36:56.963 GMT-0500,10.122,10.097000000000001,0.0008,0.002
24.03.2020 08:36:57.324 GMT-0500,10.122,10.097999999999999,0.002,0.002
24.03.2020 08:36:57.374 GMT-0500,10.122,10.097999999999999,0.0008,0.0008
24.03.2020 08:36:57.494 GMT-0500,10.123,10.097999999999999,0.0008,0.0008
24.03.2020 08:36:57.545 GMT-0500,10.132000000000001,10.097999999999999,0.002,0.002
24.03.2020 08:36:57.596 GMT-0500,10.123,10.097000000000001,0.002,0.002
24.03.2020 08:36:57.704 GMT-0500,10.122,10.088,0.0008,0.0008
24.03.2020 08:36:57.991 GMT-0500,10.103,10.067,0.002,0.002
24.03.2020 08:36:58.137 GMT-0500,10.103,10.068,0.0008,0.0008
24.03.2020 08:36:58.434 GMT-0500,10.112,10.097999999999999,0.0008,0.0008
24.03.2020 08:36:58.484 GMT-0500,10.122,10.097999999999999,0.0008,0.0008
24.03.2020 08:36:58.616 GMT-0500,10.102,10.068,0.0008,0.002
24.03.2020 08:36:58.667 GMT-0500,10.102,10.068,0.0008,0.0008
24.03.2020 08:36:58.884 GMT-0500,10.103,10.067,0.002,0.002
24.03.2020 08:36:58.985 GMT-0500,10.102,10.077,0.0008,0.002
24.03.2020 08:36:59.209 GMT-0500,10.102,10.078,0.002,0.002
24.03.2020 08:36:59.259 GMT-0500,10.102,10.078,0.002,0.002
24.03.2020 08:37:01.101 GMT-0500,10.103,10.077,0.002,0.002
24.03.2020 08:37:01.152 GMT-0500,10.092,10.067,0.0008,0.002
24.03.2020 08:37:01.806 GMT-0500,10.093,10.067,0.002,0.002
24.03.2020 08:37:02.925 GMT-0500,10.083,10.067,0.0008,0.002
24.03.2020 08:37:03.257 GMT-0500,10.083,10.077,0.0008,0.0008
24.03.2020 08:37:03.307 GMT-0500,10.093,10.077,0.002,0.002
24.03.2020 08:37:03.358 GMT-0500,10.092,10.068,0.002,0.002
24.03.2020 08:37:03.424 GMT-0500,10.082,10.068,0.0008,0.002
24.03.2020 08:37:03.474 GMT-0500,10.092,10.068,0.002,0.002
24.03.2020 08:37:03.600 GMT-0500,10.093,10.067,0.002,0.002
24.03.2020 08:37:04.122 GMT-0500,10.113,10.067,0.002,0.002
24.03.2020 08:37:04.379 GMT-0500,10.113,10.067,0.002,0.002
24.03.2020 08:37:05.058 GMT-0500,10.092,10.077,0.0008,0.0008
24.03.2020 08:37:05.108 GMT-0500,10.092,10.068,0.002,0.002
24.03.2020 08:37:05.761 GMT-0500,10.093,10.067,0.002,0.002
24.03.2020 08:37:06.166 GMT-0500,10.092,10.068,0.0008,0.0008
24.03.2020 08:37:06.422 GMT-0500,10.082,10.067,0.0008,0.002
24.03.2020 08:37:07.554 GMT-0500,10.092,10.068,0.0008,0.0008
24.03.2020 08:37:07.827 GMT-0500,10.093,10.067,0.002,0.002
24.03.2020 08:37:08.030 GMT-0500,10.092,10.067,0.0008,0.002
24.03.2020 08:37:08.419 GMT-0500,10.092,10.068,0.0008,0.0008
24.03.2020 08:37:08.538 GMT-0500,10.092,10.068,0.002,0.002
24.03.2020 08:37:08.588 GMT-0500,10.092,10.068,0.002,0.002
24.03.2020 08:37:08.639 GMT-0500,10.102,10.088,0.0008,0.0008
24.03.2020 08:37:09.051 GMT-0500,10.093,10.077,0.0008,0.002
24.03.2020 08:37:09.101 GMT-0500,10.093,10.077,0.002,0.002
24.03.2020 08:37:09.219 GMT-0500,10.083,10.077,0.0008,0.0008
24.03.2020 08:37:09.270 GMT-0500,10.082,10.068,0.0008,0.0008
24.03.2020 08:37:10.698 GMT-0500,10.083,10.067,0.002,0.002
24.03.2020 08:37:11.374 GMT-0500,10.082,10.067,0.0008,0.002
24.03.2020 08:37:12.006 GMT-0500,10.083,10.067,0.002,0.002
24.03.2020 08:37:12.139 GMT-0500,10.082,10.068,0.0008,0.0008
24.03.2020 08:37:12.965 GMT-0500,10.083,10.067,0.002,0.002
24.03.2020 08:37:13.254 GMT-0500,10.082,10.067,0.0008,0.002
24.03.2020 08:37:13.468 GMT-0500,10.083,10.067,0.002,0.002
24.03.2020 08:37:13.994 GMT-0500,10.082,10.068,0.0008,0.0008
24.03.2020 08:37:14.339 GMT-0500,10.083,10.067,0.0008,0.002
24.03.2020 08:37:14.439 GMT-0500,10.092,10.078,0.002,0.002
24.03.2020 08:37:14.540 GMT-0500,10.092,10.067,0.0008,0.002
24.03.2020 08:37:14.848 GMT-0500,10.082,10.068,0.0008,0.002
24.03.2020 08:37:15.399 GMT-0500,10.092,10.068,0.002,0.002
24.03.2020 08:37:15.872 GMT-0500,10.082,10.068,0.0008,0.002
24.03.2020 08:37:16.073 GMT-0500,10.092,10.067,0.0008,0.002
24.03.2020 08:37:16.667 GMT-0500,10.082,10.068,0.0008,0.002
24.03.2020 08:37:16.872 GMT-0500,10.083,10.067,0.002,0.002
24.03.2020 08:37:16.923 GMT-0500,10.092,10.067,0.0008,0.002
24.03.2020 08:37:17.384 GMT-0500,10.092,10.067,0.0008,0.002
24.03.2020 08:37:17.435 GMT-0500,10.092,10.068,0.0008,0.0008
24.03.2020 08:37:17.592 GMT-0500,10.082,10.068,0.0008,0.002
24.03.2020 08:37:17.713 GMT-0500,10.083,10.067,0.0008,0.002
24.03.2020 08:37:17.763 GMT-0500,10.092,10.068,0.0008,0.0008
24.03.2020 08:37:17.870 GMT-0500,10.082,10.068,0.0008,0.0008
24.03.2020 08:37:20.317 GMT-0500,10.122,10.077,0.0008,0.002
24.03.2020 08:37:20.604 GMT-0500,10.093,10.067,0.002,0.002
24.03.2020 08:37:21.119 GMT-0500,10.092,10.067,0.0008,0.002
24.03.2020 08:37:21.284 GMT-0500,10.093,10.077,0.002,0.002
24.03.2020 08:37:21.385 GMT-0500,10.102,10.088,0.0008,0.0008
24.03.2020 08:37:21.670 GMT-0500,10.103,10.077,0.002,0.002
24.03.2020 08:37:21.720 GMT-0500,10.092,10.068,0.0008,0.0008
24.03.2020 08:37:22.824 GMT-0500,10.083,10.067,0.0008,0.002
24.03.2020 08:37:23.076 GMT-0500,10.082,10.068,0.0008,0.0008
24.03.2020 08:37:23.268 GMT-0500,10.083,10.067,0.002,0.002
24.03.2020 08:37:23.539 GMT-0500,10.082,10.068,0.0008,0.0008
24.03.2020 08:37:23.589 GMT-0500,10.092,10.067,0.0008,0.002
24.03.2020 08:37:23.719 GMT-0500,10.102,10.067,0.0008,0.002
24.03.2020 08:37:23.837 GMT-0500,10.082,10.068,0.0008,0.002
24.03.2020 08:37:23.888 GMT-0500,10.093,10.067,0.002,0.002
24.03.2020 08:37:24.198 GMT-0500,10.093,10.077,0.0008,0.0008
24.03.2020 08:37:24.249 GMT-0500,10.103,10.077,0.002,0.002
24.03.2020 08:37:24.299 GMT-0500,10.093,10.067,0.002,0.002
24.03.2020 08:37:24.428 GMT-0500,10.093,10.068,0.0008,0.0008
24.03.2020 08:37:24.597 GMT-0500,10.093,10.067,0.0008,0.002
24.03.2020 08:37:24.647 GMT-0500,10.102,10.077,0.0008,0.002
24.03.2020 08:37:24.748 GMT-0500,10.102,10.068,0.0008,0.0008
24.03.2020 08:37:24.874 GMT-0500,10.103,10.067,0.0008,0.002
24.03.2020 08:37:24.925 GMT-0500,10.123,10.067,0.002,0.002
24.03.2020 08:37:24.975 GMT-0500,10.122,10.088,0.0008,0.0008
24.03.2020 08:37:25.076 GMT-0500,10.112,10.087000000000002,0.0008,0.002
24.03.2020 08:37:25.126 GMT-0500,10.102,10.067,0.0008,0.002
24.03.2020 08:37:25.706 GMT-0500,10.093,10.067,0.0008,0.002
24.03.2020 08:37:25.807 GMT-0500,10.092,10.078,0.0008,0.002
24.03.2020 08:37:26.071 GMT-0500,10.103,10.067,0.001,0.002
24.03.2020 08:37:26.121 GMT-0500,10.083,10.067,0.002,0.002
24.03.2020 08:37:26.172 GMT-0500,10.092,10.067,0.0008,0.002
24.03.2020 08:37:26.433 GMT-0500,10.093,10.078,0.0008,0.0008
24.03.2020 08:37:26.483 GMT-0500,10.102,10.078,0.0008,0.0008
24.03.2020 08:37:26.731 GMT-0500,10.093,10.078,0.0008,0.0008
24.03.2020 08:37:26.782 GMT-0500,10.092,10.068,0.0008,0.0008
24.03.2020 08:37:27.481 GMT-0500,10.142000000000001,10.117,0.0008,0.002
24.03.2020 08:37:27.665 GMT-0500,10.142999999999999,10.117,0.002,0.0008
24.03.2020 08:37:27.716 GMT-0500,10.142999999999999,10.097000000000001,0.002,0.002
24.03.2020 08:37:27.830 GMT-0500,10.133,10.097000000000001,0.0008,0.002
24.03.2020 08:37:28.025 GMT-0500,10.133,10.097000000000001,0.0008,0.002
24.03.2020 08:37:28.075 GMT-0500,10.142000000000001,10.097999999999999,0.002,0.002
24.03.2020 08:37:28.935 GMT-0500,10.133,10.097999999999999,0.0008,0.0008
24.03.2020 08:37:29.086 GMT-0500,10.122,10.097999999999999,0.0008,0.002
24.03.2020 08:37:29.137 GMT-0500,10.113,10.077,0.002,0.002
24.03.2020 08:37:30.043 GMT-0500,10.113,10.077,0.0008,0.002
24.03.2020 08:37:30.093 GMT-0500,10.122,10.097999999999999,0.0008,0.0008
24.03.2020 08:37:31.830 GMT-0500,10.122,10.078,0.0008,0.002
24.03.2020 08:37:31.880 GMT-0500,10.163,10.127,0.002,0.002
24.03.2020 08:37:32.147 GMT-0500,10.163,10.107000000000001,0.002,0.002
24.03.2020 08:37:32.337 GMT-0500,10.162,10.108,0.0008,0.0008
24.03.2020 08:37:32.589 GMT-0500,10.142000000000001,10.097999999999999,0.0008,0.002
24.03.2020 08:37:32.640 GMT-0500,10.142000000000001,10.097999999999999,0.002,0.002
24.03.2020 08:37:33.021 GMT-0500,10.123,10.077,0.002,0.002
24.03.2020 08:37:33.794 GMT-0500,10.123,10.067,0.002,0.002
24.03.2020 08:37:33.911 GMT-0500,10.122,10.067,0.0008,0.002
24.03.2020 08:37:34.158 GMT-0500,10.103,10.067,0.002,0.002
24.03.2020 08:37:34.267 GMT-0500,10.102,10.067,0.0008,0.002
24.03.2020 08:37:34.932 GMT-0500,10.103,10.067,0.002,0.002
24.03.2020 08:37:35.258 GMT-0500,10.103,10.067,0.0008,0.002
24.03.2020 08:37:35.308 GMT-0500,10.122,10.067,0.0008,0.002
24.03.2020 08:37:35.438 GMT-0500,10.112,10.067,0.0008,0.002
24.03.2020 08:37:35.539 GMT-0500,10.093,10.067,0.002,0.002
24.03.2020 08:37:35.791 GMT-0500,10.092,10.067,0.0008,0.002
24.03.2020 08:37:36.894 GMT-0500,10.093,10.067,0.002,0.002
24.03.2020 08:37:37.097 GMT-0500,10.093,10.077,0.0008,0.0008
24.03.2020 08:37:37.148 GMT-0500,10.092,10.068,0.002,0.002
24.03.2020 08:37:37.563 GMT-0500,10.083,10.067,0.0008,0.002
24.03.2020 08:37:37.614 GMT-0500,10.093,10.067,0.002,0.002
24.03.2020 08:37:37.721 GMT-0500,10.102,10.067,0.0008,0.002
24.03.2020 08:37:37.771 GMT-0500,10.092,10.067,0.0008,0.002
24.03.2020 08:37:37.900 GMT-0500,10.092,10.067,0.0008,0.002
24.03.2020 08:37:38.000 GMT-0500,10.093,10.067,0.002,0.002
24.03.2020 08:37:38.130 GMT-0500,10.092,10.068,0.0008,0.0008
24.03.2020 08:37:38.180 GMT-0500,10.082,10.068,0.0008,0.0008
24.03.2020 08:37:38.353 GMT-0500,10.083,10.067,0.002,0.002
24.03.2020 08:37:38.403 GMT-0500,10.093,10.067,0.002,0.002
24.03.2020 08:37:38.792 GMT-0500,10.092,10.078,0.0008,0.0008
24.03.2020 08:37:39.195 GMT-0500,10.092,10.067,0.0008,0.002
24.03.2020 08:37:39.652 GMT-0500,10.093,10.067,0.002,0.002
24.03.2020 08:37:39.779 GMT-0500,10.092,10.068,0.0008,0.0008
24.03.2020 08:37:40.321 GMT-0500,10.092,10.068,0.0008,0.002
24.03.2020 08:37:40.439 GMT-0500,10.093,10.077,0.002,0.002
24.03.2020 08:37:40.569 GMT-0500,10.093,10.077,0.0008,0.002
24.03.2020 08:37:40.619 GMT-0500,10.123,10.087000000000002,0.002,0.002
24.03.2020 08:37:40.913 GMT-0500,10.122,10.097999999999999,0.0008,0.0008
24.03.2020 08:37:41.014 GMT-0500,10.112,10.088,0.002,0.002
24.03.2020 08:37:41.064 GMT-0500,10.142000000000001,10.117,0.0008,0.002
24.03.2020 08:37:41.114 GMT-0500,10.142000000000001,10.097000000000001,0.0008,0.002
24.03.2020 08:37:47.273 GMT-0500,10.142000000000001,10.088,0.0008,0.0008
24.03.2020 08:37:47.669 GMT-0500,10.142000000000001,10.068,0.002,0.002
24.03.2020 08:37:47.751 GMT-0500,10.122,10.068,0.0008,0.0008
24.03.2020 08:37:47.898 GMT-0500,10.142999999999999,10.107000000000001,0.002,0.002
24.03.2020 08:37:48.360 GMT-0500,10.132000000000001,10.108,0.0008,0.0008
24.03.2020 08:37:48.681 GMT-0500,10.132000000000001,10.097999999999999,0.002,0.002
24.03.2020 08:37:49.075 GMT-0500,10.132000000000001,10.068,0.002,0.002
24.03.2020 08:37:50.327 GMT-0500,10.132000000000001,10.068,0.0008,0.002
24.03.2020 08:37:50.378 GMT-0500,10.132000000000001,10.068,0.0008,0.0008
24.03.2020 08:37:51.656 GMT-0500,10.113,10.068,0.0008,0.0008
24.03.2020 08:37:51.758 GMT-0500,10.132000000000001,10.087000000000002,0.0008,0.002
24.03.2020 08:37:56.341 GMT-0500,10.133,10.067,0.002,0.002
24.03.2020 08:37:58.064 GMT-0500,10.132000000000001,10.067,0.0008,0.002
24.03.2020 08:37:58.257 GMT-0500,10.132000000000001,10.078,0.002,0.0008
24.03.2020 08:37:58.826 GMT-0500,10.103,10.088,0.0008,0.0008
24.03.2020 08:37:58.876 GMT-0500,10.092,10.068,0.002,0.002
24.03.2020 08:37:59.133 GMT-0500,10.102,10.068,0.002,0.002
24.03.2020 08:37:59.192 GMT-0500,10.102,10.068,0.002,0.002
24.03.2020 08:37:59.242 GMT-0500,10.102,10.068,0.0008,0.0008
24.03.2020 08:37:59.453 GMT-0500,10.093,10.067,0.002,0.002
24.03.2020 08:37:59.560 GMT-0500,10.082,10.068,0.002,0.002
24.03.2020 08:37:59.663 GMT-0500,10.092,10.078,0.002,0.002
24.03.2020 08:37:59.714 GMT-0500,10.103,10.067,0.002,0.002
24.03.2020 08:38:00.036 GMT-0500,10.102,10.068,0.0008,0.0008
24.03.2020 08:38:00.086 GMT-0500,10.093,10.067,0.002,0.002
