Local time,Ask,Bid,AskVolume,BidVolume
19.03.2020 08:30:00.643 GMT-0500,10.412,10.148,0.002,0.002
19.03.2020 08:30:01.613 GMT-0500,10.413,10.147,0.002,0.002
19.03.2020 08:30:01.714 GMT-0500,10.412,10.148,0.0008,0.0008
19.03.2020 08:30:01.765 GMT-0500,10.443,10.147,0.002,0.002
19.03.2020 08:30:01.815 GMT-0500,10.432,10.147,0.0008,0.002
19.03.2020 08:30:03.357 GMT-0500,10.433,10.147,0.0008,0.002
19.03.2020 08:30:09.562 GMT-0500,10.412,10.148,0.002,0.002
19.03.2020 08:30:09.663 GMT-0500,10.402000000000001,10.147,0.0008,0.002
19.03.2020 08:30:10.607 GMT-0500,10.402000000000001,10.307,0.0008,0.0008
19.03.2020 08:30:12.292 GMT-0500,10.403,10.307,0.0008,0.002
19.03.2020 08:30:12.393 GMT-0500,10.363,10.307,0.002,0.002
19.03.2020 08:30:13.011 GMT-0500,10.362,10.308,0.0008,0.0008
19.03.2020 08:30:13.061 GMT-0500,10.532,10.338,0.0008,0.0008
19.03.2020 08:30:13.112 GMT-0500,10.532,10.308,0.0008,0.0008
19.03.2020 08:30:13.677 GMT-0500,10.443,10.307,0.0008,0.002
19.03.2020 08:30:16.599 GMT-0500,10.443,10.307,0.002,0.002
19.03.2020 08:30:16.649 GMT-0500,10.382000000000001,10.148,0.002,0.002
19.03.2020 08:30:17.214 GMT-0500,10.522,10.148,0.002,0.002
19.03.2020 08:30:17.437 GMT-0500,10.532,10.147,0.0008,0.002
19.03.2020 08:30:17.518 GMT-0500,10.442,10.328,0.0008,0.0008
19.03.2020 08:30:18.150 GMT-0500,10.532,10.327,0.0008,0.002
19.03.2020 08:30:18.201 GMT-0500,10.412,10.347999999999999,0.002,0.002
19.03.2020 08:30:18.450 GMT-0500,10.402000000000001,10.347000000000001,0.0008,0.002
19.03.2020 08:30:19.083 GMT-0500,10.372,10.347999999999999,0.0008,0.0008
19.03.2020 08:30:19.708 GMT-0500,10.373,10.347000000000001,0.002,0.002
19.03.2020 08:30:19.954 GMT-0500,10.372,10.347999999999999,0.002,0.002
19.03.2020 08:30:20.168 GMT-0500,10.362,10.347999999999999,0.0008,0.002
19.03.2020 08:30:20.269 GMT-0500,10.363,10.347000000000001,0.002,0.002
19.03.2020 08:30:21.929 GMT-0500,10.363,10.317,0.002,0.002
19.03.2020 08:30:22.354 GMT-0500,10.362,10.318,0.0008,0.0008
19.03.2020 08:30:25.438 GMT-0500,10.363,10.317,0.002,0.002
19.03.2020 08:30:25.539 GMT-0500,10.362,10.267999999999999,0.0008,0.0008
19.03.2020 08:30:25.670 GMT-0500,10.353,10.267999999999999,0.0008,0.0008
19.03.2020 08:30:25.785 GMT-0500,10.353,10.327,0.002,0.0008
19.03.2020 08:30:25.836 GMT-0500,10.352,10.278,0.002,0.002
19.03.2020 08:30:26.007 GMT-0500,10.352,10.278,0.002,0.002
19.03.2020 08:30:26.804 GMT-0500,10.342,10.288,0.0008,0.0008
19.03.2020 08:30:27.040 GMT-0500,10.342,10.277000000000001,0.0008,0.002
19.03.2020 08:30:27.620 GMT-0500,10.343,10.277000000000001,0.002,0.002
19.03.2020 08:30:27.865 GMT-0500,10.313,10.277000000000001,0.0008,0.002
19.03.2020 08:30:29.062 GMT-0500,10.312000000000001,10.278,0.002,0.002
19.03.2020 08:30:30.134 GMT-0500,10.313,10.277000000000001,0.002,0.002
19.03.2020 08:30:30.257 GMT-0500,10.292,10.277000000000001,0.0008,0.002
19.03.2020 08:30:34.632 GMT-0500,10.292,10.267999999999999,0.0008,0.0008
19.03.2020 08:30:34.868 GMT-0500,10.283,10.267999999999999,0.0008,0.0008
19.03.2020 08:30:36.751 GMT-0500,10.282,10.267999999999999,0.001,0.0008
19.03.2020 08:30:36.803 GMT-0500,10.212000000000002,10.197000000000001,0.0008,0.002
19.03.2020 08:30:39.753 GMT-0500,10.202,10.158,0.0008,0.0008
19.03.2020 08:30:42.756 GMT-0500,10.202,10.148,0.002,0.002
19.03.2020 08:30:43.139 GMT-0500,10.192,10.148,0.0008,0.002
19.03.2020 08:30:43.864 GMT-0500,10.193,10.147,0.002,0.002
19.03.2020 08:30:44.081 GMT-0500,10.192,10.147,0.0008,0.002
19.03.2020 08:30:44.489 GMT-0500,10.172,10.148,0.0008,0.0008
19.03.2020 08:30:44.942 GMT-0500,10.193,10.157,0.002,0.002
19.03.2020 08:30:44.993 GMT-0500,10.193,10.147,0.002,0.002
19.03.2020 08:30:45.681 GMT-0500,10.182,10.147,0.0008,0.002
19.03.2020 08:30:45.927 GMT-0500,10.172,10.147,0.0008,0.002
19.03.2020 08:30:53.613 GMT-0500,10.172,10.147,0.0008,0.002
19.03.2020 08:30:57.046 GMT-0500,10.173,10.157,0.002,0.002
19.03.2020 08:30:57.736 GMT-0500,10.172,10.158,0.0008,0.0008
19.03.2020 08:31:00.277 GMT-0500,10.172,10.147,0.0008,0.002
19.03.2020 08:31:00.397 GMT-0500,10.163,10.148,0.0008,0.0008
19.03.2020 08:31:00.649 GMT-0500,10.163,10.147,0.002,0.002
19.03.2020 08:31:00.749 GMT-0500,10.162,10.078,0.002,0.002
19.03.2020 08:31:00.800 GMT-0500,10.152000000000001,10.037,0.0008,0.002
19.03.2020 08:31:00.948 GMT-0500,10.113,10.037,0.002,0.002
19.03.2020 08:31:01.293 GMT-0500,10.092,10.038,0.002,0.002
19.03.2020 08:31:01.451 GMT-0500,10.092,10.027000000000001,0.0008,0.002
19.03.2020 08:31:01.502 GMT-0500,10.082,10.027000000000001,0.0008,0.002
19.03.2020 08:31:01.926 GMT-0500,10.083,10.027000000000001,0.0008,0.002
19.03.2020 08:31:01.976 GMT-0500,10.162,10.038,0.0008,0.0008
19.03.2020 08:31:02.027 GMT-0500,10.082,10.028,0.002,0.002
19.03.2020 08:31:02.733 GMT-0500,10.082,10.037,0.0008,0.0008
19.03.2020 08:31:02.784 GMT-0500,10.113,10.027000000000001,0.002,0.002
19.03.2020 08:31:03.213 GMT-0500,10.082,10.027000000000001,0.0008,0.002
19.03.2020 08:31:03.670 GMT-0500,10.082,10.048,0.002,0.0008
19.03.2020 08:31:04.100 GMT-0500,10.062000000000001,10.048,0.0008,0.0008
19.03.2020 08:31:04.151 GMT-0500,10.083,10.027000000000001,0.002,0.002
19.03.2020 08:31:04.257 GMT-0500,10.062000000000001,10.028,0.002,0.002
19.03.2020 08:31:04.307 GMT-0500,10.062000000000001,10.008,0.0008,0.0008
19.03.2020 08:31:04.803 GMT-0500,10.052999999999999,10.008,0.0008,0.0008
19.03.2020 08:31:05.994 GMT-0500,10.032,10.008,0.0008,0.0008
19.03.2020 08:31:08.987 GMT-0500,10.022,10.008,0.0008,0.0008
19.03.2020 08:31:09.038 GMT-0500,10.032,10.007000000000001,0.0008,0.002
19.03.2020 08:31:09.167 GMT-0500,10.023,10.008,0.0008,0.0008
19.03.2020 08:31:09.433 GMT-0500,10.023,10.007000000000001,0.002,0.002
19.03.2020 08:31:10.708 GMT-0500,10.032,10.008,0.0008,0.0008
19.03.2020 08:31:10.840 GMT-0500,10.023,10.007000000000001,0.0008,0.002
19.03.2020 08:31:11.221 GMT-0500,10.022,10.008,0.0008,0.0008
19.03.2020 08:31:11.916 GMT-0500,10.023,10.008,0.0008,0.0008
19.03.2020 08:31:11.967 GMT-0500,10.032,10.008,0.002,0.002
19.03.2020 08:31:12.264 GMT-0500,10.022,10.008,0.0008,0.002
19.03.2020 08:31:13.161 GMT-0500,10.032,10.008,0.002,0.002
19.03.2020 08:31:13.579 GMT-0500,10.023,10.007000000000001,0.0008,0.002
19.03.2020 08:31:13.629 GMT-0500,10.033,10.007000000000001,0.002,0.002
19.03.2020 08:31:13.858 GMT-0500,10.023,10.007000000000001,0.0008,0.002
19.03.2020 08:31:16.361 GMT-0500,10.022,10.008,0.002,0.002
19.03.2020 08:31:17.402 GMT-0500,10.023,10.007000000000001,0.002,0.002
19.03.2020 08:31:17.848 GMT-0500,10.022,10.007000000000001,0.0008,0.002
19.03.2020 08:31:18.433 GMT-0500,10.025,10.007000000000001,0.0008,0.002
19.03.2020 08:31:18.483 GMT-0500,10.032,10.008,0.002,0.002
19.03.2020 08:31:19.777 GMT-0500,10.033,10.007000000000001,0.002,0.002
19.03.2020 08:31:21.663 GMT-0500,10.062000000000001,10.017999999999999,0.002,0.002
19.03.2020 08:31:21.713 GMT-0500,10.062000000000001,10.008,0.0008,0.0008
19.03.2020 08:31:21.871 GMT-0500,10.033,10.008,0.0008,0.0008
19.03.2020 08:31:22.746 GMT-0500,10.033,9.997,0.002,0.002
19.03.2020 08:31:22.866 GMT-0500,10.062000000000001,9.998,0.0008,0.0008
19.03.2020 08:31:23.095 GMT-0500,10.052000000000001,9.998,0.0008,0.0008
19.03.2020 08:31:23.261 GMT-0500,10.052999999999999,9.997,0.0008,0.002
19.03.2020 08:31:23.311 GMT-0500,10.063,9.997,0.002,0.002
19.03.2020 08:31:23.833 GMT-0500,10.052999999999999,9.997,0.0008,0.002
19.03.2020 08:31:23.967 GMT-0500,10.022,9.997,0.0008,0.002
19.03.2020 08:31:33.885 GMT-0500,10.023,9.997,0.002,0.002
19.03.2020 08:31:35.340 GMT-0500,10.052000000000001,9.998,0.0008,0.0008
19.03.2020 08:31:35.507 GMT-0500,10.052999999999999,9.998,0.0008,0.0008
19.03.2020 08:31:35.655 GMT-0500,10.023,9.997,0.0008,0.002
19.03.2020 08:31:36.715 GMT-0500,10.023,9.997,0.002,0.002
19.03.2020 08:31:37.793 GMT-0500,10.023,10.007000000000001,0.002,0.0008
19.03.2020 08:31:38.117 GMT-0500,10.022,10.007000000000001,0.0008,0.002
19.03.2020 08:31:39.631 GMT-0500,10.023,10.007000000000001,0.002,0.0008
19.03.2020 08:31:39.681 GMT-0500,10.022,9.998,0.0008,0.0008
19.03.2020 08:31:41.054 GMT-0500,10.022,9.998,0.002,0.002
19.03.2020 08:31:41.104 GMT-0500,10.022,9.998,0.002,0.002
19.03.2020 08:31:42.014 GMT-0500,10.013,9.997,0.002,0.002
19.03.2020 08:31:43.340 GMT-0500,10.012,9.998,0.002,0.002
19.03.2020 08:31:44.677 GMT-0500,10.013,9.997,0.002,0.002
19.03.2020 08:31:44.778 GMT-0500,10.012,9.998,0.0008,0.0008
19.03.2020 08:31:45.002 GMT-0500,10.013,9.997,0.002,0.002
19.03.2020 08:31:46.157 GMT-0500,10.012,9.998,0.0008,0.0008
19.03.2020 08:31:46.737 GMT-0500,10.013,9.997,0.002,0.002
19.03.2020 08:31:50.337 GMT-0500,10.012,9.997,0.0008,0.002
19.03.2020 08:31:51.458 GMT-0500,10.033,9.997,0.002,0.002
19.03.2020 08:31:51.509 GMT-0500,10.032,10.008,0.002,0.002
19.03.2020 08:31:51.675 GMT-0500,10.032,9.998,0.0008,0.0008
19.03.2020 08:31:51.725 GMT-0500,10.022,9.998,0.002,0.002
19.03.2020 08:31:52.065 GMT-0500,10.022,10.008,0.002,0.0008
19.03.2020 08:31:52.506 GMT-0500,10.023,9.997,0.002,0.002
19.03.2020 08:31:53.235 GMT-0500,10.022,9.998,0.002,0.002
19.03.2020 08:31:53.862 GMT-0500,10.022,9.998,0.002,0.002
19.03.2020 08:31:54.695 GMT-0500,10.022,9.997,0.0008,0.002
19.03.2020 08:31:54.930 GMT-0500,10.022,10.007000000000001,0.0008,0.002
19.03.2020 08:31:55.543 GMT-0500,10.023,9.997,0.002,0.002
19.03.2020 08:31:55.890 GMT-0500,10.023,9.997,0.0008,0.002
19.03.2020 08:31:55.941 GMT-0500,10.062000000000001,10.008,0.002,0.002
19.03.2020 08:31:56.766 GMT-0500,10.062000000000001,10.008,0.0008,0.002
19.03.2020 08:31:56.875 GMT-0500,10.072000000000001,10.017999999999999,0.0008,0.0008
19.03.2020 08:31:56.925 GMT-0500,10.072000000000001,10.027000000000001,0.0008,0.002
19.03.2020 08:31:57.750 GMT-0500,10.072000000000001,10.027000000000001,0.0008,0.002
19.03.2020 08:31:59.891 GMT-0500,10.072000000000001,10.028,0.002,0.002
19.03.2020 08:32:00.877 GMT-0500,10.073,10.027000000000001,0.002,0.002
19.03.2020 08:32:00.927 GMT-0500,10.062000000000001,10.027000000000001,0.0008,0.002
19.03.2020 08:32:01.043 GMT-0500,10.062000000000001,9.997,0.0008,0.002
19.03.2020 08:32:01.180 GMT-0500,10.062000000000001,9.997,0.0008,0.002
19.03.2020 08:32:03.096 GMT-0500,10.062000000000001,10.008,0.0008,0.002
19.03.2020 08:32:03.377 GMT-0500,10.082,10.057,0.0008,0.002
19.03.2020 08:32:03.847 GMT-0500,10.083,10.027000000000001,0.002,0.002
19.03.2020 08:32:05.909 GMT-0500,10.083,10.027000000000001,0.002,0.002
19.03.2020 08:32:06.769 GMT-0500,10.082,10.058,0.002,0.002
19.03.2020 08:32:09.029 GMT-0500,10.083,10.047,0.002,0.002
19.03.2020 08:32:09.658 GMT-0500,10.062000000000001,10.048,0.0008,0.0008
19.03.2020 08:32:09.708 GMT-0500,10.082,10.048,0.002,0.002
19.03.2020 08:32:11.107 GMT-0500,10.062000000000001,10.048,0.0008,0.002
19.03.2020 08:32:11.157 GMT-0500,10.083,10.047,0.002,0.002
19.03.2020 08:32:13.062 GMT-0500,10.082,10.047,0.0008,0.002
19.03.2020 08:32:14.907 GMT-0500,10.062000000000001,10.048,0.0008,0.0008
19.03.2020 08:32:15.772 GMT-0500,10.052000000000001,10.017000000000001,0.0008,0.002
19.03.2020 08:32:15.823 GMT-0500,10.063,10.007000000000001,0.002,0.002
19.03.2020 08:32:16.060 GMT-0500,10.052000000000001,10.007000000000001,0.0008,0.002
19.03.2020 08:32:16.728 GMT-0500,10.052999999999999,10.017999999999999,0.0008,0.0008
19.03.2020 08:32:16.778 GMT-0500,10.062000000000001,10.017999999999999,0.002,0.002
19.03.2020 08:32:20.093 GMT-0500,10.062000000000001,10.008,0.0008,0.0008
19.03.2020 08:32:20.278 GMT-0500,10.062000000000001,10.008,0.0008,0.002
19.03.2020 08:32:21.398 GMT-0500,10.062000000000001,10.017999999999999,0.002,0.0008
19.03.2020 08:32:21.448 GMT-0500,10.062000000000001,10.007000000000001,0.0008,0.002
19.03.2020 08:32:21.673 GMT-0500,10.062000000000001,10.007000000000001,0.0008,0.002
19.03.2020 08:32:22.829 GMT-0500,10.062000000000001,10.038,0.0008,0.0008
19.03.2020 08:32:22.941 GMT-0500,10.052000000000001,10.017999999999999,0.002,0.002
19.03.2020 08:32:24.845 GMT-0500,10.042,10.007000000000001,0.0008,0.002
19.03.2020 08:32:25.062 GMT-0500,10.033,9.997,0.0008,0.002
19.03.2020 08:32:25.113 GMT-0500,10.042,9.997,0.0008,0.002
19.03.2020 08:32:25.494 GMT-0500,10.043,9.997,0.002,0.002
19.03.2020 08:32:27.306 GMT-0500,10.043,9.998,0.0008,0.0008
19.03.2020 08:32:27.357 GMT-0500,10.052000000000001,9.998,0.002,0.002
19.03.2020 08:32:28.113 GMT-0500,10.042,9.998,0.002,0.002
19.03.2020 08:32:28.164 GMT-0500,10.052000000000001,9.998,0.0008,0.0008
19.03.2020 08:32:29.146 GMT-0500,10.033,9.998,0.0008,0.0008
19.03.2020 08:32:29.247 GMT-0500,10.022,9.998,0.0008,0.0008
19.03.2020 08:32:29.314 GMT-0500,10.032,9.998,0.002,0.002
19.03.2020 08:32:29.463 GMT-0500,10.023,9.997,0.002,0.002
19.03.2020 08:32:30.802 GMT-0500,10.022,9.997,0.0008,0.002
19.03.2020 08:32:38.291 GMT-0500,10.023,9.997,0.002,0.002
19.03.2020 08:32:39.768 GMT-0500,10.022,10.008,0.002,0.002
19.03.2020 08:32:40.311 GMT-0500,10.022,9.997,0.0008,0.002
19.03.2020 08:32:40.587 GMT-0500,10.012,9.998,0.0008,0.002
19.03.2020 08:32:40.638 GMT-0500,10.052000000000001,10.008,0.0008,0.0008
19.03.2020 08:32:42.140 GMT-0500,10.052000000000001,10.008,0.002,0.002
19.03.2020 08:32:42.190 GMT-0500,10.183,10.117,0.002,0.002
19.03.2020 08:32:42.241 GMT-0500,10.403,10.117,0.002,0.002
19.03.2020 08:32:42.341 GMT-0500,10.362,10.067,0.0008,0.002
19.03.2020 08:32:42.464 GMT-0500,10.362,9.997,0.0008,0.002
19.03.2020 08:32:42.531 GMT-0500,10.182,9.998,0.0008,0.002
19.03.2020 08:32:43.007 GMT-0500,10.183,9.997,0.002,0.002
19.03.2020 08:32:43.110 GMT-0500,10.183,9.997,0.002,0.002
19.03.2020 08:32:43.160 GMT-0500,10.182,9.998,0.0008,0.0008
19.03.2020 08:32:44.855 GMT-0500,10.183,10.027000000000001,0.002,0.0008
19.03.2020 08:32:46.317 GMT-0500,10.182,10.028,0.0008,0.0008
19.03.2020 08:32:46.959 GMT-0500,10.183,10.037,0.002,0.002
19.03.2020 08:32:47.288 GMT-0500,10.182,10.028,0.0008,0.0008
19.03.2020 08:32:47.795 GMT-0500,10.182,10.038,0.0008,0.0008
19.03.2020 08:32:47.896 GMT-0500,10.182,10.028,0.0008,0.0008
19.03.2020 08:32:48.066 GMT-0500,10.183,9.997,0.002,0.002
19.03.2020 08:32:50.047 GMT-0500,10.182,10.038,0.002,0.002
19.03.2020 08:32:50.571 GMT-0500,10.182,10.017999999999999,0.002,0.002
19.03.2020 08:32:51.636 GMT-0500,10.182,10.048,0.0008,0.0008
19.03.2020 08:32:54.207 GMT-0500,10.182,10.017999999999999,0.002,0.002
19.03.2020 08:32:54.704 GMT-0500,10.182,10.017999999999999,0.002,0.002
19.03.2020 08:32:55.640 GMT-0500,10.182,10.067,0.0008,0.0008
19.03.2020 08:32:56.202 GMT-0500,10.182,10.058,0.002,0.002
19.03.2020 08:32:56.277 GMT-0500,10.133,10.058,0.0008,0.0008
19.03.2020 08:32:56.327 GMT-0500,10.132000000000001,10.038,0.0008,0.0008
19.03.2020 08:32:56.416 GMT-0500,10.112,10.038,0.0008,0.0008
19.03.2020 08:32:56.557 GMT-0500,10.113,10.017000000000001,0.002,0.002
19.03.2020 08:32:56.608 GMT-0500,10.113,10.017000000000001,0.002,0.002
19.03.2020 08:32:56.658 GMT-0500,10.092,9.998,0.002,0.002
19.03.2020 08:32:56.708 GMT-0500,10.102,9.998,0.002,0.002
19.03.2020 08:32:56.759 GMT-0500,10.092,9.998,0.0008,0.0008
19.03.2020 08:32:56.809 GMT-0500,10.142000000000001,10.017999999999999,0.002,0.002
19.03.2020 08:32:56.880 GMT-0500,10.102,10.017999999999999,0.0008,0.0008
19.03.2020 08:32:57.312 GMT-0500,10.142999999999999,10.017000000000001,0.002,0.002
19.03.2020 08:32:57.386 GMT-0500,10.133,10.017000000000001,0.0008,0.002
19.03.2020 08:32:57.575 GMT-0500,10.102,10.037,0.0008,0.0008
19.03.2020 08:32:57.626 GMT-0500,10.102,10.017999999999999,0.002,0.002
19.03.2020 08:32:59.065 GMT-0500,10.103,10.017000000000001,0.0008,0.002
19.03.2020 08:32:59.182 GMT-0500,10.142000000000001,10.038,0.0008,0.0008
19.03.2020 08:32:59.674 GMT-0500,10.122,10.038,0.0008,0.0008
19.03.2020 08:32:59.855 GMT-0500,10.082,10.038,0.002,0.002
19.03.2020 08:33:00.116 GMT-0500,10.122,10.017999999999999,0.0008,0.0008
19.03.2020 08:33:01.063 GMT-0500,10.122,9.998,0.0008,0.002
19.03.2020 08:33:01.199 GMT-0500,10.112,10.008,0.0008,0.0008
19.03.2020 08:33:01.300 GMT-0500,10.122,10.038,0.0008,0.0008
19.03.2020 08:33:01.350 GMT-0500,10.142999999999999,10.037,0.002,0.002
19.03.2020 08:33:01.400 GMT-0500,10.083,10.037,0.002,0.002
19.03.2020 08:33:02.264 GMT-0500,10.073,10.037,0.0008,0.0008
19.03.2020 08:33:02.314 GMT-0500,10.072000000000001,10.008,0.0008,0.0008
19.03.2020 08:33:02.376 GMT-0500,10.072000000000001,10.017999999999999,0.002,0.002
19.03.2020 08:33:02.702 GMT-0500,10.073,10.007000000000001,0.002,0.002
19.03.2020 08:33:02.798 GMT-0500,10.073,10.048,0.0008,0.0008
19.03.2020 08:33:02.848 GMT-0500,10.112,10.048,0.0008,0.0008
19.03.2020 08:33:02.899 GMT-0500,10.122,10.048,0.0008,0.0008
19.03.2020 08:33:04.058 GMT-0500,10.122,10.038,0.0008,0.002
19.03.2020 08:33:04.109 GMT-0500,10.112,10.038,0.0008,0.0008
19.03.2020 08:33:04.271 GMT-0500,10.122,10.048,0.002,0.0008
19.03.2020 08:33:04.321 GMT-0500,10.122,10.038,0.002,0.002
19.03.2020 08:33:04.896 GMT-0500,10.112,10.048,0.0008,0.0008
19.03.2020 08:33:05.112 GMT-0500,10.142999999999999,10.037,0.002,0.002
19.03.2020 08:33:05.713 GMT-0500,10.102,10.037,0.0008,0.002
19.03.2020 08:33:05.763 GMT-0500,10.102,10.008,0.002,0.002
19.03.2020 08:33:05.813 GMT-0500,10.092,10.017000000000001,0.0008,0.002
19.03.2020 08:33:05.914 GMT-0500,10.103,10.057,0.002,0.002
19.03.2020 08:33:06.585 GMT-0500,10.103,10.077,0.0008,0.0008
19.03.2020 08:33:06.635 GMT-0500,10.133,10.077,0.002,0.002
19.03.2020 08:33:06.686 GMT-0500,10.142000000000001,10.078,0.0008,0.0008
19.03.2020 08:33:07.168 GMT-0500,10.133,10.078,0.0008,0.0008
19.03.2020 08:33:07.347 GMT-0500,10.142000000000001,10.078,0.002,0.002
19.03.2020 08:33:08.050 GMT-0500,10.142999999999999,10.077,0.002,0.0008
19.03.2020 08:33:08.101 GMT-0500,10.142000000000001,10.058,0.0008,0.0008
19.03.2020 08:33:08.638 GMT-0500,10.142000000000001,10.068,0.0008,0.0008
19.03.2020 08:33:08.746 GMT-0500,10.133,10.077,0.0008,0.002
19.03.2020 08:33:08.797 GMT-0500,10.142000000000001,10.077,0.0008,0.002
19.03.2020 08:33:08.862 GMT-0500,10.102,10.077,0.0008,0.002
19.03.2020 08:33:10.538 GMT-0500,10.103,10.067,0.002,0.002
19.03.2020 08:33:11.008 GMT-0500,10.112,10.087000000000002,0.0008,0.002
19.03.2020 08:33:11.059 GMT-0500,10.112,10.078,0.002,0.002
19.03.2020 08:33:11.274 GMT-0500,10.112,10.097000000000001,0.0008,0.002
19.03.2020 08:33:12.434 GMT-0500,10.113,10.077,0.002,0.002
19.03.2020 08:33:12.484 GMT-0500,10.112,10.087000000000002,0.0008,0.002
19.03.2020 08:33:13.423 GMT-0500,10.102,10.087000000000002,0.0008,0.0008
19.03.2020 08:33:13.473 GMT-0500,10.102,10.057,0.0008,0.002
19.03.2020 08:33:13.524 GMT-0500,10.113,10.057,0.002,0.002
19.03.2020 08:33:14.924 GMT-0500,10.112,10.058,0.0008,0.0008
19.03.2020 08:33:15.633 GMT-0500,10.113,10.057,0.002,0.002
19.03.2020 08:33:15.734 GMT-0500,10.142000000000001,10.058,0.002,0.002
19.03.2020 08:33:16.133 GMT-0500,10.122,10.058,0.0008,0.002
19.03.2020 08:33:16.233 GMT-0500,10.142000000000001,9.998,0.002,0.002
19.03.2020 08:33:16.822 GMT-0500,10.122,9.998,0.0008,0.002
19.03.2020 08:33:16.873 GMT-0500,10.122,9.998,0.0008,0.0008
19.03.2020 08:33:16.978 GMT-0500,10.063,9.998,0.0008,0.0008
19.03.2020 08:33:17.028 GMT-0500,10.142999999999999,9.997,0.002,0.002
19.03.2020 08:33:17.335 GMT-0500,10.132000000000001,9.998,0.0008,0.0008
19.03.2020 08:33:17.386 GMT-0500,10.142000000000001,9.998,0.002,0.002
19.03.2020 08:33:17.436 GMT-0500,10.142999999999999,10.007000000000001,0.002,0.002
19.03.2020 08:33:17.743 GMT-0500,10.122,10.008,0.0008,0.0008
19.03.2020 08:33:17.928 GMT-0500,10.112,10.008,0.0008,0.002
19.03.2020 08:33:18.166 GMT-0500,10.122,10.007000000000001,0.0008,0.002
19.03.2020 08:33:18.901 GMT-0500,10.083,9.997,0.0008,0.002
19.03.2020 08:33:18.951 GMT-0500,10.082,9.997,0.0008,0.002
19.03.2020 08:33:19.001 GMT-0500,10.082,10.007000000000001,0.0008,0.002
19.03.2020 08:33:19.269 GMT-0500,10.083,9.997,0.002,0.002
19.03.2020 08:33:19.734 GMT-0500,10.083,9.997,0.002,0.002
19.03.2020 08:33:21.489 GMT-0500,10.082,10.008,0.0008,0.0008
19.03.2020 08:33:21.539 GMT-0500,10.082,9.998,0.0008,0.0008
19.03.2020 08:33:22.366 GMT-0500,10.082,10.008,0.002,0.002
19.03.2020 08:33:24.263 GMT-0500,10.083,10.007000000000001,0.002,0.0008
19.03.2020 08:33:24.313 GMT-0500,10.083,9.997,0.002,0.002
19.03.2020 08:33:24.773 GMT-0500,10.082,10.008,0.0008,0.0008
19.03.2020 08:33:24.963 GMT-0500,10.083,9.997,0.002,0.002
19.03.2020 08:33:25.345 GMT-0500,10.082,9.997,0.0008,0.002
19.03.2020 08:33:27.397 GMT-0500,10.082,10.017999999999999,0.002,0.0008
19.03.2020 08:33:27.448 GMT-0500,10.082,9.997,0.0008,0.002
19.03.2020 08:33:27.793 GMT-0500,10.082,9.997,0.0008,0.002
19.03.2020 08:33:27.944 GMT-0500,10.082,9.998,0.002,0.002
19.03.2020 08:33:28.619 GMT-0500,10.082,10.007000000000001,0.0008,0.002
19.03.2020 08:33:28.916 GMT-0500,10.083,10.007000000000001,0.002,0.002
19.03.2020 08:33:29.144 GMT-0500,10.082,9.998,0.0008,0.002
19.03.2020 08:33:29.194 GMT-0500,10.082,9.998,0.0008,0.0008
19.03.2020 08:33:29.315 GMT-0500,10.082,9.998,0.0008,0.002
19.03.2020 08:33:29.365 GMT-0500,10.083,9.997,0.002,0.002
19.03.2020 08:33:29.436 GMT-0500,10.083,9.997,0.002,0.002
19.03.2020 08:33:29.537 GMT-0500,10.082,9.998,0.002,0.002
19.03.2020 08:33:30.582 GMT-0500,10.073,9.998,0.0008,0.002
19.03.2020 08:33:30.633 GMT-0500,10.082,10.047,0.0008,0.002
19.03.2020 08:33:30.734 GMT-0500,10.052000000000001,10.008,0.002,0.002
19.03.2020 08:33:30.834 GMT-0500,10.083,9.997,0.002,0.002
19.03.2020 08:33:31.412 GMT-0500,10.082,10.008,0.0008,0.0008
19.03.2020 08:33:31.462 GMT-0500,10.082,9.997,0.0008,0.002
19.03.2020 08:33:32.171 GMT-0500,10.062000000000001,9.997,0.0008,0.002
19.03.2020 08:33:32.221 GMT-0500,10.082,9.998,0.0008,0.0008
19.03.2020 08:33:32.322 GMT-0500,10.072000000000001,9.998,0.0008,0.002
19.03.2020 08:33:32.373 GMT-0500,10.082,9.998,0.002,0.002
19.03.2020 08:33:32.857 GMT-0500,10.043,9.998,0.0008,0.0008
19.03.2020 08:33:33.059 GMT-0500,10.012,9.997,0.0008,0.002
19.03.2020 08:33:38.653 GMT-0500,10.013,9.997,0.002,0.002
19.03.2020 08:33:42.180 GMT-0500,10.022,10.008,0.0008,0.0008
19.03.2020 08:33:42.231 GMT-0500,10.022,9.997,0.0008,0.002
19.03.2020 08:33:42.690 GMT-0500,10.023,9.997,0.002,0.002
19.03.2020 08:33:47.280 GMT-0500,10.012,9.998,0.0008,0.0008
19.03.2020 08:33:47.459 GMT-0500,10.013,9.997,0.002,0.002
19.03.2020 08:33:48.189 GMT-0500,10.012,9.997,0.0008,0.002
19.03.2020 08:33:48.462 GMT-0500,10.013,9.997,0.002,0.002
19.03.2020 08:33:51.583 GMT-0500,10.012,9.998,0.0008,0.0008
19.03.2020 08:34:00.179 GMT-0500,10.013,9.997,0.002,0.002
19.03.2020 08:34:12.021 GMT-0500,10.012,9.998,0.0008,0.0008
19.03.2020 08:34:13.599 GMT-0500,10.013,9.997,0.002,0.002
19.03.2020 08:34:16.193 GMT-0500,10.012,9.998,0.0008,0.0008
19.03.2020 08:34:16.605 GMT-0500,10.012,9.967,0.0008,0.002
19.03.2020 08:34:22.474 GMT-0500,10.022,9.968,0.002,0.002
19.03.2020 08:34:22.524 GMT-0500,10.022,9.997,0.0008,0.002
19.03.2020 08:34:22.625 GMT-0500,10.032,10.008,0.002,0.002
19.03.2020 08:34:22.784 GMT-0500,10.038,10.008,0.0008,0.002
19.03.2020 08:34:22.834 GMT-0500,10.082,10.008,0.0008,0.0008
19.03.2020 08:34:22.885 GMT-0500,10.092,10.008,0.002,0.002
19.03.2020 08:34:22.961 GMT-0500,10.092,10.008,0.0008,0.002
19.03.2020 08:34:23.012 GMT-0500,10.123,10.027000000000001,0.002,0.002
19.03.2020 08:34:23.130 GMT-0500,10.122,9.967,0.0008,0.002
19.03.2020 08:34:23.295 GMT-0500,10.122,9.958,0.0008,0.0008
19.03.2020 08:34:23.426 GMT-0500,10.112,9.958,0.0008,0.0008
19.03.2020 08:34:23.526 GMT-0500,10.152000000000001,9.958,0.002,0.002
19.03.2020 08:34:23.681 GMT-0500,10.042,9.958,0.002,0.002
19.03.2020 08:34:23.877 GMT-0500,10.042,10.015,0.002,0.0008
19.03.2020 08:34:24.702 GMT-0500,10.043,10.037,0.0008,0.0008
19.03.2020 08:34:24.752 GMT-0500,10.052999999999999,10.037,0.002,0.002
19.03.2020 08:34:24.836 GMT-0500,10.112,10.037,0.0008,0.002
19.03.2020 08:34:25.140 GMT-0500,10.123,10.027000000000001,0.002,0.002
19.03.2020 08:34:25.346 GMT-0500,10.163,10.027000000000001,0.002,0.002
19.03.2020 08:34:25.572 GMT-0500,10.162,10.027000000000001,0.0008,0.002
19.03.2020 08:34:25.863 GMT-0500,10.193,10.027000000000001,0.002,0.002
19.03.2020 08:34:26.121 GMT-0500,10.183,10.027000000000001,0.0008,0.002
19.03.2020 08:34:26.411 GMT-0500,10.182,10.027000000000001,0.0008,0.002
19.03.2020 08:34:26.609 GMT-0500,10.183,10.027000000000001,0.002,0.002
19.03.2020 08:34:27.272 GMT-0500,10.082,10.028,0.0008,0.0008
19.03.2020 08:34:28.162 GMT-0500,10.083,10.027000000000001,0.002,0.002
19.03.2020 08:34:30.006 GMT-0500,10.072000000000001,10.038,0.0008,0.0008
19.03.2020 08:34:30.056 GMT-0500,10.072000000000001,10.028,0.002,0.002
19.03.2020 08:34:30.107 GMT-0500,10.082,10.028,0.0008,0.0008
19.03.2020 08:34:32.397 GMT-0500,10.073,10.028,0.0008,0.0008
19.03.2020 08:34:32.559 GMT-0500,10.072000000000001,10.028,0.0008,0.002
19.03.2020 08:34:32.610 GMT-0500,10.082,10.028,0.002,0.002
19.03.2020 08:34:32.798 GMT-0500,10.083,10.027000000000001,0.002,0.002
19.03.2020 08:34:33.340 GMT-0500,10.072000000000001,10.027000000000001,0.0008,0.002
19.03.2020 08:34:33.390 GMT-0500,10.082,10.028,0.0008,0.0008
19.03.2020 08:34:33.441 GMT-0500,10.042,10.028,0.002,0.002
19.03.2020 08:34:33.652 GMT-0500,10.043,10.027000000000001,0.002,0.002
19.03.2020 08:34:35.426 GMT-0500,10.042,10.027000000000001,0.0008,0.002
19.03.2020 08:34:35.608 GMT-0500,10.082,10.037,0.0008,0.002
19.03.2020 08:34:35.659 GMT-0500,10.112,10.048,0.0008,0.0008
19.03.2020 08:34:35.759 GMT-0500,10.063,10.027000000000001,0.002,0.002
19.03.2020 08:34:37.062 GMT-0500,10.152000000000001,10.068,0.002,0.002
19.03.2020 08:34:37.163 GMT-0500,10.152000000000001,10.077,0.0008,0.0008
19.03.2020 08:34:37.214 GMT-0500,10.162,10.077,0.0008,0.002
19.03.2020 08:34:37.346 GMT-0500,10.162,10.088,0.002,0.0008
19.03.2020 08:34:37.570 GMT-0500,10.183,10.087000000000002,0.002,0.002
19.03.2020 08:34:37.666 GMT-0500,10.123,10.087000000000002,0.0008,0.002
19.03.2020 08:34:37.766 GMT-0500,10.122,10.067,0.0008,0.002
19.03.2020 08:34:37.817 GMT-0500,10.112,10.068,0.002,0.002
19.03.2020 08:34:38.929 GMT-0500,10.112,10.057,0.0008,0.002
19.03.2020 08:34:39.621 GMT-0500,10.113,10.057,0.002,0.002
19.03.2020 08:34:40.701 GMT-0500,10.122,10.088,0.002,0.002
19.03.2020 08:34:40.751 GMT-0500,10.122,10.078,0.0008,0.0008
19.03.2020 08:34:42.518 GMT-0500,10.085,10.078,0.0008,0.0008
19.03.2020 08:34:42.568 GMT-0500,10.122,10.017999999999999,0.0008,0.0008
19.03.2020 08:34:42.621 GMT-0500,10.122,10.008,0.0008,0.0008
19.03.2020 08:34:42.839 GMT-0500,10.112,10.008,0.0008,0.002
19.03.2020 08:34:43.080 GMT-0500,10.113,10.007000000000001,0.002,0.002
19.03.2020 08:34:43.771 GMT-0500,10.113,10.007000000000001,0.0008,0.002
19.03.2020 08:34:44.457 GMT-0500,10.103,10.017000000000001,0.002,0.002
19.03.2020 08:34:44.575 GMT-0500,10.103,10.007000000000001,0.002,0.002
19.03.2020 08:34:45.244 GMT-0500,10.102,10.017999999999999,0.0008,0.0008
19.03.2020 08:34:45.345 GMT-0500,10.102,10.008,0.0008,0.0008
19.03.2020 08:34:47.174 GMT-0500,10.102,10.028,0.0008,0.0008
19.03.2020 08:34:48.623 GMT-0500,10.092,10.028,0.0008,0.0008
19.03.2020 08:34:49.291 GMT-0500,10.083,10.028,0.0008,0.0008
19.03.2020 08:34:49.341 GMT-0500,10.083,9.967,0.002,0.002
19.03.2020 08:34:49.445 GMT-0500,10.092,9.958,0.002,0.002
19.03.2020 08:34:49.571 GMT-0500,10.043,9.957,0.0008,0.002
19.03.2020 08:34:49.776 GMT-0500,10.043,9.957,0.002,0.002
19.03.2020 08:34:50.508 GMT-0500,10.042,9.978,0.0008,0.002
19.03.2020 08:34:50.558 GMT-0500,10.082,10.007000000000001,0.0008,0.002
19.03.2020 08:34:51.159 GMT-0500,10.073,10.007000000000001,0.0008,0.002
19.03.2020 08:34:51.352 GMT-0500,10.073,10.007000000000001,0.0008,0.002
19.03.2020 08:34:51.403 GMT-0500,10.082,10.007000000000001,0.0008,0.002
19.03.2020 08:34:52.177 GMT-0500,10.072000000000001,10.007000000000001,0.0008,0.0008
19.03.2020 08:34:52.228 GMT-0500,10.072000000000001,9.977,0.0008,0.002
19.03.2020 08:34:52.278 GMT-0500,10.072000000000001,10.008,0.0008,0.0008
19.03.2020 08:34:52.432 GMT-0500,10.073,10.008,0.0008,0.0008
19.03.2020 08:34:52.482 GMT-0500,10.082,10.008,0.002,0.002
19.03.2020 08:34:52.664 GMT-0500,10.042,10.008,0.0008,0.0008
19.03.2020 08:34:52.715 GMT-0500,10.043,9.977,0.002,0.002
19.03.2020 08:34:53.059 GMT-0500,10.043,10.007000000000001,0.002,0.0008
19.03.2020 08:34:53.248 GMT-0500,10.043,10.017000000000001,0.0008,0.002
19.03.2020 08:34:53.298 GMT-0500,10.082,10.028,0.002,0.002
19.03.2020 08:34:53.804 GMT-0500,10.083,10.017000000000001,0.002,0.002
19.03.2020 08:34:53.866 GMT-0500,10.052999999999999,10.017000000000001,0.0008,0.002
19.03.2020 08:34:55.424 GMT-0500,10.052000000000001,10.008,0.0008,0.002
19.03.2020 08:34:55.475 GMT-0500,10.052000000000001,10.008,0.002,0.002
19.03.2020 08:34:56.423 GMT-0500,10.043,10.007000000000001,0.0008,0.002
19.03.2020 08:34:56.523 GMT-0500,10.042,9.978,0.0008,0.0008
19.03.2020 08:34:56.881 GMT-0500,10.043,9.977,0.002,0.002
19.03.2020 08:34:56.983 GMT-0500,10.052000000000001,10.017000000000001,0.0008,0.002
19.03.2020 08:34:57.232 GMT-0500,10.052000000000001,10.008,0.002,0.002
19.03.2020 08:34:57.400 GMT-0500,10.052000000000001,9.977,0.0008,0.002
19.03.2020 08:34:58.980 GMT-0500,10.043,9.977,0.0008,0.002
19.03.2020 08:35:00.141 GMT-0500,10.042,9.978,0.002,0.002
19.03.2020 08:35:01.206 GMT-0500,10.043,9.997,0.002,0.002
19.03.2020 08:35:01.443 GMT-0500,10.042,9.978,0.0008,0.0008
19.03.2020 08:35:01.844 GMT-0500,10.023,9.978,0.0008,0.0008
19.03.2020 08:35:01.953 GMT-0500,10.023,10.007000000000001,0.0008,0.0008
19.03.2020 08:35:02.003 GMT-0500,10.052000000000001,10.007000000000001,0.0008,0.002
19.03.2020 08:35:02.111 GMT-0500,10.062000000000001,10.008,0.002,0.002
19.03.2020 08:35:03.589 GMT-0500,10.063,10.007000000000001,0.002,0.002
19.03.2020 08:35:03.856 GMT-0500,10.052000000000001,10.008,0.002,0.002
19.03.2020 08:35:04.003 GMT-0500,10.062000000000001,10.008,0.0008,0.0008
19.03.2020 08:35:04.088 GMT-0500,10.025,10.007000000000001,0.0008,0.002
19.03.2020 08:35:04.218 GMT-0500,10.022,10.007000000000001,0.0008,0.002
19.03.2020 08:35:06.016 GMT-0500,10.062000000000001,10.008,0.002,0.002
19.03.2020 08:35:06.211 GMT-0500,10.052999999999999,10.007000000000001,0.002,0.002
19.03.2020 08:35:06.320 GMT-0500,10.063,10.007000000000001,0.002,0.002
19.03.2020 08:35:06.742 GMT-0500,10.063,10.007000000000001,0.002,0.002
19.03.2020 08:35:07.171 GMT-0500,10.062000000000001,10.017999999999999,0.0008,0.0008
19.03.2020 08:35:07.272 GMT-0500,10.133,10.017000000000001,0.002,0.002
19.03.2020 08:35:07.655 GMT-0500,10.122,10.017000000000001,0.0008,0.002
19.03.2020 08:35:07.806 GMT-0500,10.082,10.017999999999999,0.0008,0.0008
19.03.2020 08:35:08.105 GMT-0500,10.082,10.038,0.0008,0.0008
19.03.2020 08:35:08.469 GMT-0500,10.052999999999999,10.017000000000001,0.002,0.002
19.03.2020 08:35:08.520 GMT-0500,10.052999999999999,10.017000000000001,0.002,0.002
19.03.2020 08:35:08.749 GMT-0500,10.052000000000001,10.007000000000001,0.0008,0.002
19.03.2020 08:35:09.122 GMT-0500,10.082,10.007000000000001,0.0008,0.002
19.03.2020 08:35:09.469 GMT-0500,10.035,10.007000000000001,0.0008,0.002
19.03.2020 08:35:09.519 GMT-0500,10.032,10.008,0.0008,0.0008
19.03.2020 08:35:09.851 GMT-0500,10.033,10.007000000000001,0.002,0.002
19.03.2020 08:35:10.666 GMT-0500,10.023,10.007000000000001,0.0008,0.002
19.03.2020 08:35:11.716 GMT-0500,10.022,10.007000000000001,0.0008,0.002
19.03.2020 08:35:11.766 GMT-0500,10.022,9.997,0.0008,0.002
19.03.2020 08:35:12.923 GMT-0500,10.013,9.997,0.002,0.002
19.03.2020 08:35:13.462 GMT-0500,10.022,9.998,0.0008,0.0008
19.03.2020 08:35:13.706 GMT-0500,10.092,10.017000000000001,0.0008,0.002
19.03.2020 08:35:13.757 GMT-0500,10.082,10.027000000000001,0.0008,0.002
19.03.2020 08:35:13.807 GMT-0500,10.092,10.008,0.0008,0.0008
19.03.2020 08:35:14.178 GMT-0500,10.092,10.017999999999999,0.002,0.002
19.03.2020 08:35:14.228 GMT-0500,10.112,10.017000000000001,0.0008,0.002
19.03.2020 08:35:14.306 GMT-0500,10.045,10.017999999999999,0.0008,0.002
19.03.2020 08:35:16.619 GMT-0500,10.033,10.017000000000001,0.002,0.002
19.03.2020 08:35:17.273 GMT-0500,10.048,10.017000000000001,0.0008,0.002
19.03.2020 08:35:17.323 GMT-0500,10.112,10.028,0.002,0.002
19.03.2020 08:35:17.482 GMT-0500,10.062000000000001,10.028,0.002,0.002
19.03.2020 08:35:19.895 GMT-0500,10.062000000000001,10.017999999999999,0.0008,0.002
19.03.2020 08:35:19.945 GMT-0500,10.062000000000001,10.017999999999999,0.002,0.002
19.03.2020 08:35:20.166 GMT-0500,10.062000000000001,10.007000000000001,0.0008,0.002
19.03.2020 08:35:20.576 GMT-0500,10.062000000000001,10.038,0.0008,0.0008
19.03.2020 08:35:20.627 GMT-0500,10.073,10.017000000000001,0.002,0.002
19.03.2020 08:35:20.677 GMT-0500,10.072000000000001,10.038,0.0008,0.0008
19.03.2020 08:35:20.877 GMT-0500,10.062000000000001,10.047,0.0008,0.0008
19.03.2020 08:35:20.927 GMT-0500,10.073,10.007000000000001,0.002,0.002
19.03.2020 08:35:21.394 GMT-0500,10.072000000000001,10.007000000000001,0.0008,0.002
19.03.2020 08:35:21.445 GMT-0500,10.072000000000001,10.038,0.0008,0.0008
19.03.2020 08:35:21.665 GMT-0500,10.073,10.007000000000001,0.002,0.002
19.03.2020 08:35:22.051 GMT-0500,10.103,10.007000000000001,0.002,0.002
19.03.2020 08:35:22.308 GMT-0500,10.092,10.007000000000001,0.0008,0.002
19.03.2020 08:35:22.526 GMT-0500,10.102,10.048,0.002,0.002
19.03.2020 08:35:23.947 GMT-0500,10.083,10.048,0.0008,0.0008
19.03.2020 08:35:24.293 GMT-0500,10.082,10.047,0.0008,0.0008
19.03.2020 08:35:24.343 GMT-0500,10.082,10.038,0.002,0.002
19.03.2020 08:35:24.741 GMT-0500,10.083,10.037,0.002,0.002
19.03.2020 08:35:25.114 GMT-0500,10.052999999999999,10.037,0.002,0.002
19.03.2020 08:35:25.296 GMT-0500,10.052999999999999,10.027000000000001,0.002,0.002
19.03.2020 08:35:25.396 GMT-0500,10.052999999999999,9.997,0.002,0.002
19.03.2020 08:35:25.463 GMT-0500,10.052000000000001,10.008,0.0008,0.0008
19.03.2020 08:35:26.068 GMT-0500,10.042,10.008,0.0008,0.0008
19.03.2020 08:35:27.372 GMT-0500,10.042,10.028,0.0008,0.0008
19.03.2020 08:35:29.107 GMT-0500,10.042,10.008,0.0008,0.0008
19.03.2020 08:35:29.295 GMT-0500,10.043,10.007000000000001,0.002,0.002
19.03.2020 08:35:29.422 GMT-0500,10.043,10.027000000000001,0.0008,0.0008
19.03.2020 08:35:29.473 GMT-0500,10.052999999999999,10.027000000000001,0.002,0.002
19.03.2020 08:35:30.558 GMT-0500,10.052000000000001,10.028,0.002,0.0008
19.03.2020 08:35:30.659 GMT-0500,10.052999999999999,10.027000000000001,0.002,0.002
19.03.2020 08:35:30.896 GMT-0500,10.052000000000001,10.027000000000001,0.0008,0.002
19.03.2020 08:35:31.466 GMT-0500,10.042,10.028,0.0008,0.002
19.03.2020 08:35:31.683 GMT-0500,10.043,10.027000000000001,0.002,0.002
19.03.2020 08:35:32.467 GMT-0500,10.042,10.027000000000001,0.0008,0.002
19.03.2020 08:35:34.769 GMT-0500,10.042,10.008,0.0008,0.0008
19.03.2020 08:35:34.976 GMT-0500,10.033,10.007000000000001,0.0008,0.002
19.03.2020 08:35:35.870 GMT-0500,10.032,10.017000000000001,0.0008,0.002
19.03.2020 08:35:38.049 GMT-0500,10.032,9.998,0.002,0.002
19.03.2020 08:35:38.248 GMT-0500,10.022,9.998,0.0008,0.002
19.03.2020 08:35:38.499 GMT-0500,10.013,9.967,0.002,0.002
19.03.2020 08:35:38.549 GMT-0500,10.002,9.968,0.002,0.002
19.03.2020 08:35:38.768 GMT-0500,10.002,9.987,0.0008,0.0008
19.03.2020 08:35:39.473 GMT-0500,10.003,9.987,0.002,0.002
19.03.2020 08:35:40.244 GMT-0500,10.002,9.958,0.0008,0.002
19.03.2020 08:35:40.295 GMT-0500,10.002,9.957,0.0008,0.002
19.03.2020 08:35:40.476 GMT-0500,9.992,9.958,0.0008,0.002
19.03.2020 08:35:42.477 GMT-0500,9.982000000000001,9.958,0.0008,0.0008
19.03.2020 08:35:42.611 GMT-0500,9.982000000000001,9.968,0.0008,0.0008
19.03.2020 08:35:48.460 GMT-0500,9.983,9.967,0.002,0.0008
19.03.2020 08:35:48.511 GMT-0500,9.982000000000001,9.957,0.0008,0.002
19.03.2020 08:35:49.468 GMT-0500,9.972000000000001,9.958,0.0008,0.002
19.03.2020 08:35:50.907 GMT-0500,9.972000000000001,9.947000000000001,0.0008,0.002
19.03.2020 08:35:51.115 GMT-0500,9.952,9.898,0.0008,0.002
19.03.2020 08:35:51.165 GMT-0500,9.962000000000002,9.898,0.0008,0.0008
19.03.2020 08:35:51.294 GMT-0500,9.923,9.897,0.002,0.002
19.03.2020 08:35:51.610 GMT-0500,9.923,9.877,0.002,0.002
19.03.2020 08:35:51.711 GMT-0500,9.922,9.878,0.002,0.002
19.03.2020 08:35:52.314 GMT-0500,9.923,9.897,0.002,0.0008
19.03.2020 08:35:52.872 GMT-0500,9.912,9.897,0.0008,0.002
19.03.2020 08:35:58.319 GMT-0500,9.915000000000001,9.908,0.0008,0.0008
19.03.2020 08:35:58.369 GMT-0500,9.942,9.918,0.0008,0.0008
19.03.2020 08:35:58.622 GMT-0500,9.943,9.918,0.0008,0.0008
19.03.2020 08:35:58.842 GMT-0500,9.952,9.918,0.0008,0.0008
19.03.2020 08:35:59.093 GMT-0500,9.953,9.917,0.002,0.002
19.03.2020 08:35:59.700 GMT-0500,9.953,9.917,0.0008,0.002
19.03.2020 08:35:59.750 GMT-0500,10.002,9.927000000000001,0.0008,0.002
19.03.2020 08:36:00.119 GMT-0500,10.012,9.927999999999999,0.0008,0.0008
19.03.2020 08:36:00.339 GMT-0500,10.013,9.917,0.002,0.002
19.03.2020 08:36:00.390 GMT-0500,10.013,9.917,0.002,0.002
19.03.2020 08:36:00.621 GMT-0500,10.012,9.917,0.0008,0.002
19.03.2020 08:36:01.131 GMT-0500,10.003,9.917,0.0008,0.002
19.03.2020 08:36:01.469 GMT-0500,9.972000000000001,9.917,0.0008,0.002
19.03.2020 08:36:02.657 GMT-0500,9.972999999999999,9.907,0.002,0.002
19.03.2020 08:36:03.092 GMT-0500,9.963,9.907,0.0008,0.002
19.03.2020 08:36:03.193 GMT-0500,9.972999999999999,9.917,0.002,0.002
19.03.2020 08:36:03.953 GMT-0500,9.972000000000001,9.908,0.0008,0.0008
19.03.2020 08:36:04.204 GMT-0500,9.972000000000001,9.897,0.0008,0.002
19.03.2020 08:36:04.429 GMT-0500,9.972000000000001,9.897,0.0008,0.0008
19.03.2020 08:36:04.529 GMT-0500,9.972000000000001,9.888,0.002,0.002
19.03.2020 08:36:05.271 GMT-0500,9.972000000000001,9.898,0.002,0.0008
19.03.2020 08:36:06.144 GMT-0500,9.972000000000001,9.887,0.0008,0.002
19.03.2020 08:36:06.806 GMT-0500,9.963,9.887,0.0008,0.002
19.03.2020 08:36:06.906 GMT-0500,10.002,9.908,0.002,0.002
19.03.2020 08:36:06.956 GMT-0500,10.002,9.927999999999999,0.002,0.002
19.03.2020 08:36:07.377 GMT-0500,9.972000000000001,9.927999999999999,0.0008,0.002
19.03.2020 08:36:07.929 GMT-0500,10.013,9.927000000000001,0.002,0.002
19.03.2020 08:36:08.429 GMT-0500,10.012,9.927999999999999,0.0008,0.0008
19.03.2020 08:36:08.529 GMT-0500,10.002,9.927999999999999,0.0008,0.0008
19.03.2020 08:36:08.774 GMT-0500,10.003,9.927000000000001,0.002,0.002
19.03.2020 08:36:09.023 GMT-0500,10.002,9.927999999999999,0.0008,0.0008
19.03.2020 08:36:09.545 GMT-0500,9.963,9.927000000000001,0.0008,0.002
19.03.2020 08:36:09.595 GMT-0500,9.992,9.948,0.002,0.002
19.03.2020 08:36:09.745 GMT-0500,10.002,9.927999999999999,0.002,0.002
19.03.2020 08:36:10.280 GMT-0500,9.993,9.927000000000001,0.002,0.002
19.03.2020 08:36:10.530 GMT-0500,9.993,9.927000000000001,0.0008,0.002
19.03.2020 08:36:10.581 GMT-0500,10.002,9.927000000000001,0.0008,0.002
19.03.2020 08:36:11.275 GMT-0500,9.993,9.927000000000001,0.0008,0.0008
19.03.2020 08:36:11.326 GMT-0500,9.992,9.918,0.0008,0.0008
19.03.2020 08:36:11.591 GMT-0500,10.002,9.918,0.0008,0.0008
19.03.2020 08:36:12.539 GMT-0500,9.993,9.918,0.0008,0.0008
19.03.2020 08:36:12.778 GMT-0500,10.002,9.917,0.0008,0.002
19.03.2020 08:36:13.071 GMT-0500,10.003,9.917,0.002,0.002
19.03.2020 08:36:13.863 GMT-0500,9.963,9.897,0.0008,0.002
19.03.2020 08:36:13.914 GMT-0500,9.992,9.898,0.002,0.002
19.03.2020 08:36:14.073 GMT-0500,9.992,9.927000000000001,0.0008,0.002
19.03.2020 08:36:14.411 GMT-0500,9.982000000000001,9.927999999999999,0.0008,0.002
19.03.2020 08:36:14.512 GMT-0500,9.992,9.927999999999999,0.0008,0.0008
19.03.2020 08:36:14.969 GMT-0500,9.993,9.937000000000001,0.002,0.002
19.03.2020 08:36:15.834 GMT-0500,9.992,9.938,0.0008,0.0008
19.03.2020 08:36:16.295 GMT-0500,9.963,9.948,0.0008,0.0008
19.03.2020 08:36:16.400 GMT-0500,9.962000000000002,9.948,0.0008,0.0008
19.03.2020 08:36:17.390 GMT-0500,9.965,9.957,0.0008,0.0008
19.03.2020 08:36:17.441 GMT-0500,9.993,9.957,0.002,0.002
19.03.2020 08:36:17.564 GMT-0500,9.992,9.958,0.0008,0.0008
19.03.2020 08:36:18.084 GMT-0500,9.982000000000001,9.958,0.0008,0.0008
19.03.2020 08:36:18.785 GMT-0500,9.983,9.967,0.002,0.002
19.03.2020 08:36:19.025 GMT-0500,9.982000000000001,9.968,0.0008,0.0008
19.03.2020 08:36:19.075 GMT-0500,9.983,9.937000000000001,0.002,0.002
19.03.2020 08:36:20.078 GMT-0500,9.982000000000001,9.937000000000001,0.0008,0.002
19.03.2020 08:36:20.513 GMT-0500,9.972999999999999,9.937000000000001,0.0008,0.002
19.03.2020 08:36:20.699 GMT-0500,9.972999999999999,9.937000000000001,0.0008,0.002
19.03.2020 08:36:20.749 GMT-0500,9.982000000000001,9.958,0.002,0.002
19.03.2020 08:36:23.224 GMT-0500,10.042,9.977,0.0008,0.002
19.03.2020 08:36:23.275 GMT-0500,10.033,9.977,0.002,0.002
19.03.2020 08:36:23.482 GMT-0500,10.052999999999999,9.977,0.002,0.002
19.03.2020 08:36:23.780 GMT-0500,10.072000000000001,9.978,0.0008,0.0008
19.03.2020 08:36:23.854 GMT-0500,10.033,9.978,0.0008,0.0008
19.03.2020 08:36:24.096 GMT-0500,10.023,9.977,0.002,0.002
19.03.2020 08:36:24.256 GMT-0500,9.993,9.967,0.002,0.002
19.03.2020 08:36:24.964 GMT-0500,9.992,9.958,0.002,0.002
19.03.2020 08:36:25.958 GMT-0500,9.972999999999999,9.958,0.0008,0.0008
19.03.2020 08:36:26.008 GMT-0500,9.972000000000001,9.927999999999999,0.002,0.002
19.03.2020 08:36:26.394 GMT-0500,9.992,9.898,0.002,0.002
19.03.2020 08:36:26.495 GMT-0500,9.992,9.917,0.0008,0.002
19.03.2020 08:36:26.952 GMT-0500,9.993,9.917,0.002,0.002
19.03.2020 08:36:27.279 GMT-0500,9.992,9.917,0.0008,0.002
19.03.2020 08:36:27.523 GMT-0500,9.993,9.917,0.002,0.002
19.03.2020 08:36:28.528 GMT-0500,9.983,9.917,0.0008,0.002
19.03.2020 08:36:28.628 GMT-0500,9.993,9.917,0.002,0.002
19.03.2020 08:36:29.537 GMT-0500,9.992,9.917,0.0008,0.002
19.03.2020 08:36:30.449 GMT-0500,9.982000000000001,9.937000000000001,0.0008,0.002
19.03.2020 08:36:30.500 GMT-0500,9.992,9.937000000000001,0.0008,0.002
19.03.2020 08:36:32.618 GMT-0500,9.993,9.937000000000001,0.002,0.002
19.03.2020 08:36:34.250 GMT-0500,10.023,9.977,0.002,0.002
19.03.2020 08:36:34.418 GMT-0500,10.022,9.978,0.0008,0.0008
19.03.2020 08:36:35.034 GMT-0500,10.022,9.967,0.0008,0.002
19.03.2020 08:36:35.548 GMT-0500,10.022,9.947000000000001,0.0008,0.002
19.03.2020 08:36:35.932 GMT-0500,10.022,9.957,0.0008,0.002
19.03.2020 08:36:36.613 GMT-0500,10.022,9.978,0.0008,0.0008
19.03.2020 08:36:37.232 GMT-0500,10.023,9.988,0.0008,0.0008
19.03.2020 08:36:37.282 GMT-0500,10.062000000000001,9.988,0.0008,0.0008
19.03.2020 08:36:37.333 GMT-0500,10.063,9.977,0.002,0.002
19.03.2020 08:36:37.505 GMT-0500,10.022,9.978,0.0008,0.0008
19.03.2020 08:36:41.494 GMT-0500,10.012,9.978,0.0008,0.002
19.03.2020 08:36:43.433 GMT-0500,10.022,9.997,0.0008,0.002
19.03.2020 08:36:43.970 GMT-0500,10.012,9.997,0.0008,0.0008
19.03.2020 08:36:44.021 GMT-0500,10.023,10.007000000000001,0.002,0.002
19.03.2020 08:36:44.219 GMT-0500,10.022,9.978,0.0008,0.002
19.03.2020 08:36:44.440 GMT-0500,10.012,9.978,0.0008,0.002
19.03.2020 08:36:44.628 GMT-0500,10.012,9.977,0.0008,0.0008
19.03.2020 08:36:44.729 GMT-0500,10.023,9.967,0.002,0.002
19.03.2020 08:36:45.068 GMT-0500,10.012,9.967,0.0008,0.002
19.03.2020 08:36:45.833 GMT-0500,10.012,9.978,0.002,0.002
19.03.2020 08:36:46.740 GMT-0500,10.012,10.005,0.0008,0.0008
19.03.2020 08:36:46.791 GMT-0500,10.022,9.978,0.002,0.002
19.03.2020 08:36:47.258 GMT-0500,10.022,10.007000000000001,0.0008,0.0008
19.03.2020 08:36:47.358 GMT-0500,10.022,9.978,0.002,0.002
19.03.2020 08:36:47.408 GMT-0500,10.052000000000001,10.008,0.0008,0.0008
19.03.2020 08:36:47.949 GMT-0500,10.052000000000001,9.998,0.002,0.002
19.03.2020 08:36:48.176 GMT-0500,10.052999999999999,9.977,0.002,0.002
19.03.2020 08:36:48.395 GMT-0500,10.052999999999999,9.977,0.002,0.002
19.03.2020 08:36:48.446 GMT-0500,10.122,10.017000000000001,0.0008,0.002
19.03.2020 08:36:48.496 GMT-0500,10.093,10.017000000000001,0.002,0.002
19.03.2020 08:36:48.629 GMT-0500,10.092,10.008,0.002,0.002
19.03.2020 08:36:48.761 GMT-0500,10.093,10.007000000000001,0.002,0.002
19.03.2020 08:36:49.075 GMT-0500,10.122,10.017000000000001,0.0008,0.002
19.03.2020 08:36:50.021 GMT-0500,10.122,10.008,0.0008,0.002
19.03.2020 08:36:50.190 GMT-0500,10.122,10.028,0.0008,0.002
19.03.2020 08:36:50.292 GMT-0500,10.122,10.047,0.0008,0.002
19.03.2020 08:36:50.520 GMT-0500,10.122,10.078,0.002,0.0008
19.03.2020 08:36:50.571 GMT-0500,10.122,10.068,0.0008,0.0008
19.03.2020 08:36:50.831 GMT-0500,10.102,10.067,0.0008,0.002
19.03.2020 08:36:50.942 GMT-0500,10.102,10.088,0.0008,0.0008
19.03.2020 08:36:50.993 GMT-0500,10.102,10.078,0.0008,0.0008
19.03.2020 08:36:51.373 GMT-0500,10.102,10.068,0.0008,0.0008
19.03.2020 08:36:51.423 GMT-0500,10.103,10.077,0.002,0.002
19.03.2020 08:36:52.429 GMT-0500,10.102,10.077,0.0008,0.0008
19.03.2020 08:36:52.479 GMT-0500,10.102,10.068,0.002,0.002
19.03.2020 08:36:52.605 GMT-0500,10.102,10.058,0.002,0.002
19.03.2020 08:36:52.656 GMT-0500,10.102,10.028,0.002,0.002
19.03.2020 08:36:53.703 GMT-0500,10.102,10.008,0.0008,0.0008
19.03.2020 08:36:54.232 GMT-0500,10.103,10.007000000000001,0.002,0.002
19.03.2020 08:36:54.342 GMT-0500,10.102,9.978,0.002,0.002
19.03.2020 08:36:54.420 GMT-0500,10.102,10.017999999999999,0.002,0.002
19.03.2020 08:36:54.471 GMT-0500,10.103,9.997,0.002,0.002
19.03.2020 08:36:54.958 GMT-0500,10.082,9.998,0.0008,0.002
19.03.2020 08:36:55.529 GMT-0500,10.102,9.997,0.0008,0.002
19.03.2020 08:36:55.994 GMT-0500,10.103,9.997,0.002,0.002
19.03.2020 08:36:56.094 GMT-0500,10.102,10.028,0.002,0.002
19.03.2020 08:36:56.323 GMT-0500,10.102,10.017999999999999,0.002,0.002
19.03.2020 08:36:56.682 GMT-0500,10.062000000000001,9.998,0.0008,0.002
19.03.2020 08:36:56.732 GMT-0500,10.062000000000001,9.998,0.0008,0.0008
19.03.2020 08:36:57.498 GMT-0500,10.062000000000001,9.998,0.002,0.002
19.03.2020 08:36:57.692 GMT-0500,10.062000000000001,9.998,0.002,0.002
19.03.2020 08:36:57.803 GMT-0500,10.063,9.997,0.002,0.002
19.03.2020 08:36:59.043 GMT-0500,10.062000000000001,9.997,0.0008,0.002
19.03.2020 08:36:59.391 GMT-0500,10.062000000000001,10.007000000000001,0.0008,0.0008
19.03.2020 08:36:59.495 GMT-0500,10.063,9.997,0.002,0.002
19.03.2020 08:36:59.613 GMT-0500,10.063,9.987,0.002,0.002
19.03.2020 08:36:59.688 GMT-0500,10.082,9.988,0.0008,0.0008
19.03.2020 08:37:00.256 GMT-0500,10.083,9.987,0.0008,0.002
19.03.2020 08:37:00.568 GMT-0500,10.103,9.987,0.002,0.0008
19.03.2020 08:37:00.876 GMT-0500,10.062000000000001,9.977,0.0008,0.002
19.03.2020 08:37:01.092 GMT-0500,10.063,9.977,0.002,0.002
19.03.2020 08:37:01.143 GMT-0500,10.063,9.977,0.002,0.002
19.03.2020 08:37:01.487 GMT-0500,10.062000000000001,9.967,0.0008,0.002
19.03.2020 08:37:01.667 GMT-0500,10.062000000000001,9.978,0.002,0.0008
19.03.2020 08:37:03.082 GMT-0500,10.012,9.978,0.0008,0.0008
19.03.2020 08:37:03.132 GMT-0500,10.012,9.968,0.002,0.002
19.03.2020 08:37:03.464 GMT-0500,10.012,9.978,0.0008,0.0008
19.03.2020 08:37:05.420 GMT-0500,10.013,9.967,0.002,0.002
19.03.2020 08:37:05.471 GMT-0500,10.013,9.967,0.002,0.002
19.03.2020 08:37:05.571 GMT-0500,10.063,9.997,0.002,0.002
19.03.2020 08:37:06.036 GMT-0500,10.062000000000001,9.997,0.0008,0.0008
19.03.2020 08:37:06.086 GMT-0500,10.062000000000001,10.008,0.002,0.002
19.03.2020 08:37:06.509 GMT-0500,10.032,10.007000000000001,0.0008,0.002
19.03.2020 08:37:08.010 GMT-0500,10.033,10.007000000000001,0.002,0.002
19.03.2020 08:37:09.006 GMT-0500,10.032,10.008,0.002,0.002
19.03.2020 08:37:09.604 GMT-0500,10.063,10.017000000000001,0.002,0.002
19.03.2020 08:37:10.033 GMT-0500,10.062000000000001,10.017999999999999,0.0008,0.0008
19.03.2020 08:37:12.077 GMT-0500,10.032,10.017999999999999,0.0008,0.0008
19.03.2020 08:37:12.128 GMT-0500,10.032,10.007000000000001,0.0008,0.002
19.03.2020 08:37:12.494 GMT-0500,10.032,10.017999999999999,0.002,0.0008
19.03.2020 08:37:13.371 GMT-0500,10.063,10.017000000000001,0.002,0.002
19.03.2020 08:37:13.421 GMT-0500,10.032,9.997,0.0008,0.002
19.03.2020 08:37:13.471 GMT-0500,10.063,10.007000000000001,0.002,0.002
19.03.2020 08:37:13.522 GMT-0500,10.052000000000001,10.007000000000001,0.0008,0.002
19.03.2020 08:37:13.572 GMT-0500,10.062000000000001,10.007000000000001,0.0008,0.002
19.03.2020 08:37:13.858 GMT-0500,10.063,10.007000000000001,0.002,0.002
19.03.2020 08:37:14.484 GMT-0500,10.022,10.008,0.002,0.002
19.03.2020 08:37:15.356 GMT-0500,9.992,9.967,0.0008,0.002
19.03.2020 08:37:15.689 GMT-0500,9.993,9.967,0.002,0.0008
19.03.2020 08:37:15.740 GMT-0500,9.992,9.948,0.0008,0.0008
19.03.2020 08:37:15.860 GMT-0500,9.993,9.947000000000001,0.002,0.002
19.03.2020 08:37:16.314 GMT-0500,9.972999999999999,9.947000000000001,0.0008,0.002
19.03.2020 08:37:16.482 GMT-0500,10.052999999999999,9.957,0.002,0.002
19.03.2020 08:37:16.604 GMT-0500,10.052999999999999,9.967,0.002,0.0008
19.03.2020 08:37:16.872 GMT-0500,9.99,9.958,0.0008,0.002
19.03.2020 08:37:16.923 GMT-0500,9.982000000000001,9.958,0.002,0.002
19.03.2020 08:37:17.338 GMT-0500,9.983,9.947000000000001,0.002,0.002
19.03.2020 08:37:18.076 GMT-0500,9.983,9.927000000000001,0.002,0.002
19.03.2020 08:37:18.285 GMT-0500,9.982000000000001,9.918,0.0008,0.0008
19.03.2020 08:37:19.651 GMT-0500,9.982000000000001,9.918,0.0008,0.002
19.03.2020 08:37:21.276 GMT-0500,9.982000000000001,9.938,0.0008,0.0008
19.03.2020 08:37:23.742 GMT-0500,10.012,9.958,0.0008,0.0008
19.03.2020 08:37:24.171 GMT-0500,9.982000000000001,9.937000000000001,0.0008,0.002
19.03.2020 08:37:25.310 GMT-0500,9.982000000000001,9.938,0.0008,0.002
19.03.2020 08:37:25.448 GMT-0500,9.983,9.937000000000001,0.002,0.002
19.03.2020 08:37:25.733 GMT-0500,9.972000000000001,9.937000000000001,0.0008,0.0008
19.03.2020 08:37:25.783 GMT-0500,9.982000000000001,9.878,0.002,0.002
19.03.2020 08:37:26.141 GMT-0500,9.982000000000001,9.888,0.0008,0.0008
19.03.2020 08:37:26.192 GMT-0500,9.983,9.877,0.002,0.002
19.03.2020 08:37:26.300 GMT-0500,9.983,9.877,0.002,0.002
19.03.2020 08:37:26.491 GMT-0500,9.962000000000002,9.917,0.0008,0.002
19.03.2020 08:37:26.720 GMT-0500,9.962000000000002,9.937000000000001,0.0008,0.002
19.03.2020 08:37:27.531 GMT-0500,9.962000000000002,9.918,0.0008,0.0008
19.03.2020 08:37:27.665 GMT-0500,9.962000000000002,9.918,0.0008,0.002
19.03.2020 08:37:27.715 GMT-0500,9.972999999999999,9.937000000000001,0.002,0.002
19.03.2020 08:37:28.071 GMT-0500,9.972000000000001,9.937000000000001,0.0008,0.0008
19.03.2020 08:37:28.122 GMT-0500,9.972000000000001,9.918,0.002,0.002
19.03.2020 08:37:30.856 GMT-0500,9.963,9.918,0.0008,0.0008
19.03.2020 08:37:31.895 GMT-0500,9.962000000000002,9.918,0.0008,0.0008
19.03.2020 08:37:32.536 GMT-0500,9.962000000000002,9.918,0.0008,0.002
19.03.2020 08:37:32.586 GMT-0500,9.972999999999999,9.957,0.002,0.002
19.03.2020 08:37:34.052 GMT-0500,9.972000000000001,9.948,0.0008,0.002
19.03.2020 08:37:34.103 GMT-0500,9.972000000000001,9.948,0.002,0.002
19.03.2020 08:37:34.512 GMT-0500,9.963,9.947000000000001,0.0008,0.0008
19.03.2020 08:37:34.562 GMT-0500,9.972000000000001,9.918,0.0008,0.0008
19.03.2020 08:37:34.689 GMT-0500,9.952,9.918,0.0008,0.0008
19.03.2020 08:37:35.568 GMT-0500,9.943,9.918,0.0008,0.0008
19.03.2020 08:37:35.619 GMT-0500,9.942,9.887,0.0008,0.002
19.03.2020 08:37:35.752 GMT-0500,9.933,9.887,0.002,0.002
19.03.2020 08:37:35.878 GMT-0500,9.932,9.887,0.0008,0.0008
19.03.2020 08:37:35.929 GMT-0500,9.932,9.877,0.0008,0.002
19.03.2020 08:37:36.242 GMT-0500,9.932,9.887,0.0008,0.0008
19.03.2020 08:37:36.810 GMT-0500,9.932,9.877,0.0008,0.002
19.03.2020 08:37:36.860 GMT-0500,10.002,9.897,0.0008,0.002
19.03.2020 08:37:37.304 GMT-0500,10.003,9.897,0.002,0.002
19.03.2020 08:37:37.460 GMT-0500,10.002,9.898,0.0008,0.002
19.03.2020 08:37:38.275 GMT-0500,9.972000000000001,9.927999999999999,0.0008,0.0008
19.03.2020 08:37:38.677 GMT-0500,9.972999999999999,9.927000000000001,0.002,0.002
19.03.2020 08:37:39.189 GMT-0500,9.972000000000001,9.927000000000001,0.0008,0.002
19.03.2020 08:37:39.289 GMT-0500,9.972000000000001,9.927999999999999,0.002,0.002
19.03.2020 08:37:42.843 GMT-0500,9.972000000000001,9.948,0.002,0.0008
19.03.2020 08:37:42.895 GMT-0500,9.972000000000001,9.927000000000001,0.0008,0.002
19.03.2020 08:37:43.484 GMT-0500,9.983,9.927000000000001,0.002,0.002
19.03.2020 08:37:44.355 GMT-0500,9.982000000000001,9.938,0.0008,0.0008
19.03.2020 08:37:44.565 GMT-0500,9.982000000000001,9.927000000000001,0.0008,0.002
19.03.2020 08:37:44.703 GMT-0500,9.972000000000001,9.927999999999999,0.0008,0.002
19.03.2020 08:37:48.276 GMT-0500,9.972000000000001,9.927999999999999,0.0008,0.002
19.03.2020 08:37:48.327 GMT-0500,9.982000000000001,9.957,0.0008,0.002
19.03.2020 08:37:48.377 GMT-0500,9.982000000000001,9.967,0.0008,0.002
19.03.2020 08:37:49.273 GMT-0500,9.988,9.967,0.0008,0.002
19.03.2020 08:37:49.323 GMT-0500,9.992,9.968,0.002,0.002
19.03.2020 08:37:50.988 GMT-0500,10.022,9.978,0.002,0.002
19.03.2020 08:37:51.481 GMT-0500,10.003,9.978,0.0008,0.0008
19.03.2020 08:37:51.756 GMT-0500,10.003,9.977,0.0008,0.002
19.03.2020 08:37:51.806 GMT-0500,10.012,9.988,0.002,0.002
19.03.2020 08:37:51.955 GMT-0500,10.012,9.978,0.0008,0.0008
19.03.2020 08:37:53.182 GMT-0500,10.032,9.998,0.002,0.002
19.03.2020 08:37:53.338 GMT-0500,10.033,9.977,0.002,0.002
19.03.2020 08:37:53.388 GMT-0500,10.032,9.977,0.0008,0.002
19.03.2020 08:37:53.473 GMT-0500,10.033,9.987,0.002,0.002
19.03.2020 08:37:53.597 GMT-0500,10.032,9.977,0.0008,0.002
19.03.2020 08:37:54.871 GMT-0500,10.023,9.977,0.0008,0.002
19.03.2020 08:37:54.921 GMT-0500,10.033,9.977,0.002,0.002
19.03.2020 08:37:54.971 GMT-0500,10.032,10.007000000000001,0.0008,0.002
19.03.2020 08:37:55.022 GMT-0500,10.082,10.017999999999999,0.0008,0.0008
19.03.2020 08:37:55.245 GMT-0500,10.083,10.017000000000001,0.002,0.002
19.03.2020 08:37:55.487 GMT-0500,10.083,10.017999999999999,0.0008,0.0008
19.03.2020 08:37:55.538 GMT-0500,10.102,10.017999999999999,0.0008,0.0008
19.03.2020 08:37:55.815 GMT-0500,10.103,10.017000000000001,0.0008,0.002
19.03.2020 08:37:55.986 GMT-0500,10.112,10.017000000000001,0.0008,0.002
19.03.2020 08:37:56.080 GMT-0500,10.103,10.017000000000001,0.0008,0.002
19.03.2020 08:37:56.756 GMT-0500,10.102,10.017000000000001,0.0008,0.002
19.03.2020 08:37:58.618 GMT-0500,10.102,10.038,0.002,0.002
19.03.2020 08:38:02.944 GMT-0500,10.103,10.037,0.002,0.002
19.03.2020 08:38:03.726 GMT-0500,10.142999999999999,10.037,0.002,0.002
19.03.2020 08:38:04.496 GMT-0500,10.102,10.037,0.0008,0.002
19.03.2020 08:38:07.039 GMT-0500,10.102,10.047,0.0008,0.0008
19.03.2020 08:38:08.717 GMT-0500,10.102,10.047,0.0008,0.002
19.03.2020 08:38:08.879 GMT-0500,10.102,10.048,0.002,0.002
19.03.2020 08:38:09.243 GMT-0500,10.103,10.057,0.002,0.0008
19.03.2020 08:38:09.293 GMT-0500,10.102,10.048,0.0008,0.0008
19.03.2020 08:38:10.257 GMT-0500,10.103,10.057,0.002,0.0008
19.03.2020 08:38:10.758 GMT-0500,10.102,10.068,0.0008,0.0008
19.03.2020 08:38:11.173 GMT-0500,10.102,10.058,0.002,0.002
19.03.2020 08:38:12.904 GMT-0500,10.162,10.058,0.0008,0.0008
19.03.2020 08:38:13.378 GMT-0500,10.112,10.058,0.0008,0.002
19.03.2020 08:38:13.647 GMT-0500,10.103,10.058,0.0008,0.0008
19.03.2020 08:38:13.698 GMT-0500,10.112,10.058,0.0008,0.0008
19.03.2020 08:38:15.347 GMT-0500,10.102,10.058,0.0008,0.0008
19.03.2020 08:38:15.529 GMT-0500,10.112,10.068,0.002,0.002
19.03.2020 08:38:18.037 GMT-0500,10.152000000000001,10.068,0.002,0.002
19.03.2020 08:38:18.489 GMT-0500,10.095,10.067,0.0008,0.002
19.03.2020 08:38:20.397 GMT-0500,10.092,10.048,0.002,0.002
19.03.2020 08:38:20.704 GMT-0500,10.142000000000001,10.048,0.0008,0.0008
19.03.2020 08:38:20.894 GMT-0500,10.102,10.048,0.0008,0.0008
19.03.2020 08:38:20.995 GMT-0500,10.102,10.058,0.0008,0.0008
19.03.2020 08:38:21.113 GMT-0500,10.102,10.068,0.0008,0.0008
19.03.2020 08:38:21.948 GMT-0500,10.093,10.068,0.0008,0.0008
19.03.2020 08:38:22.330 GMT-0500,10.093,10.057,0.002,0.002
19.03.2020 08:38:22.381 GMT-0500,10.092,10.057,0.0008,0.002
19.03.2020 08:38:23.093 GMT-0500,10.092,10.047,0.0008,0.002
19.03.2020 08:38:23.585 GMT-0500,10.093,10.047,0.0008,0.002
19.03.2020 08:38:23.636 GMT-0500,10.112,10.058,0.0008,0.0008
19.03.2020 08:38:23.977 GMT-0500,10.102,10.057,0.0008,0.002
19.03.2020 08:38:24.166 GMT-0500,10.112,10.057,0.0008,0.002
19.03.2020 08:38:24.274 GMT-0500,10.083,10.057,0.0008,0.002
19.03.2020 08:38:24.406 GMT-0500,10.082,10.057,0.0008,0.002
19.03.2020 08:38:25.018 GMT-0500,10.082,10.067,0.0008,0.002
19.03.2020 08:38:25.127 GMT-0500,10.112,10.068,0.0008,0.0008
19.03.2020 08:38:25.252 GMT-0500,10.142000000000001,10.078,0.0008,0.0008
19.03.2020 08:38:25.556 GMT-0500,10.142999999999999,10.077,0.002,0.002
19.03.2020 08:38:25.623 GMT-0500,10.132000000000001,10.078,0.002,0.002
19.03.2020 08:38:26.969 GMT-0500,10.082,10.048,0.0008,0.0008
19.03.2020 08:38:27.020 GMT-0500,10.082,10.038,0.0008,0.0008
19.03.2020 08:38:28.220 GMT-0500,10.083,10.047,0.002,0.002
19.03.2020 08:38:28.335 GMT-0500,10.082,10.038,0.002,0.002
19.03.2020 08:38:28.731 GMT-0500,10.072000000000001,10.037,0.0008,0.002
19.03.2020 08:38:28.922 GMT-0500,10.082,10.038,0.0008,0.0008
19.03.2020 08:38:29.518 GMT-0500,10.062000000000001,10.037,0.0008,0.002
19.03.2020 08:38:29.786 GMT-0500,10.052000000000001,10.017999999999999,0.0008,0.002
19.03.2020 08:38:29.836 GMT-0500,10.132000000000001,10.037,0.0008,0.002
19.03.2020 08:38:29.886 GMT-0500,10.062000000000001,10.038,0.002,0.002
19.03.2020 08:38:30.598 GMT-0500,10.062000000000001,10.017999999999999,0.002,0.002
19.03.2020 08:38:33.087 GMT-0500,10.123,10.017000000000001,0.002,0.002
19.03.2020 08:38:33.374 GMT-0500,10.122,10.017000000000001,0.0008,0.002
19.03.2020 08:38:33.596 GMT-0500,10.072000000000001,10.017999999999999,0.002,0.002
19.03.2020 08:38:34.101 GMT-0500,10.072000000000001,10.017999999999999,0.0008,0.002
19.03.2020 08:38:34.220 GMT-0500,10.073,10.038,0.0008,0.0008
19.03.2020 08:38:34.271 GMT-0500,10.123,10.037,0.002,0.002
19.03.2020 08:38:35.201 GMT-0500,10.112,10.028,0.0008,0.002
19.03.2020 08:38:35.252 GMT-0500,10.103,10.027000000000001,0.002,0.002
19.03.2020 08:38:35.400 GMT-0500,10.062000000000001,10.028,0.0008,0.0008
19.03.2020 08:38:35.857 GMT-0500,10.102,10.028,0.0008,0.0008
19.03.2020 08:38:36.070 GMT-0500,10.102,10.017000000000001,0.0008,0.002
19.03.2020 08:38:36.539 GMT-0500,10.092,10.017999999999999,0.0008,0.002
19.03.2020 08:38:36.645 GMT-0500,10.112,10.017999999999999,0.0008,0.0008
19.03.2020 08:38:37.550 GMT-0500,10.102,10.017999999999999,0.0008,0.002
19.03.2020 08:38:37.651 GMT-0500,10.112,10.017000000000001,0.0008,0.002
19.03.2020 08:38:39.416 GMT-0500,10.113,10.027000000000001,0.002,0.002
19.03.2020 08:38:39.948 GMT-0500,10.102,10.028,0.0008,0.0008
19.03.2020 08:38:40.133 GMT-0500,10.112,10.028,0.002,0.002
19.03.2020 08:38:40.654 GMT-0500,10.102,9.988,0.002,0.002
19.03.2020 08:38:40.704 GMT-0500,10.073,9.987,0.002,0.002
19.03.2020 08:38:40.755 GMT-0500,10.072000000000001,9.977,0.0008,0.002
19.03.2020 08:38:41.128 GMT-0500,10.072000000000001,9.977,0.0008,0.0008
19.03.2020 08:38:41.179 GMT-0500,10.052000000000001,9.967,0.0008,0.002
19.03.2020 08:38:41.640 GMT-0500,10.043,9.967,0.002,0.002
19.03.2020 08:38:41.751 GMT-0500,10.052000000000001,9.968,0.0008,0.0008
19.03.2020 08:38:42.357 GMT-0500,10.042,9.968,0.0008,0.002
19.03.2020 08:38:42.499 GMT-0500,10.052000000000001,9.968,0.002,0.002
19.03.2020 08:38:42.882 GMT-0500,10.052000000000001,9.998,0.002,0.0008
19.03.2020 08:38:43.279 GMT-0500,10.052999999999999,9.997,0.002,0.002
19.03.2020 08:38:46.529 GMT-0500,10.033,9.997,0.0008,0.002
19.03.2020 08:38:46.580 GMT-0500,10.042,10.008,0.0008,0.0008
19.03.2020 08:38:49.751 GMT-0500,10.043,10.007000000000001,0.002,0.002
19.03.2020 08:38:53.507 GMT-0500,10.043,10.008,0.0008,0.0008
19.03.2020 08:38:53.726 GMT-0500,10.062000000000001,10.008,0.002,0.002
19.03.2020 08:38:53.827 GMT-0500,10.052000000000001,10.008,0.002,0.002
19.03.2020 08:38:54.057 GMT-0500,10.062000000000001,10.007000000000001,0.0008,0.002
19.03.2020 08:38:54.281 GMT-0500,10.025,10.007000000000001,0.0008,0.002
19.03.2020 08:38:55.335 GMT-0500,10.022,10.008,0.0008,0.0008
19.03.2020 08:38:56.533 GMT-0500,10.062000000000001,10.008,0.0008,0.0008
19.03.2020 08:38:56.904 GMT-0500,10.052000000000001,10.008,0.002,0.002
19.03.2020 08:38:57.060 GMT-0500,10.062000000000001,10.007000000000001,0.0008,0.002
19.03.2020 08:38:57.694 GMT-0500,10.025,10.007000000000001,0.0008,0.002
19.03.2020 08:39:05.915 GMT-0500,10.012,9.998,0.002,0.002
19.03.2020 08:39:07.925 GMT-0500,10.013,9.997,0.002,0.002
19.03.2020 08:39:09.565 GMT-0500,10.012,9.998,0.0008,0.0008
19.03.2020 08:39:10.329 GMT-0500,10.022,9.997,0.0008,0.002
19.03.2020 08:39:10.764 GMT-0500,10.012,9.997,0.0008,0.002
19.03.2020 08:39:10.814 GMT-0500,10.022,9.998,0.002,0.002
19.03.2020 08:39:11.476 GMT-0500,10.013,9.998,0.0008,0.0008
19.03.2020 08:39:19.698 GMT-0500,10.012,9.998,0.0008,0.0008
19.03.2020 08:39:20.746 GMT-0500,10.023,9.997,0.002,0.002
19.03.2020 08:39:21.160 GMT-0500,10.022,10.008,0.002,0.002
19.03.2020 08:39:22.962 GMT-0500,10.022,9.978,0.002,0.002
19.03.2020 08:39:23.077 GMT-0500,10.022,9.988,0.002,0.0008
19.03.2020 08:39:25.049 GMT-0500,10.023,10.007000000000001,0.002,0.0008
19.03.2020 08:39:26.870 GMT-0500,10.022,10.007000000000001,0.0008,0.0008
19.03.2020 08:39:26.920 GMT-0500,10.022,9.987,0.0008,0.002
19.03.2020 08:39:28.300 GMT-0500,10.023,9.987,0.002,0.002
19.03.2020 08:39:29.006 GMT-0500,10.022,9.998,0.002,0.0008
19.03.2020 08:39:29.487 GMT-0500,10.012,9.998,0.0008,0.002
19.03.2020 08:39:31.136 GMT-0500,10.012,9.977,0.0008,0.002
19.03.2020 08:39:33.238 GMT-0500,10.012,9.977,0.0008,0.002
19.03.2020 08:39:35.632 GMT-0500,10.012,9.968,0.002,0.002
19.03.2020 08:39:36.567 GMT-0500,10.013,9.987,0.002,0.0008
19.03.2020 08:39:37.307 GMT-0500,10.002,9.968,0.0008,0.002
19.03.2020 08:39:37.357 GMT-0500,10.002,9.968,0.002,0.002
19.03.2020 08:39:37.849 GMT-0500,10.012,9.968,0.0008,0.0008
19.03.2020 08:39:38.287 GMT-0500,9.983,9.968,0.0008,0.0008
19.03.2020 08:39:48.159 GMT-0500,9.983,9.967,0.0008,0.002
19.03.2020 08:39:48.210 GMT-0500,9.993,9.967,0.002,0.002
19.03.2020 08:39:48.330 GMT-0500,9.972999999999999,9.957,0.002,0.002
19.03.2020 08:39:48.380 GMT-0500,9.992,9.958,0.0008,0.0008
19.03.2020 08:39:49.474 GMT-0500,9.972999999999999,9.957,0.0008,0.002
19.03.2020 08:39:49.741 GMT-0500,9.972000000000001,9.958,0.0008,0.0008
19.03.2020 08:39:50.501 GMT-0500,9.972999999999999,9.957,0.002,0.002
19.03.2020 08:39:51.820 GMT-0500,9.962000000000002,9.948,0.002,0.002
19.03.2020 08:39:51.871 GMT-0500,9.972000000000001,9.937000000000001,0.0008,0.002
19.03.2020 08:39:52.882 GMT-0500,9.963,9.937000000000001,0.0008,0.002
19.03.2020 08:39:53.961 GMT-0500,9.962000000000002,9.948,0.0008,0.0008
19.03.2020 08:39:54.326 GMT-0500,9.963,9.937000000000001,0.002,0.002
19.03.2020 08:39:54.376 GMT-0500,9.962000000000002,9.937000000000001,0.0008,0.002
19.03.2020 08:39:55.742 GMT-0500,9.962000000000002,9.937000000000001,0.0008,0.0008
19.03.2020 08:39:55.793 GMT-0500,9.962000000000002,9.907,0.0008,0.002
19.03.2020 08:39:55.917 GMT-0500,9.952,9.897,0.0008,0.002
19.03.2020 08:39:56.308 GMT-0500,9.953,9.897,0.002,0.002
19.03.2020 08:39:56.359 GMT-0500,9.962000000000002,9.897,0.0008,0.002
19.03.2020 08:39:57.048 GMT-0500,9.962000000000002,9.907,0.0008,0.0008
19.03.2020 08:39:57.148 GMT-0500,9.962000000000002,9.898,0.002,0.002
19.03.2020 08:39:57.419 GMT-0500,10.002,9.948,0.002,0.002
19.03.2020 08:39:57.528 GMT-0500,10.003,9.957,0.0008,0.0008
19.03.2020 08:39:57.578 GMT-0500,10.023,9.957,0.002,0.002
19.03.2020 08:39:57.933 GMT-0500,10.003,9.957,0.0008,0.002
19.03.2020 08:39:58.281 GMT-0500,9.972999999999999,9.947000000000001,0.002,0.002
19.03.2020 08:39:58.900 GMT-0500,9.972000000000001,9.947000000000001,0.0008,0.002
19.03.2020 08:39:59.274 GMT-0500,9.972000000000001,9.938,0.002,0.002
19.03.2020 08:39:59.651 GMT-0500,9.972000000000001,9.947000000000001,0.0008,0.0008
19.03.2020 08:40:00.153 GMT-0500,9.972000000000001,9.957,0.0008,0.0008
19.03.2020 08:40:00.484 GMT-0500,9.972999999999999,9.957,0.002,0.002
19.03.2020 08:40:00.797 GMT-0500,9.972000000000001,9.957,0.0008,0.002
19.03.2020 08:40:01.123 GMT-0500,10.002,9.968,0.0008,0.0008
19.03.2020 08:40:01.232 GMT-0500,10.003,9.967,0.002,0.002
19.03.2020 08:40:01.524 GMT-0500,10.003,9.987,0.0008,0.002
19.03.2020 08:40:01.574 GMT-0500,10.023,9.987,0.002,0.002
19.03.2020 08:40:01.945 GMT-0500,10.022,9.987,0.0008,0.002
19.03.2020 08:40:02.274 GMT-0500,10.072000000000001,10.008,0.0008,0.0008
19.03.2020 08:40:02.490 GMT-0500,10.063,9.997,0.0008,0.002
19.03.2020 08:40:02.644 GMT-0500,10.015,9.988,0.0008,0.002
19.03.2020 08:40:02.695 GMT-0500,10.062000000000001,9.987,0.0008,0.002
19.03.2020 08:40:03.113 GMT-0500,10.052000000000001,9.987,0.0008,0.002
19.03.2020 08:40:04.271 GMT-0500,10.032,9.988,0.0008,0.0008
19.03.2020 08:40:04.321 GMT-0500,10.032,9.977,0.0008,0.002
19.03.2020 08:40:06.423 GMT-0500,10.002,9.977,0.0008,0.002
19.03.2020 08:40:06.473 GMT-0500,10.032,9.977,0.0008,0.002
19.03.2020 08:40:06.564 GMT-0500,10.032,9.977,0.0008,0.002
19.03.2020 08:40:08.234 GMT-0500,10.012,9.998,0.0008,0.0008
19.03.2020 08:40:08.533 GMT-0500,10.013,10.008,0.0008,0.0008
19.03.2020 08:40:08.583 GMT-0500,10.032,10.008,0.0008,0.0008
19.03.2020 08:40:09.927 GMT-0500,10.033,10.007000000000001,0.002,0.002
19.03.2020 08:40:11.504 GMT-0500,10.033,9.997,0.002,0.002
19.03.2020 08:40:13.200 GMT-0500,10.002,9.987,0.0008,0.002
19.03.2020 08:40:13.251 GMT-0500,10.032,9.988,0.0008,0.0008
19.03.2020 08:40:14.555 GMT-0500,9.998,9.988,0.0008,0.0008
19.03.2020 08:40:14.606 GMT-0500,9.993,9.957,0.002,0.002
19.03.2020 08:40:15.121 GMT-0500,9.992,9.957,0.0008,0.002
19.03.2020 08:40:15.844 GMT-0500,9.992,9.968,0.0008,0.002
19.03.2020 08:40:15.894 GMT-0500,9.992,9.967,0.0008,0.002
19.03.2020 08:40:16.745 GMT-0500,9.982000000000001,9.967,0.0008,0.0008
19.03.2020 08:40:16.796 GMT-0500,9.982000000000001,9.948,0.002,0.002
19.03.2020 08:40:17.908 GMT-0500,9.982000000000001,9.948,0.0008,0.002
19.03.2020 08:40:17.958 GMT-0500,9.992,9.967,0.0008,0.002
19.03.2020 08:40:18.214 GMT-0500,9.993,9.967,0.0008,0.002
19.03.2020 08:40:19.234 GMT-0500,9.983,9.947000000000001,0.002,0.002
19.03.2020 08:40:20.133 GMT-0500,9.972000000000001,9.947000000000001,0.0008,0.0008
19.03.2020 08:40:20.523 GMT-0500,9.962000000000002,9.937000000000001,0.0008,0.0008
19.03.2020 08:40:20.574 GMT-0500,9.962000000000002,9.908,0.002,0.002
19.03.2020 08:40:20.690 GMT-0500,9.963,9.887,0.002,0.002
19.03.2020 08:40:20.740 GMT-0500,9.962000000000002,9.908,0.0008,0.0008
19.03.2020 08:40:21.064 GMT-0500,9.953,9.908,0.0008,0.0008
19.03.2020 08:40:21.165 GMT-0500,9.962000000000002,9.907,0.0008,0.002
19.03.2020 08:40:21.287 GMT-0500,9.963,9.907,0.002,0.002
19.03.2020 08:40:21.387 GMT-0500,9.962000000000002,9.908,0.0008,0.0008
19.03.2020 08:40:22.639 GMT-0500,9.932,9.908,0.0008,0.0008
19.03.2020 08:40:22.689 GMT-0500,9.932,9.877,0.0008,0.002
19.03.2020 08:40:23.024 GMT-0500,9.933,9.917,0.0008,0.0008
19.03.2020 08:40:23.075 GMT-0500,9.992,9.878,0.0008,0.0008
19.03.2020 08:40:23.130 GMT-0500,9.933,9.878,0.0008,0.0008
19.03.2020 08:40:23.280 GMT-0500,9.932,9.888,0.002,0.002
19.03.2020 08:40:23.756 GMT-0500,9.963,9.917,0.002,0.002
19.03.2020 08:40:23.891 GMT-0500,9.933,9.887,0.0008,0.002
19.03.2020 08:40:24.600 GMT-0500,9.933,9.887,0.0008,0.002
19.03.2020 08:40:24.651 GMT-0500,9.942,9.888,0.002,0.002
19.03.2020 08:40:24.878 GMT-0500,9.933,9.887,0.0008,0.002
19.03.2020 08:40:25.886 GMT-0500,9.922,9.888,0.0008,0.002
19.03.2020 08:40:26.078 GMT-0500,9.922,9.888,0.0008,0.002
19.03.2020 08:40:26.128 GMT-0500,9.932,9.888,0.002,0.002
19.03.2020 08:40:26.794 GMT-0500,9.932,9.888,0.0008,0.002
19.03.2020 08:40:26.844 GMT-0500,9.972000000000001,9.918,0.002,0.002
19.03.2020 08:40:27.284 GMT-0500,9.962000000000002,9.918,0.0008,0.002
19.03.2020 08:40:28.016 GMT-0500,9.963,9.947000000000001,0.0008,0.0008
19.03.2020 08:40:28.066 GMT-0500,9.972000000000001,9.938,0.002,0.002
19.03.2020 08:40:28.116 GMT-0500,9.972000000000001,9.947000000000001,0.0008,0.002
19.03.2020 08:40:28.500 GMT-0500,9.972000000000001,9.938,0.0008,0.0008
19.03.2020 08:40:29.391 GMT-0500,9.972999999999999,9.917,0.002,0.002
19.03.2020 08:40:29.442 GMT-0500,9.972999999999999,9.917,0.002,0.002
19.03.2020 08:40:29.492 GMT-0500,9.972000000000001,9.938,0.0008,0.0008
19.03.2020 08:40:29.618 GMT-0500,9.972999999999999,9.937000000000001,0.002,0.002
19.03.2020 08:40:29.668 GMT-0500,9.972999999999999,9.917,0.002,0.002
19.03.2020 08:40:29.718 GMT-0500,9.972000000000001,9.927999999999999,0.002,0.002
19.03.2020 08:40:30.894 GMT-0500,9.962000000000002,9.927000000000001,0.0008,0.0008
19.03.2020 08:40:30.944 GMT-0500,9.962000000000002,9.917,0.0008,0.002
19.03.2020 08:40:32.075 GMT-0500,9.972000000000001,9.918,0.002,0.002
19.03.2020 08:40:34.284 GMT-0500,9.952,9.918,0.0008,0.002
19.03.2020 08:40:35.311 GMT-0500,9.942,9.908,0.0008,0.0008
19.03.2020 08:40:38.129 GMT-0500,9.923,9.887,0.002,0.002
19.03.2020 08:40:38.851 GMT-0500,9.943,9.897,0.002,0.002
19.03.2020 08:40:38.902 GMT-0500,9.942,9.887,0.0008,0.002
19.03.2020 08:40:39.904 GMT-0500,9.942,9.887,0.0008,0.002
19.03.2020 08:40:40.247 GMT-0500,9.942,9.888,0.0008,0.0008
19.03.2020 08:40:40.399 GMT-0500,9.942,9.888,0.0008,0.002
19.03.2020 08:40:42.149 GMT-0500,9.942,9.888,0.0008,0.0008
19.03.2020 08:40:43.320 GMT-0500,9.942,9.908,0.0008,0.0008
19.03.2020 08:40:44.190 GMT-0500,9.943,9.907,0.002,0.002
19.03.2020 08:40:45.791 GMT-0500,9.942,9.907,0.0008,0.002
19.03.2020 08:40:50.778 GMT-0500,9.943,9.907,0.002,0.002
19.03.2020 08:40:51.522 GMT-0500,9.943,9.907,0.002,0.002
19.03.2020 08:40:52.283 GMT-0500,9.942,9.908,0.0008,0.0008
19.03.2020 08:40:53.329 GMT-0500,9.943,9.907,0.002,0.002
19.03.2020 08:40:54.335 GMT-0500,9.933,9.907,0.0008,0.0008
19.03.2020 08:40:54.386 GMT-0500,9.942,9.898,0.002,0.002
19.03.2020 08:40:54.527 GMT-0500,9.913,9.867,0.0008,0.002
19.03.2020 08:40:54.578 GMT-0500,9.942,9.868,0.0008,0.0008
19.03.2020 08:40:54.683 GMT-0500,9.933,9.868,0.0008,0.0008
19.03.2020 08:40:54.828 GMT-0500,9.932,9.868,0.0008,0.0008
19.03.2020 08:40:55.418 GMT-0500,9.923,9.868,0.0008,0.0008
19.03.2020 08:40:55.542 GMT-0500,9.922,9.868,0.0008,0.0008
19.03.2020 08:40:55.592 GMT-0500,9.933,9.867,0.002,0.002
19.03.2020 08:40:55.897 GMT-0500,9.903,9.867,0.0008,0.002
19.03.2020 08:40:57.077 GMT-0500,9.903,9.877,0.002,0.0008
19.03.2020 08:40:57.216 GMT-0500,9.895,9.878,0.0008,0.002
19.03.2020 08:40:57.267 GMT-0500,9.923,9.877,0.002,0.002
19.03.2020 08:40:57.419 GMT-0500,9.923,9.877,0.0008,0.002
19.03.2020 08:40:57.470 GMT-0500,9.942,9.888,0.002,0.002
19.03.2020 08:40:57.520 GMT-0500,9.943,9.897,0.002,0.002
19.03.2020 08:40:57.570 GMT-0500,9.942,9.888,0.0008,0.0008
19.03.2020 08:40:57.621 GMT-0500,9.943,9.897,0.002,0.002
19.03.2020 08:40:57.883 GMT-0500,9.922,9.898,0.0008,0.0008
19.03.2020 08:40:57.933 GMT-0500,9.922,9.887,0.0008,0.002
19.03.2020 08:40:58.312 GMT-0500,9.922,9.878,0.0008,0.0008
19.03.2020 08:40:58.449 GMT-0500,9.885,9.878,0.0008,0.0008
19.03.2020 08:40:58.499 GMT-0500,9.882000000000001,9.857000000000001,0.0008,0.002
19.03.2020 08:40:58.622 GMT-0500,9.872,9.847999999999999,0.0008,0.0008
19.03.2020 08:40:58.811 GMT-0500,9.873,9.847000000000001,0.002,0.002
19.03.2020 08:40:59.584 GMT-0500,9.873,9.847000000000001,0.0008,0.002
19.03.2020 08:40:59.634 GMT-0500,9.902000000000001,9.858,0.002,0.002
19.03.2020 08:40:59.882 GMT-0500,9.883,9.858,0.0008,0.0008
19.03.2020 08:41:00.321 GMT-0500,9.882000000000001,9.858,0.002,0.002
19.03.2020 08:41:00.421 GMT-0500,9.883,9.847000000000001,0.002,0.002
19.03.2020 08:41:02.649 GMT-0500,9.882000000000001,9.847999999999999,0.0008,0.0008
19.03.2020 08:41:03.307 GMT-0500,9.862,9.847999999999999,0.0008,0.002
19.03.2020 08:41:03.581 GMT-0500,9.872,9.847999999999999,0.0008,0.0008
19.03.2020 08:41:05.220 GMT-0500,9.853,9.847000000000001,0.0008,0.0008
19.03.2020 08:41:05.270 GMT-0500,9.853,9.807,0.002,0.002
19.03.2020 08:41:05.717 GMT-0500,9.852,9.807,0.0008,0.002
19.03.2020 08:41:05.921 GMT-0500,9.842,9.808,0.0008,0.002
19.03.2020 08:41:06.022 GMT-0500,9.842,9.798,0.002,0.002
19.03.2020 08:41:06.895 GMT-0500,9.833,9.797,0.0008,0.002
19.03.2020 08:41:06.945 GMT-0500,9.853,9.807,0.002,0.002
19.03.2020 08:41:10.740 GMT-0500,9.852,9.828,0.002,0.002
19.03.2020 08:41:11.685 GMT-0500,9.852,9.808,0.0008,0.0008
19.03.2020 08:41:12.569 GMT-0500,9.853,9.827,0.002,0.002
19.03.2020 08:41:12.777 GMT-0500,9.852,9.827,0.0008,0.002
19.03.2020 08:41:13.327 GMT-0500,9.853,9.837000000000002,0.002,0.002
19.03.2020 08:41:13.722 GMT-0500,9.86,9.837000000000002,0.0008,0.002
19.03.2020 08:41:13.772 GMT-0500,9.902000000000001,9.847999999999999,0.002,0.002
19.03.2020 08:41:13.823 GMT-0500,9.912,9.847999999999999,0.002,0.002
19.03.2020 08:41:14.314 GMT-0500,9.913,9.847000000000001,0.002,0.002
19.03.2020 08:41:15.256 GMT-0500,9.913,9.847000000000001,0.002,0.002
19.03.2020 08:41:15.307 GMT-0500,9.912,9.847999999999999,0.002,0.002
19.03.2020 08:41:15.876 GMT-0500,9.902000000000001,9.847999999999999,0.0008,0.0008
19.03.2020 08:41:15.927 GMT-0500,9.902000000000001,9.837000000000002,0.0008,0.002
19.03.2020 08:41:16.039 GMT-0500,9.902000000000001,9.837000000000002,0.0008,0.0008
19.03.2020 08:41:16.287 GMT-0500,9.892999999999999,9.827,0.0008,0.002
19.03.2020 08:41:16.537 GMT-0500,9.892999999999999,9.827,0.002,0.002
19.03.2020 08:41:18.991 GMT-0500,9.892000000000001,9.847999999999999,0.002,0.002
19.03.2020 08:41:19.483 GMT-0500,9.892999999999999,9.847000000000001,0.002,0.002
19.03.2020 08:41:20.352 GMT-0500,9.892000000000001,9.847000000000001,0.0008,0.002
19.03.2020 08:41:20.717 GMT-0500,9.873,9.847000000000001,0.0008,0.002
19.03.2020 08:41:22.624 GMT-0500,9.872,9.847999999999999,0.002,0.002
19.03.2020 08:41:22.964 GMT-0500,9.872,9.858,0.0008,0.0008
19.03.2020 08:41:23.194 GMT-0500,9.872,9.847000000000001,0.0008,0.002
19.03.2020 08:41:23.352 GMT-0500,9.872,9.858,0.0008,0.0008
19.03.2020 08:41:24.261 GMT-0500,9.873,9.868,0.0008,0.0008
19.03.2020 08:41:24.312 GMT-0500,9.892999999999999,9.867,0.002,0.002
19.03.2020 08:41:25.281 GMT-0500,9.882000000000001,9.867,0.0008,0.002
19.03.2020 08:41:26.011 GMT-0500,9.883,9.867,0.002,0.002
19.03.2020 08:41:26.370 GMT-0500,9.882000000000001,9.868,0.002,0.002
19.03.2020 08:41:30.102 GMT-0500,9.892000000000001,9.868,0.002,0.002
19.03.2020 08:41:34.012 GMT-0500,9.892999999999999,9.867,0.002,0.002
19.03.2020 08:41:34.690 GMT-0500,9.892000000000001,9.868,0.0008,0.0008
19.03.2020 08:41:34.741 GMT-0500,9.892000000000001,9.847999999999999,0.0008,0.0008
19.03.2020 08:41:36.015 GMT-0500,9.892999999999999,9.857000000000001,0.002,0.0008
19.03.2020 08:41:37.586 GMT-0500,9.892000000000001,9.857000000000001,0.0008,0.002
19.03.2020 08:41:37.716 GMT-0500,9.883,9.857000000000001,0.0008,0.002
19.03.2020 08:41:37.767 GMT-0500,9.842,9.818,0.0008,0.0008
19.03.2020 08:41:38.227 GMT-0500,9.842,9.807,0.0008,0.002
19.03.2020 08:41:40.334 GMT-0500,9.823,9.797,0.002,0.002
19.03.2020 08:41:40.455 GMT-0500,9.822000000000001,9.798,0.002,0.002
19.03.2020 08:41:40.505 GMT-0500,9.822000000000001,9.798,0.002,0.002
19.03.2020 08:41:40.623 GMT-0500,9.852,9.797,0.0008,0.002
19.03.2020 08:41:40.704 GMT-0500,9.832,9.807,0.0008,0.002
19.03.2020 08:41:43.722 GMT-0500,9.832,9.807,0.0008,0.0008
19.03.2020 08:41:43.772 GMT-0500,9.832,9.797,0.0008,0.002
19.03.2020 08:41:45.792 GMT-0500,9.813,9.797,0.0008,0.002
19.03.2020 08:41:46.356 GMT-0500,9.812000000000001,9.798,0.0008,0.002
19.03.2020 08:41:46.407 GMT-0500,9.832,9.797,0.0008,0.002
19.03.2020 08:41:46.682 GMT-0500,9.823,9.797,0.0008,0.002
19.03.2020 08:41:48.858 GMT-0500,9.813,9.797,0.0008,0.002
19.03.2020 08:41:48.908 GMT-0500,9.822000000000001,9.798,0.002,0.002
19.03.2020 08:41:50.248 GMT-0500,9.823,9.797,0.002,0.002
19.03.2020 08:41:53.197 GMT-0500,9.822000000000001,9.798,0.0008,0.0008
19.03.2020 08:41:55.716 GMT-0500,9.812000000000001,9.797,0.0008,0.002
19.03.2020 08:41:56.373 GMT-0500,9.822000000000001,9.798,0.002,0.002
19.03.2020 08:41:56.682 GMT-0500,9.812000000000001,9.797,0.0008,0.002
19.03.2020 08:41:59.393 GMT-0500,9.823,9.797,0.002,0.002
19.03.2020 08:41:59.698 GMT-0500,9.812000000000001,9.798,0.0008,0.0008
19.03.2020 08:42:07.279 GMT-0500,9.822000000000001,9.798,0.0008,0.0008
19.03.2020 08:42:07.712 GMT-0500,9.823,9.797,0.0008,0.002
19.03.2020 08:42:08.731 GMT-0500,9.822000000000001,9.798,0.0008,0.0008
19.03.2020 08:42:08.880 GMT-0500,9.812000000000001,9.798,0.0008,0.002
19.03.2020 08:42:11.826 GMT-0500,9.813,9.797,0.0008,0.002
19.03.2020 08:42:11.877 GMT-0500,9.822000000000001,9.798,0.0008,0.0008
19.03.2020 08:42:11.927 GMT-0500,9.823,9.807,0.002,0.002
19.03.2020 08:42:11.977 GMT-0500,9.822000000000001,9.797,0.0008,0.002
19.03.2020 08:42:17.778 GMT-0500,9.823,9.797,0.002,0.002
19.03.2020 08:42:18.686 GMT-0500,9.812000000000001,9.798,0.0008,0.0008
19.03.2020 08:42:21.648 GMT-0500,9.813,9.797,0.002,0.002
19.03.2020 08:42:27.974 GMT-0500,9.812000000000001,9.798,0.0008,0.0008
19.03.2020 08:42:28.358 GMT-0500,9.813,9.797,0.002,0.002
19.03.2020 08:42:28.880 GMT-0500,9.812000000000001,9.798,0.0008,0.0008
19.03.2020 08:42:41.389 GMT-0500,9.813,9.797,0.002,0.002
19.03.2020 08:42:43.538 GMT-0500,9.812000000000001,9.797,0.0008,0.002
19.03.2020 08:42:48.325 GMT-0500,9.813,9.797,0.002,0.002
19.03.2020 08:42:57.769 GMT-0500,9.812000000000001,9.797,0.0008,0.002
19.03.2020 08:43:06.085 GMT-0500,9.813,9.797,0.002,0.002
19.03.2020 08:43:06.962 GMT-0500,9.812000000000001,9.798,0.0008,0.0008
19.03.2020 08:43:07.037 GMT-0500,9.813,9.787,0.002,0.002
19.03.2020 08:43:07.138 GMT-0500,9.812000000000001,9.788,0.0008,0.0008
19.03.2020 08:43:09.183 GMT-0500,9.812000000000001,9.787,0.0008,0.002
19.03.2020 08:43:17.600 GMT-0500,9.813,9.797,0.002,0.002
19.03.2020 08:43:18.210 GMT-0500,9.812000000000001,9.797,0.0008,0.002
19.03.2020 08:43:19.153 GMT-0500,9.812000000000001,9.788,0.0008,0.0008
19.03.2020 08:43:22.265 GMT-0500,9.812000000000001,9.788,0.002,0.002
19.03.2020 08:43:24.545 GMT-0500,9.813,9.797,0.002,0.002
19.03.2020 08:43:25.080 GMT-0500,9.812000000000001,9.798,0.002,0.0008
19.03.2020 08:43:25.130 GMT-0500,9.813,9.787,0.002,0.002
19.03.2020 08:43:25.462 GMT-0500,9.812000000000001,9.778,0.0008,0.0008
19.03.2020 08:43:25.513 GMT-0500,9.792,9.778,0.002,0.002
19.03.2020 08:43:25.962 GMT-0500,9.793,9.777000000000001,0.002,0.002
19.03.2020 08:43:26.459 GMT-0500,9.783,9.777000000000001,0.0008,0.0008
19.03.2020 08:43:26.509 GMT-0500,9.793,9.757000000000001,0.002,0.002
19.03.2020 08:43:26.559 GMT-0500,9.782,9.758,0.002,0.002
19.03.2020 08:43:26.712 GMT-0500,9.772,9.758,0.0008,0.002
19.03.2020 08:43:27.685 GMT-0500,9.773,9.757000000000001,0.002,0.002
19.03.2020 08:43:27.736 GMT-0500,9.773,9.747,0.002,0.002
19.03.2020 08:43:27.986 GMT-0500,9.762,9.747,0.0008,0.002
19.03.2020 08:43:38.949 GMT-0500,9.763,9.747,0.002,0.002
19.03.2020 08:43:41.643 GMT-0500,9.773,9.747,0.002,0.002
19.03.2020 08:43:42.523 GMT-0500,9.772,9.747,0.0008,0.002
19.03.2020 08:43:43.088 GMT-0500,9.762,9.748,0.0008,0.002
19.03.2020 08:43:43.203 GMT-0500,9.763,9.747,0.0008,0.002
19.03.2020 08:43:43.253 GMT-0500,9.772,9.748,0.0008,0.0008
19.03.2020 08:43:44.093 GMT-0500,9.762,9.748,0.002,0.002
19.03.2020 08:43:55.292 GMT-0500,9.763,9.747,0.002,0.002
19.03.2020 08:43:56.085 GMT-0500,9.762,9.748,0.0008,0.0008
19.03.2020 08:44:09.099 GMT-0500,9.763,9.747,0.002,0.002
19.03.2020 08:44:11.671 GMT-0500,9.762,9.747,0.0008,0.002
19.03.2020 08:44:14.868 GMT-0500,9.762,9.738,0.002,0.002
19.03.2020 08:44:14.919 GMT-0500,9.762,9.748,0.002,0.002
19.03.2020 08:44:17.336 GMT-0500,9.752,9.747,0.0008,0.0008
19.03.2020 08:44:17.386 GMT-0500,9.752,9.737,0.0008,0.002
19.03.2020 08:44:18.301 GMT-0500,9.742,9.727,0.0008,0.002
19.03.2020 08:44:18.487 GMT-0500,9.733,9.725,0.0008,0.0008
19.03.2020 08:44:18.537 GMT-0500,9.732000000000001,9.698,0.002,0.002
19.03.2020 08:44:18.709 GMT-0500,9.732000000000001,9.698,0.0008,0.002
19.03.2020 08:44:18.837 GMT-0500,9.733,9.717,0.002,0.002
19.03.2020 08:44:19.411 GMT-0500,9.722999999999999,9.697000000000001,0.0008,0.002
19.03.2020 08:44:19.461 GMT-0500,9.722000000000001,9.697000000000001,0.0008,0.002
19.03.2020 08:44:21.652 GMT-0500,9.712000000000002,9.697000000000001,0.0008,0.002
19.03.2020 08:44:21.781 GMT-0500,9.722999999999999,9.697000000000001,0.002,0.002
19.03.2020 08:44:22.188 GMT-0500,9.722000000000001,9.698,0.0008,0.0008
19.03.2020 08:44:23.262 GMT-0500,9.722000000000001,9.707,0.0008,0.002
19.03.2020 08:44:23.313 GMT-0500,9.722000000000001,9.698,0.0008,0.0008
19.03.2020 08:44:24.474 GMT-0500,9.722999999999999,9.707,0.002,0.0008
19.03.2020 08:44:24.524 GMT-0500,9.722000000000001,9.697000000000001,0.0008,0.002
19.03.2020 08:44:24.664 GMT-0500,9.722000000000001,9.697000000000001,0.0008,0.002
19.03.2020 08:44:27.256 GMT-0500,9.722999999999999,9.707,0.002,0.002
19.03.2020 08:44:28.003 GMT-0500,9.722000000000001,9.698,0.0008,0.0008
19.03.2020 08:44:28.487 GMT-0500,9.722000000000001,9.708,0.002,0.002
19.03.2020 08:44:28.537 GMT-0500,9.722999999999999,9.697000000000001,0.002,0.002
19.03.2020 08:44:29.263 GMT-0500,9.722999999999999,9.697000000000001,0.002,0.002
19.03.2020 08:44:29.884 GMT-0500,9.722000000000001,9.708,0.0008,0.0008
19.03.2020 08:44:29.934 GMT-0500,9.722999999999999,9.697000000000001,0.002,0.002
19.03.2020 08:44:30.409 GMT-0500,9.722000000000001,9.708,0.002,0.002
19.03.2020 08:44:30.527 GMT-0500,9.713,9.697000000000001,0.002,0.002
19.03.2020 08:44:30.972 GMT-0500,9.722000000000001,9.698,0.0008,0.0008
19.03.2020 08:44:31.172 GMT-0500,9.712000000000002,9.698,0.0008,0.0008
19.03.2020 08:44:31.449 GMT-0500,9.713,9.697000000000001,0.002,0.002
19.03.2020 08:44:32.189 GMT-0500,9.712000000000002,9.698,0.0008,0.0008
19.03.2020 08:44:33.216 GMT-0500,9.713,9.697000000000001,0.002,0.002
19.03.2020 08:44:34.731 GMT-0500,9.712000000000002,9.698,0.0008,0.0008
19.03.2020 08:44:37.471 GMT-0500,9.713,9.697000000000001,0.002,0.002
19.03.2020 08:44:37.601 GMT-0500,9.712000000000002,9.697000000000001,0.0008,0.002
19.03.2020 08:44:39.300 GMT-0500,9.702,9.677999999999999,0.0008,0.0008
19.03.2020 08:44:39.401 GMT-0500,9.712000000000002,9.658,0.0008,0.0008
19.03.2020 08:44:39.804 GMT-0500,9.713,9.647,0.002,0.002
19.03.2020 08:44:40.095 GMT-0500,9.683,9.647,0.0008,0.002
19.03.2020 08:44:41.156 GMT-0500,9.682,9.648,0.002,0.002
19.03.2020 08:44:44.302 GMT-0500,9.673,9.648,0.0008,0.0008
19.03.2020 08:44:44.352 GMT-0500,9.682,9.647,0.0008,0.002
19.03.2020 08:44:45.302 GMT-0500,9.673,9.647,0.0008,0.002
19.03.2020 08:44:45.816 GMT-0500,9.672,9.648,0.0008,0.0008
19.03.2020 08:44:46.495 GMT-0500,9.673,9.647,0.002,0.002
19.03.2020 08:44:48.361 GMT-0500,9.663,9.647,0.0008,0.002
19.03.2020 08:44:48.693 GMT-0500,9.662,9.647,0.0008,0.002
19.03.2020 08:44:48.943 GMT-0500,9.652000000000001,9.618,0.0008,0.0008
19.03.2020 08:44:49.159 GMT-0500,9.653,9.617,0.002,0.002
19.03.2020 08:44:49.210 GMT-0500,9.662,9.617,0.0008,0.002
19.03.2020 08:44:49.452 GMT-0500,9.663,9.617,0.002,0.002
19.03.2020 08:44:49.589 GMT-0500,9.662,9.617,0.0008,0.0008
19.03.2020 08:44:49.892 GMT-0500,9.663,9.597000000000001,0.002,0.002
19.03.2020 08:44:50.346 GMT-0500,9.633,9.597000000000001,0.0008,0.002
19.03.2020 08:44:50.447 GMT-0500,9.632000000000001,9.597000000000001,0.0008,0.002
19.03.2020 08:44:50.903 GMT-0500,9.622,9.597000000000001,0.0008,0.002
19.03.2020 08:44:51.955 GMT-0500,9.612,9.597999999999999,0.0008,0.002
19.03.2020 08:44:52.901 GMT-0500,9.613,9.547,0.002,0.002
19.03.2020 08:44:52.952 GMT-0500,9.612,9.538,0.0008,0.0008
19.03.2020 08:44:53.485 GMT-0500,9.582,9.538,0.0008,0.002
19.03.2020 08:44:53.664 GMT-0500,9.583,9.547,0.002,0.0008
19.03.2020 08:44:53.714 GMT-0500,9.583,9.537,0.002,0.002
19.03.2020 08:44:54.001 GMT-0500,9.582,9.538,0.0008,0.0008
19.03.2020 08:44:54.921 GMT-0500,9.583,9.537,0.002,0.002
19.03.2020 08:44:55.426 GMT-0500,9.583,9.537,0.002,0.002
19.03.2020 08:44:55.587 GMT-0500,9.582,9.548,0.0008,0.0008
19.03.2020 08:44:56.099 GMT-0500,9.572000000000001,9.548,0.0008,0.0008
19.03.2020 08:44:56.150 GMT-0500,9.572000000000001,9.538,0.002,0.002
19.03.2020 08:44:56.824 GMT-0500,9.573,9.507000000000001,0.002,0.002
19.03.2020 08:44:56.925 GMT-0500,9.542,9.507000000000001,0.0008,0.002
19.03.2020 08:44:57.115 GMT-0500,9.542,9.517999999999999,0.002,0.0008
19.03.2020 08:44:57.165 GMT-0500,9.542,9.508,0.0008,0.0008
19.03.2020 08:44:57.215 GMT-0500,9.542,9.517000000000001,0.0008,0.002
19.03.2020 08:44:57.316 GMT-0500,9.542,9.498,0.002,0.002
19.03.2020 08:44:57.726 GMT-0500,9.543,9.497,0.002,0.002
19.03.2020 08:44:58.529 GMT-0500,9.532,9.497,0.0008,0.002
19.03.2020 08:44:58.579 GMT-0500,9.542,9.497,0.0008,0.002
19.03.2020 08:44:58.771 GMT-0500,9.543,9.497,0.002,0.002
19.03.2020 08:44:58.892 GMT-0500,9.542,9.507000000000001,0.0008,0.002
19.03.2020 08:44:59.175 GMT-0500,9.522,9.508,0.0008,0.002
19.03.2020 08:45:01.577 GMT-0500,9.523,9.517000000000001,0.0008,0.0008
19.03.2020 08:45:01.627 GMT-0500,9.552999999999999,9.517000000000001,0.002,0.002
19.03.2020 08:45:01.678 GMT-0500,9.533,9.507000000000001,0.002,0.002
19.03.2020 08:45:02.361 GMT-0500,9.532,9.507000000000001,0.0008,0.002
19.03.2020 08:45:04.195 GMT-0500,9.533,9.507000000000001,0.002,0.002
19.03.2020 08:45:04.770 GMT-0500,9.532,9.508,0.0008,0.0008
19.03.2020 08:45:04.882 GMT-0500,9.522,9.497,0.0008,0.002
19.03.2020 08:45:05.083 GMT-0500,9.523,9.497,0.0008,0.002
19.03.2020 08:45:05.134 GMT-0500,9.522,9.498,0.002,0.002
19.03.2020 08:45:06.499 GMT-0500,9.522,9.498,0.0008,0.002
19.03.2020 08:45:06.549 GMT-0500,9.523,9.497,0.002,0.002
19.03.2020 08:45:06.650 GMT-0500,9.522,9.497,0.0008,0.002
19.03.2020 08:45:07.097 GMT-0500,9.523,9.497,0.002,0.002
19.03.2020 08:45:07.347 GMT-0500,9.523,9.497,0.002,0.002
19.03.2020 08:45:07.642 GMT-0500,9.522,9.508,0.002,0.0008
19.03.2020 08:45:07.692 GMT-0500,9.522,9.498,0.002,0.002
19.03.2020 08:45:07.835 GMT-0500,9.522,9.507000000000001,0.0008,0.0008
19.03.2020 08:45:08.238 GMT-0500,9.522,9.497,0.0008,0.002
19.03.2020 08:45:09.705 GMT-0500,9.513,9.497,0.002,0.002
19.03.2020 08:45:10.601 GMT-0500,9.512,9.498,0.0008,0.0008
19.03.2020 08:45:15.161 GMT-0500,9.523,9.497,0.002,0.002
19.03.2020 08:45:15.500 GMT-0500,9.513,9.497,0.0008,0.002
19.03.2020 08:45:16.070 GMT-0500,9.512,9.497,0.0008,0.002
19.03.2020 08:45:16.171 GMT-0500,9.513,9.497,0.002,0.002
19.03.2020 08:45:17.041 GMT-0500,9.513,9.498,0.0008,0.0008
19.03.2020 08:45:17.091 GMT-0500,9.522,9.498,0.002,0.002
19.03.2020 08:45:17.696 GMT-0500,9.513,9.497,0.0008,0.002
19.03.2020 08:45:18.061 GMT-0500,9.512,9.497,0.0008,0.002
19.03.2020 08:45:18.230 GMT-0500,9.513,9.497,0.002,0.002
19.03.2020 08:45:19.113 GMT-0500,9.512,9.497,0.0008,0.002
19.03.2020 08:45:19.629 GMT-0500,9.513,9.497,0.002,0.002
19.03.2020 08:45:19.798 GMT-0500,9.522,9.498,0.002,0.002
19.03.2020 08:45:19.848 GMT-0500,9.523,9.507000000000001,0.002,0.002
19.03.2020 08:45:20.225 GMT-0500,9.522,9.507000000000001,0.0008,0.002
19.03.2020 08:45:21.410 GMT-0500,9.542,9.517999999999999,0.0008,0.0008
19.03.2020 08:45:21.814 GMT-0500,9.542,9.527000000000001,0.0008,0.002
19.03.2020 08:45:24.229 GMT-0500,9.543,9.497,0.002,0.002
19.03.2020 08:45:25.827 GMT-0500,9.543,9.527000000000001,0.0008,0.002
19.03.2020 08:45:25.877 GMT-0500,9.612,9.527000000000001,0.0008,0.002
19.03.2020 08:45:26.388 GMT-0500,9.602,9.527000000000001,0.0008,0.002
19.03.2020 08:45:27.278 GMT-0500,9.592,9.528,0.0008,0.002
19.03.2020 08:45:27.858 GMT-0500,9.543,9.497,0.002,0.002
19.03.2020 08:45:28.686 GMT-0500,9.542,9.508,0.0008,0.0008
19.03.2020 08:45:28.917 GMT-0500,9.542,9.498,0.0008,0.0008
19.03.2020 08:45:30.341 GMT-0500,9.543,9.497,0.002,0.002
19.03.2020 08:45:30.791 GMT-0500,9.542,9.498,0.0008,0.0008
19.03.2020 08:45:30.841 GMT-0500,9.542,9.507000000000001,0.0008,0.002
19.03.2020 08:45:33.607 GMT-0500,9.532,9.508,0.0008,0.002
19.03.2020 08:45:33.912 GMT-0500,9.542,9.497,0.0008,0.002
19.03.2020 08:45:35.094 GMT-0500,9.542,9.498,0.002,0.002
19.03.2020 08:45:35.389 GMT-0500,9.533,9.517999999999999,0.0008,0.0008
19.03.2020 08:45:35.440 GMT-0500,9.532,9.498,0.0008,0.0008
19.03.2020 08:45:36.051 GMT-0500,9.532,9.498,0.002,0.002
19.03.2020 08:45:36.642 GMT-0500,9.533,9.517000000000001,0.002,0.002
19.03.2020 08:45:37.195 GMT-0500,9.532,9.517999999999999,0.002,0.002
19.03.2020 08:45:37.426 GMT-0500,9.542,9.517000000000001,0.0008,0.002
19.03.2020 08:45:38.058 GMT-0500,9.552000000000001,9.538,0.0008,0.0008
19.03.2020 08:45:38.463 GMT-0500,9.603,9.547,0.002,0.002
19.03.2020 08:45:39.726 GMT-0500,9.582,9.547,0.0008,0.002
19.03.2020 08:45:41.133 GMT-0500,9.583,9.537,0.002,0.002
19.03.2020 08:45:41.202 GMT-0500,9.572000000000001,9.528,0.002,0.002
19.03.2020 08:45:41.309 GMT-0500,9.582,9.528,0.0008,0.0008
19.03.2020 08:45:42.565 GMT-0500,9.582,9.528,0.002,0.002
19.03.2020 08:45:42.940 GMT-0500,9.602,9.557,0.0008,0.002
19.03.2020 08:45:42.990 GMT-0500,9.603,9.567,0.002,0.002
19.03.2020 08:45:44.379 GMT-0500,9.602,9.568,0.0008,0.0008
19.03.2020 08:45:44.430 GMT-0500,9.612,9.568,0.002,0.002
19.03.2020 08:45:44.684 GMT-0500,9.612,9.588,0.0008,0.0008
19.03.2020 08:45:44.735 GMT-0500,9.613,9.577,0.002,0.002
19.03.2020 08:45:44.785 GMT-0500,9.612,9.588,0.002,0.002
19.03.2020 08:45:45.056 GMT-0500,9.612,9.588,0.0008,0.002
19.03.2020 08:45:45.514 GMT-0500,9.613,9.597000000000001,0.002,0.0008
19.03.2020 08:45:45.564 GMT-0500,9.612,9.568,0.0008,0.0008
19.03.2020 08:45:45.891 GMT-0500,9.592,9.568,0.0008,0.0008
19.03.2020 08:45:45.941 GMT-0500,9.593,9.557,0.002,0.002
19.03.2020 08:45:46.142 GMT-0500,9.593,9.558,0.0008,0.0008
19.03.2020 08:45:46.193 GMT-0500,9.602,9.558,0.0008,0.0008
19.03.2020 08:45:46.423 GMT-0500,9.612,9.558,0.0008,0.0008
19.03.2020 08:45:46.931 GMT-0500,9.572000000000001,9.528,0.0008,0.0008
19.03.2020 08:45:48.042 GMT-0500,9.572000000000001,9.528,0.002,0.002
19.03.2020 08:45:52.761 GMT-0500,9.582,9.558,0.002,0.002
19.03.2020 08:45:53.093 GMT-0500,9.573,9.557,0.0008,0.002
19.03.2020 08:45:53.143 GMT-0500,9.582,9.557,0.0008,0.002
19.03.2020 08:45:54.339 GMT-0500,9.573,9.557,0.0008,0.002
19.03.2020 08:45:54.857 GMT-0500,9.572000000000001,9.558,0.0008,0.0008
19.03.2020 08:45:56.518 GMT-0500,9.573,9.557,0.002,0.002
19.03.2020 08:45:57.669 GMT-0500,9.572000000000001,9.557,0.0008,0.002
19.03.2020 08:45:57.926 GMT-0500,9.573,9.557,0.002,0.002
19.03.2020 08:46:00.234 GMT-0500,9.572000000000001,9.558,0.0008,0.002
19.03.2020 08:46:00.284 GMT-0500,9.582,9.558,0.0008,0.0008
19.03.2020 08:46:00.668 GMT-0500,9.583,9.567,0.002,0.0008
19.03.2020 08:46:00.719 GMT-0500,9.602,9.578,0.002,0.002
19.03.2020 08:46:01.957 GMT-0500,9.592,9.567,0.0008,0.002
19.03.2020 08:46:02.007 GMT-0500,9.602,9.568,0.002,0.002
19.03.2020 08:46:02.893 GMT-0500,9.613,9.567,0.002,0.002
19.03.2020 08:46:04.075 GMT-0500,9.613,9.577,0.002,0.0008
19.03.2020 08:46:04.176 GMT-0500,9.592,9.567,0.0008,0.002
19.03.2020 08:46:04.226 GMT-0500,9.612,9.568,0.0008,0.0008
19.03.2020 08:46:06.292 GMT-0500,9.602,9.568,0.0008,0.0008
19.03.2020 08:46:06.588 GMT-0500,9.582,9.568,0.0008,0.002
19.03.2020 08:46:06.638 GMT-0500,9.602,9.568,0.0008,0.0008
19.03.2020 08:46:07.303 GMT-0500,9.612,9.567,0.0008,0.002
19.03.2020 08:46:07.550 GMT-0500,9.613,9.567,0.002,0.002
19.03.2020 08:46:08.260 GMT-0500,9.612,9.578,0.0008,0.0008
19.03.2020 08:46:08.393 GMT-0500,9.602,9.577,0.0008,0.002
19.03.2020 08:46:09.389 GMT-0500,9.593,9.577,0.0008,0.0008
19.03.2020 08:46:09.440 GMT-0500,9.592,9.568,0.0008,0.0008
19.03.2020 08:46:10.141 GMT-0500,9.592,9.558,0.002,0.002
19.03.2020 08:46:10.289 GMT-0500,9.592,9.548,0.002,0.002
19.03.2020 08:46:10.401 GMT-0500,9.592,9.548,0.002,0.002
19.03.2020 08:46:11.301 GMT-0500,9.593,9.567,0.002,0.002
19.03.2020 08:46:11.437 GMT-0500,9.613,9.567,0.002,0.002
19.03.2020 08:46:12.628 GMT-0500,9.602,9.568,0.0008,0.0008
19.03.2020 08:46:12.678 GMT-0500,9.612,9.568,0.0008,0.0008
19.03.2020 08:46:13.243 GMT-0500,9.603,9.567,0.0008,0.002
19.03.2020 08:46:13.344 GMT-0500,9.612,9.568,0.002,0.002
19.03.2020 08:46:13.622 GMT-0500,9.613,9.567,0.002,0.002
19.03.2020 08:46:13.701 GMT-0500,9.592,9.568,0.0008,0.0008
19.03.2020 08:46:14.252 GMT-0500,9.582,9.568,0.0008,0.0008
19.03.2020 08:46:14.302 GMT-0500,9.582,9.547,0.0008,0.002
19.03.2020 08:46:14.497 GMT-0500,9.583,9.547,0.0008,0.002
19.03.2020 08:46:14.547 GMT-0500,9.592,9.548,0.002,0.002
19.03.2020 08:46:15.392 GMT-0500,9.572000000000001,9.537,0.0008,0.002
19.03.2020 08:46:15.493 GMT-0500,9.552999999999999,9.517000000000001,0.002,0.002
19.03.2020 08:46:15.697 GMT-0500,9.552000000000001,9.517000000000001,0.0008,0.002
19.03.2020 08:46:15.748 GMT-0500,9.552000000000001,9.537,0.0008,0.002
19.03.2020 08:46:17.297 GMT-0500,9.552999999999999,9.537,0.002,0.002
19.03.2020 08:46:17.530 GMT-0500,9.552000000000001,9.538,0.002,0.002
19.03.2020 08:46:18.707 GMT-0500,9.552999999999999,9.537,0.0008,0.002
19.03.2020 08:46:18.757 GMT-0500,9.563,9.537,0.002,0.002
19.03.2020 08:46:18.827 GMT-0500,9.582,9.547,0.0008,0.002
19.03.2020 08:46:19.096 GMT-0500,9.612,9.558,0.002,0.002
19.03.2020 08:46:19.147 GMT-0500,9.572000000000001,9.557,0.0008,0.002
19.03.2020 08:46:19.326 GMT-0500,9.573,9.557,0.002,0.0008
19.03.2020 08:46:19.377 GMT-0500,9.573,9.547,0.002,0.002
19.03.2020 08:46:19.994 GMT-0500,9.572000000000001,9.558,0.002,0.002
19.03.2020 08:46:20.873 GMT-0500,9.573,9.557,0.002,0.002
19.03.2020 08:46:21.989 GMT-0500,9.562000000000001,9.555,0.0008,0.0008
19.03.2020 08:46:22.039 GMT-0500,9.562000000000001,9.517000000000001,0.0008,0.002
19.03.2020 08:46:22.423 GMT-0500,9.562000000000001,9.508,0.002,0.002
19.03.2020 08:46:22.540 GMT-0500,9.562000000000001,9.498,0.002,0.002
19.03.2020 08:46:22.633 GMT-0500,9.562000000000001,9.498,0.0008,0.002
19.03.2020 08:46:22.785 GMT-0500,9.562000000000001,9.508,0.002,0.0008
19.03.2020 08:46:22.836 GMT-0500,9.562000000000001,9.497,0.0008,0.002
19.03.2020 08:46:22.955 GMT-0500,9.552000000000001,9.508,0.002,0.002
19.03.2020 08:46:23.565 GMT-0500,9.552000000000001,9.508,0.0008,0.002
19.03.2020 08:46:24.136 GMT-0500,9.552000000000001,9.538,0.002,0.002
19.03.2020 08:46:25.055 GMT-0500,9.542,9.535,0.0008,0.0008
19.03.2020 08:46:25.105 GMT-0500,9.552999999999999,9.527000000000001,0.002,0.002
19.03.2020 08:46:25.213 GMT-0500,9.542,9.517999999999999,0.002,0.002
19.03.2020 08:46:25.384 GMT-0500,9.543,9.527000000000001,0.002,0.002
19.03.2020 08:46:25.522 GMT-0500,9.543,9.517000000000001,0.002,0.002
19.03.2020 08:46:25.705 GMT-0500,9.543,9.527000000000001,0.0008,0.0008
19.03.2020 08:46:25.755 GMT-0500,9.552999999999999,9.527000000000001,0.002,0.002
19.03.2020 08:46:26.214 GMT-0500,9.542,9.517999999999999,0.0008,0.0008
19.03.2020 08:46:26.538 GMT-0500,9.543,9.497,0.002,0.002
19.03.2020 08:46:26.589 GMT-0500,9.552000000000001,9.527000000000001,0.0008,0.002
19.03.2020 08:46:26.693 GMT-0500,9.542,9.498,0.002,0.002
19.03.2020 08:46:26.992 GMT-0500,9.542,9.498,0.002,0.002
19.03.2020 08:46:27.093 GMT-0500,9.552000000000001,9.528,0.0008,0.0008
19.03.2020 08:46:27.262 GMT-0500,9.542,9.528,0.0008,0.002
19.03.2020 08:46:27.850 GMT-0500,9.543,9.527000000000001,0.0008,0.002
19.03.2020 08:46:28.465 GMT-0500,9.542,9.528,0.0008,0.0008
19.03.2020 08:46:31.066 GMT-0500,9.532,9.498,0.002,0.002
19.03.2020 08:46:31.747 GMT-0500,9.532,9.498,0.0008,0.002
19.03.2020 08:46:31.797 GMT-0500,9.542,9.517000000000001,0.0008,0.002
19.03.2020 08:46:32.501 GMT-0500,9.542,9.498,0.0008,0.002
19.03.2020 08:46:33.736 GMT-0500,9.533,9.498,0.0008,0.0008
19.03.2020 08:46:34.013 GMT-0500,9.532,9.498,0.0008,0.0008
19.03.2020 08:46:34.881 GMT-0500,9.512,9.497,0.0008,0.002
19.03.2020 08:46:35.373 GMT-0500,9.513,9.497,0.002,0.002
19.03.2020 08:46:35.730 GMT-0500,9.512,9.498,0.002,0.002
19.03.2020 08:46:43.069 GMT-0500,9.513,9.497,0.002,0.002
19.03.2020 08:46:45.026 GMT-0500,9.512,9.497,0.0008,0.002
19.03.2020 08:46:49.321 GMT-0500,9.513,9.497,0.002,0.002
19.03.2020 08:46:54.461 GMT-0500,9.512,9.498,0.0008,0.0008
19.03.2020 08:47:06.773 GMT-0500,9.512,9.468,0.002,0.002
19.03.2020 08:47:07.321 GMT-0500,9.513,9.467,0.002,0.002
19.03.2020 08:47:07.494 GMT-0500,9.512,9.467,0.0008,0.002
19.03.2020 08:47:07.888 GMT-0500,9.513,9.467,0.002,0.002
19.03.2020 08:47:08.013 GMT-0500,9.512,9.497,0.0008,0.0008
19.03.2020 08:47:08.063 GMT-0500,9.512,9.467,0.0008,0.002
19.03.2020 08:47:08.314 GMT-0500,9.492,9.448,0.002,0.002
19.03.2020 08:47:08.462 GMT-0500,9.482000000000001,9.448,0.0008,0.0008
19.03.2020 08:47:08.862 GMT-0500,9.462000000000002,9.448,0.002,0.002
19.03.2020 08:47:08.912 GMT-0500,9.472000000000001,9.448,0.002,0.002
19.03.2020 08:47:09.634 GMT-0500,9.503,9.457,0.002,0.002
19.03.2020 08:47:09.734 GMT-0500,9.502,9.447000000000001,0.0008,0.002
19.03.2020 08:47:11.145 GMT-0500,9.502,9.458,0.002,0.0008
19.03.2020 08:47:11.275 GMT-0500,9.503,9.457,0.002,0.002
19.03.2020 08:47:11.923 GMT-0500,9.502,9.468,0.002,0.0008
19.03.2020 08:47:12.297 GMT-0500,9.502,9.458,0.0008,0.0008
19.03.2020 08:47:12.895 GMT-0500,9.503,9.467,0.002,0.0008
19.03.2020 08:47:12.946 GMT-0500,9.502,9.457,0.0008,0.002
19.03.2020 08:47:19.332 GMT-0500,9.482000000000001,9.448,0.0008,0.002
19.03.2020 08:47:19.382 GMT-0500,9.503,9.447000000000001,0.002,0.002
19.03.2020 08:47:19.499 GMT-0500,9.482000000000001,9.447000000000001,0.0008,0.002
19.03.2020 08:47:20.926 GMT-0500,9.462000000000002,9.448,0.0008,0.002
19.03.2020 08:47:20.976 GMT-0500,9.462000000000002,9.408,0.0008,0.0008
19.03.2020 08:47:21.228 GMT-0500,9.472000000000001,9.408,0.0008,0.0008
19.03.2020 08:47:21.694 GMT-0500,9.453,9.407,0.0008,0.002
19.03.2020 08:47:22.145 GMT-0500,9.442,9.398,0.0008,0.002
19.03.2020 08:47:22.196 GMT-0500,9.453,9.397,0.002,0.002
19.03.2020 08:47:22.995 GMT-0500,9.452,9.397,0.0008,0.002
19.03.2020 08:47:23.294 GMT-0500,9.453,9.397,0.002,0.002
19.03.2020 08:47:24.482 GMT-0500,9.452,9.398,0.002,0.002
19.03.2020 08:47:24.582 GMT-0500,9.442,9.378,0.0008,0.0008
19.03.2020 08:47:24.633 GMT-0500,9.453,9.377,0.002,0.002
19.03.2020 08:47:24.892 GMT-0500,9.453,9.377,0.0008,0.002
19.03.2020 08:47:24.995 GMT-0500,9.472000000000001,9.378,0.002,0.002
19.03.2020 08:47:25.146 GMT-0500,9.462000000000002,9.408,0.002,0.002
19.03.2020 08:47:25.508 GMT-0500,9.462000000000002,9.418,0.0008,0.0008
19.03.2020 08:47:26.012 GMT-0500,9.463,9.437000000000001,0.002,0.0008
19.03.2020 08:47:26.383 GMT-0500,9.462000000000002,9.437000000000001,0.0008,0.002
19.03.2020 08:47:26.521 GMT-0500,9.463,9.447000000000001,0.002,0.002
19.03.2020 08:47:26.662 GMT-0500,9.492,9.458,0.002,0.002
19.03.2020 08:47:26.842 GMT-0500,9.503,9.457,0.002,0.002
19.03.2020 08:47:27.293 GMT-0500,9.482000000000001,9.437000000000001,0.0008,0.002
19.03.2020 08:47:27.592 GMT-0500,9.482000000000001,9.448,0.002,0.0008
19.03.2020 08:47:27.758 GMT-0500,9.483,9.457,0.002,0.002
19.03.2020 08:47:27.894 GMT-0500,9.483,9.467,0.002,0.002
19.03.2020 08:47:28.349 GMT-0500,9.503,9.467,0.002,0.002
19.03.2020 08:47:29.007 GMT-0500,9.502,9.468,0.002,0.002
19.03.2020 08:47:29.296 GMT-0500,9.492,9.468,0.0008,0.002
19.03.2020 08:47:29.617 GMT-0500,9.502,9.458,0.002,0.002
19.03.2020 08:47:29.667 GMT-0500,9.502,9.468,0.002,0.002
19.03.2020 08:47:29.839 GMT-0500,9.502,9.477,0.0008,0.002
19.03.2020 08:47:30.223 GMT-0500,9.493,9.457,0.0008,0.002
19.03.2020 08:47:30.273 GMT-0500,9.492,9.458,0.002,0.002
19.03.2020 08:47:30.465 GMT-0500,9.502,9.458,0.0008,0.0008
19.03.2020 08:47:30.565 GMT-0500,9.492,9.448,0.002,0.002
19.03.2020 08:47:30.860 GMT-0500,9.482000000000001,9.448,0.0008,0.0008
19.03.2020 08:47:30.911 GMT-0500,9.482000000000001,9.437000000000001,0.0008,0.002
19.03.2020 08:47:32.833 GMT-0500,9.503,9.437000000000001,0.002,0.002
19.03.2020 08:47:32.896 GMT-0500,9.493,9.437000000000001,0.0008,0.002
19.03.2020 08:47:34.255 GMT-0500,9.492,9.438,0.002,0.0008
19.03.2020 08:47:34.305 GMT-0500,9.492,9.418,0.002,0.002
19.03.2020 08:47:34.420 GMT-0500,9.492,9.418,0.0008,0.002
19.03.2020 08:47:34.554 GMT-0500,9.493,9.427000000000001,0.002,0.0008
19.03.2020 08:47:34.604 GMT-0500,9.493,9.417,0.002,0.002
19.03.2020 08:47:35.733 GMT-0500,9.482000000000001,9.418,0.0008,0.0008
19.03.2020 08:47:35.894 GMT-0500,9.482000000000001,9.418,0.0008,0.002
19.03.2020 08:47:36.034 GMT-0500,9.482000000000001,9.427999999999999,0.0008,0.0008
19.03.2020 08:47:36.647 GMT-0500,9.482000000000001,9.427999999999999,0.002,0.002
19.03.2020 08:47:36.697 GMT-0500,9.482000000000001,9.427000000000001,0.0008,0.002
19.03.2020 08:47:36.782 GMT-0500,9.482000000000001,9.427000000000001,0.0008,0.002
19.03.2020 08:47:37.349 GMT-0500,9.482000000000001,9.427000000000001,0.0008,0.002
19.03.2020 08:47:37.399 GMT-0500,9.482000000000001,9.438,0.0008,0.0008
19.03.2020 08:47:38.133 GMT-0500,9.482000000000001,9.438,0.0008,0.002
19.03.2020 08:47:38.183 GMT-0500,9.513,9.477,0.002,0.002
19.03.2020 08:47:38.399 GMT-0500,9.512,9.458,0.0008,0.002
19.03.2020 08:47:38.523 GMT-0500,9.492,9.438,0.0008,0.002
19.03.2020 08:47:38.573 GMT-0500,9.492,9.438,0.002,0.002
19.03.2020 08:47:38.928 GMT-0500,9.482000000000001,9.438,0.002,0.002
19.03.2020 08:47:39.035 GMT-0500,9.492,9.438,0.002,0.002
19.03.2020 08:47:39.369 GMT-0500,9.492,9.448,0.0008,0.0008
19.03.2020 08:47:39.572 GMT-0500,9.493,9.437000000000001,0.002,0.002
19.03.2020 08:47:40.254 GMT-0500,9.483,9.437000000000001,0.0008,0.002
19.03.2020 08:47:40.418 GMT-0500,9.483,9.437000000000001,0.002,0.002
19.03.2020 08:47:41.400 GMT-0500,9.483,9.467,0.0008,0.0008
19.03.2020 08:47:41.450 GMT-0500,9.492,9.467,0.0008,0.002
