Local time,Ask,Bid,AskVolume,BidVolume
17.03.2020 08:30:01.051 GMT-0500,12.493,12.017000000000001,0.002,0.002
17.03.2020 08:30:01.152 GMT-0500,12.492,12.017000000000001,0.0008,0.002
17.03.2020 08:30:01.476 GMT-0500,12.393,12.017000000000001,0.0008,0.002
17.03.2020 08:30:01.526 GMT-0500,12.492,12.017000000000001,0.0008,0.002
17.03.2020 08:30:03.175 GMT-0500,12.373,12.017000000000001,0.0008,0.002
17.03.2020 08:30:03.225 GMT-0500,12.702,12.018,0.002,0.002
17.03.2020 08:30:03.481 GMT-0500,12.703,12.017000000000001,0.002,0.002
17.03.2020 08:30:03.645 GMT-0500,12.593,12.017000000000001,0.0008,0.002
17.03.2020 08:30:04.984 GMT-0500,12.443,12.018,0.0008,0.0008
17.03.2020 08:30:05.034 GMT-0500,12.593,12.017000000000001,0.002,0.002
17.03.2020 08:30:06.393 GMT-0500,12.592,12.017000000000001,0.0008,0.002
17.03.2020 08:30:06.989 GMT-0500,12.472999999999999,12.347000000000001,0.0008,0.0008
17.03.2020 08:30:07.039 GMT-0500,12.462000000000002,12.028,0.002,0.002
17.03.2020 08:30:08.769 GMT-0500,12.452,12.018,0.0008,0.002
17.03.2020 08:30:09.340 GMT-0500,12.452,12.308,0.0008,0.0008
17.03.2020 08:30:09.598 GMT-0500,12.422,12.308,0.0008,0.002
17.03.2020 08:30:12.820 GMT-0500,12.422,12.308,0.0008,0.002
17.03.2020 08:30:12.870 GMT-0500,12.472000000000001,12.338,0.0008,0.0008
17.03.2020 08:30:13.427 GMT-0500,12.442,12.338,0.0008,0.002
17.03.2020 08:30:14.938 GMT-0500,12.472999999999999,12.337000000000002,0.002,0.002
17.03.2020 08:30:15.492 GMT-0500,12.442,12.337000000000002,0.0008,0.002
17.03.2020 08:30:16.867 GMT-0500,12.442,12.388,0.0008,0.0008
17.03.2020 08:30:16.917 GMT-0500,12.493,12.387,0.002,0.002
17.03.2020 08:30:17.465 GMT-0500,12.463,12.387,0.0008,0.002
17.03.2020 08:30:17.565 GMT-0500,12.463,12.367,0.002,0.002
17.03.2020 08:30:18.035 GMT-0500,12.412,12.347999999999999,0.0008,0.002
17.03.2020 08:30:18.086 GMT-0500,12.472000000000001,12.338,0.002,0.002
17.03.2020 08:30:18.541 GMT-0500,12.442,12.338,0.0008,0.002
17.03.2020 08:30:20.386 GMT-0500,12.443,12.347000000000001,0.002,0.002
17.03.2020 08:30:25.976 GMT-0500,12.422,12.347000000000001,0.0008,0.002
17.03.2020 08:30:26.026 GMT-0500,12.472000000000001,12.347999999999999,0.0008,0.0008
17.03.2020 08:30:26.778 GMT-0500,12.433,12.347000000000001,0.002,0.002
17.03.2020 08:30:26.865 GMT-0500,12.472000000000001,12.347999999999999,0.0008,0.0008
17.03.2020 08:30:27.502 GMT-0500,12.443,12.347999999999999,0.0008,0.0008
17.03.2020 08:30:27.603 GMT-0500,12.442,12.377,0.0008,0.002
17.03.2020 08:30:29.945 GMT-0500,12.463,12.377,0.002,0.002
17.03.2020 08:30:30.089 GMT-0500,12.472999999999999,12.377,0.002,0.002
17.03.2020 08:30:30.600 GMT-0500,12.442,12.377,0.0008,0.002
17.03.2020 08:30:31.211 GMT-0500,12.392000000000001,12.377,0.0008,0.002
17.03.2020 08:30:31.262 GMT-0500,12.442,12.378,0.002,0.002
17.03.2020 08:30:31.488 GMT-0500,12.398,12.378,0.0008,0.0008
17.03.2020 08:30:31.538 GMT-0500,12.443,12.377,0.002,0.002
17.03.2020 08:30:32.355 GMT-0500,12.442,12.377,0.0008,0.002
17.03.2020 08:30:36.497 GMT-0500,12.432,12.378,0.002,0.002
17.03.2020 08:30:36.675 GMT-0500,12.443,12.377,0.002,0.002
17.03.2020 08:30:38.663 GMT-0500,12.443,12.387,0.0008,0.0008
17.03.2020 08:30:38.713 GMT-0500,12.462000000000002,12.377,0.0008,0.002
17.03.2020 08:30:38.788 GMT-0500,12.472000000000001,12.378,0.002,0.002
17.03.2020 08:30:39.286 GMT-0500,12.452,12.378,0.0008,0.0008
17.03.2020 08:30:40.705 GMT-0500,12.443,12.377,0.002,0.002
17.03.2020 08:30:40.756 GMT-0500,12.452,12.378,0.0008,0.0008
17.03.2020 08:30:42.848 GMT-0500,12.443,12.378,0.0008,0.0008
17.03.2020 08:30:43.142 GMT-0500,12.452,12.377,0.0008,0.002
17.03.2020 08:30:54.396 GMT-0500,12.4,12.378,0.0008,0.002
17.03.2020 08:30:54.447 GMT-0500,12.472000000000001,12.378,0.0008,0.0008
17.03.2020 08:30:55.014 GMT-0500,12.442,12.378,0.0008,0.0008
17.03.2020 08:30:55.912 GMT-0500,12.433,12.377,0.002,0.002
17.03.2020 08:30:56.019 GMT-0500,12.442,12.378,0.002,0.002
17.03.2020 08:31:00.997 GMT-0500,12.462000000000002,12.377,0.0008,0.002
17.03.2020 08:31:01.099 GMT-0500,12.472000000000001,12.378,0.002,0.002
17.03.2020 08:31:01.482 GMT-0500,12.443,12.377,0.0008,0.002
17.03.2020 08:31:08.873 GMT-0500,12.433,12.377,0.002,0.002
17.03.2020 08:31:08.924 GMT-0500,12.443,12.377,0.002,0.002
17.03.2020 08:31:11.473 GMT-0500,12.412,12.377,0.0008,0.0008
17.03.2020 08:31:11.524 GMT-0500,12.412,12.347999999999999,0.002,0.002
17.03.2020 08:31:12.526 GMT-0500,12.382000000000001,12.347000000000001,0.0008,0.002
17.03.2020 08:31:12.576 GMT-0500,12.433,12.347000000000001,0.002,0.002
17.03.2020 08:31:13.055 GMT-0500,12.412,12.347000000000001,0.0008,0.002
17.03.2020 08:31:13.163 GMT-0500,12.402000000000001,12.347000000000001,0.0008,0.002
17.03.2020 08:31:13.373 GMT-0500,12.412,12.347999999999999,0.002,0.002
17.03.2020 08:31:19.818 GMT-0500,12.402000000000001,12.347999999999999,0.0008,0.002
17.03.2020 08:31:19.970 GMT-0500,12.403,12.347000000000001,0.002,0.002
17.03.2020 08:31:20.020 GMT-0500,12.462000000000002,12.347000000000001,0.0008,0.002
17.03.2020 08:31:20.680 GMT-0500,12.422,12.337000000000002,0.0008,0.002
17.03.2020 08:31:21.349 GMT-0500,12.413,12.337000000000002,0.0008,0.002
17.03.2020 08:31:21.569 GMT-0500,12.422,12.337000000000002,0.0008,0.002
17.03.2020 08:31:23.505 GMT-0500,12.423,12.337000000000002,0.002,0.0008
17.03.2020 08:31:23.556 GMT-0500,12.422,12.328,0.0008,0.0008
17.03.2020 08:31:24.369 GMT-0500,12.413,12.297,0.0008,0.002
17.03.2020 08:31:24.419 GMT-0500,12.413,12.297,0.002,0.002
17.03.2020 08:31:24.528 GMT-0500,12.422,12.288,0.0008,0.0008
17.03.2020 08:31:24.844 GMT-0500,12.362,12.288,0.0008,0.002
17.03.2020 08:31:24.945 GMT-0500,12.442,12.288,0.002,0.002
17.03.2020 08:31:25.224 GMT-0500,12.442,12.347999999999999,0.002,0.0008
17.03.2020 08:31:25.608 GMT-0500,12.433,12.347000000000001,0.0008,0.002
17.03.2020 08:31:25.659 GMT-0500,12.442,12.347999999999999,0.0008,0.0008
17.03.2020 08:31:25.709 GMT-0500,12.372,12.337000000000002,0.0008,0.002
17.03.2020 08:31:25.759 GMT-0500,12.412,12.338,0.0008,0.0008
17.03.2020 08:31:26.256 GMT-0500,12.412,12.288,0.0008,0.0008
17.03.2020 08:31:26.387 GMT-0500,12.402000000000001,12.288,0.0008,0.002
17.03.2020 08:31:26.487 GMT-0500,12.402000000000001,12.278,0.0008,0.0008
17.03.2020 08:31:26.727 GMT-0500,12.433,12.277000000000001,0.002,0.002
17.03.2020 08:31:26.780 GMT-0500,12.412,12.278,0.0008,0.0008
17.03.2020 08:31:26.880 GMT-0500,12.432,12.287,0.0008,0.002
17.03.2020 08:31:26.962 GMT-0500,12.412,12.288,0.0008,0.0008
17.03.2020 08:31:27.226 GMT-0500,12.432,12.347999999999999,0.0008,0.0008
17.03.2020 08:31:27.722 GMT-0500,12.412,12.347999999999999,0.0008,0.002
17.03.2020 08:31:28.768 GMT-0500,12.412,12.307,0.0008,0.002
17.03.2020 08:31:30.277 GMT-0500,12.373,12.307,0.0008,0.0008
17.03.2020 08:31:30.327 GMT-0500,12.413,12.277000000000001,0.002,0.002
17.03.2020 08:31:30.964 GMT-0500,12.432,12.288,0.0008,0.0008
17.03.2020 08:31:31.057 GMT-0500,12.433,12.347000000000001,0.002,0.0008
17.03.2020 08:31:31.507 GMT-0500,12.413,12.347000000000001,0.0008,0.0008
17.03.2020 08:31:31.558 GMT-0500,12.412,12.288,0.0008,0.0008
17.03.2020 08:31:32.016 GMT-0500,12.412,12.288,0.002,0.002
17.03.2020 08:31:32.188 GMT-0500,12.412,12.298,0.002,0.002
17.03.2020 08:31:34.241 GMT-0500,12.412,12.298,0.0008,0.0008
17.03.2020 08:31:35.396 GMT-0500,12.413,12.338,0.0008,0.0008
17.03.2020 08:31:35.446 GMT-0500,12.432,12.338,0.002,0.002
17.03.2020 08:31:36.132 GMT-0500,12.412,12.338,0.0008,0.002
17.03.2020 08:31:36.294 GMT-0500,12.432,12.337000000000002,0.0008,0.002
17.03.2020 08:31:36.893 GMT-0500,12.413,12.337000000000002,0.0008,0.002
17.03.2020 08:31:37.399 GMT-0500,12.412,12.337000000000002,0.0008,0.0008
17.03.2020 08:31:37.450 GMT-0500,12.403,12.297,0.002,0.002
17.03.2020 08:31:39.082 GMT-0500,12.413,12.297,0.0008,0.002
17.03.2020 08:31:39.132 GMT-0500,12.432,12.347999999999999,0.002,0.002
17.03.2020 08:31:39.232 GMT-0500,12.432,12.298,0.002,0.002
17.03.2020 08:31:39.745 GMT-0500,12.402000000000001,12.298,0.0008,0.0008
17.03.2020 08:31:40.009 GMT-0500,12.402000000000001,12.328,0.002,0.002
17.03.2020 08:31:40.227 GMT-0500,12.402000000000001,12.347000000000001,0.0008,0.0008
17.03.2020 08:31:42.260 GMT-0500,12.452,12.347999999999999,0.002,0.002
17.03.2020 08:31:42.770 GMT-0500,12.422,12.347999999999999,0.0008,0.002
17.03.2020 08:31:43.092 GMT-0500,12.422,12.328,0.002,0.002
17.03.2020 08:31:43.883 GMT-0500,12.412,12.328,0.0008,0.002
17.03.2020 08:31:43.984 GMT-0500,12.433,12.327,0.002,0.002
17.03.2020 08:31:44.275 GMT-0500,12.433,12.328,0.0008,0.0008
17.03.2020 08:31:44.326 GMT-0500,12.452,12.328,0.002,0.002
17.03.2020 08:31:44.851 GMT-0500,12.423,12.328,0.0008,0.0008
17.03.2020 08:31:45.375 GMT-0500,12.412,12.327,0.0008,0.002
17.03.2020 08:31:45.616 GMT-0500,12.413,12.327,0.0008,0.002
17.03.2020 08:31:45.666 GMT-0500,12.422,12.328,0.002,0.002
17.03.2020 08:31:46.254 GMT-0500,12.412,12.328,0.0008,0.002
17.03.2020 08:31:46.354 GMT-0500,12.422,12.328,0.0008,0.0008
17.03.2020 08:31:46.927 GMT-0500,12.413,12.327,0.0008,0.002
17.03.2020 08:31:47.028 GMT-0500,12.422,12.328,0.002,0.002
17.03.2020 08:31:47.857 GMT-0500,12.412,12.328,0.0008,0.002
17.03.2020 08:31:48.243 GMT-0500,12.412,12.328,0.0008,0.002
17.03.2020 08:31:48.293 GMT-0500,12.442,12.347000000000001,0.0008,0.002
17.03.2020 08:31:48.770 GMT-0500,12.413,12.347000000000001,0.0008,0.002
17.03.2020 08:31:49.012 GMT-0500,12.412,12.297,0.0008,0.002
17.03.2020 08:31:49.062 GMT-0500,12.413,12.297,0.002,0.002
17.03.2020 08:31:50.431 GMT-0500,12.402000000000001,12.297,0.0008,0.002
17.03.2020 08:31:50.482 GMT-0500,12.412,12.297,0.0008,0.002
17.03.2020 08:31:50.992 GMT-0500,12.402000000000001,12.298,0.0008,0.002
17.03.2020 08:31:56.312 GMT-0500,12.393,12.298,0.0008,0.002
17.03.2020 08:31:56.363 GMT-0500,12.402000000000001,12.297,0.0008,0.002
17.03.2020 08:31:56.940 GMT-0500,12.343,12.277000000000001,0.0008,0.002
17.03.2020 08:31:56.990 GMT-0500,12.412,12.287,0.0008,0.002
17.03.2020 08:31:57.256 GMT-0500,12.432,12.347999999999999,0.0008,0.0008
17.03.2020 08:31:57.869 GMT-0500,12.402000000000001,12.347999999999999,0.0008,0.0008
17.03.2020 08:31:58.043 GMT-0500,12.402000000000001,12.278,0.0008,0.0008
17.03.2020 08:31:58.763 GMT-0500,12.403,12.287,0.002,0.0008
17.03.2020 08:31:59.264 GMT-0500,12.402000000000001,12.338,0.0008,0.0008
17.03.2020 08:31:59.412 GMT-0500,12.402000000000001,12.288,0.002,0.002
17.03.2020 08:32:01.297 GMT-0500,12.392000000000001,12.298,0.002,0.002
17.03.2020 08:32:01.637 GMT-0500,12.402000000000001,12.288,0.002,0.002
17.03.2020 08:32:03.727 GMT-0500,12.402000000000001,12.288,0.002,0.002
17.03.2020 08:32:04.026 GMT-0500,12.392000000000001,12.288,0.0008,0.002
17.03.2020 08:32:04.076 GMT-0500,12.402000000000001,12.288,0.002,0.002
17.03.2020 08:32:04.146 GMT-0500,12.402000000000001,12.347000000000001,0.0008,0.0008
17.03.2020 08:32:04.196 GMT-0500,12.402000000000001,12.287,0.0008,0.002
17.03.2020 08:32:04.699 GMT-0500,12.403,12.287,0.002,0.002
17.03.2020 08:32:09.889 GMT-0500,12.393,12.297,0.0008,0.002
17.03.2020 08:32:10.136 GMT-0500,12.393,12.298,0.0008,0.0008
17.03.2020 08:32:10.186 GMT-0500,12.402000000000001,12.298,0.0008,0.0008
17.03.2020 08:32:10.329 GMT-0500,12.413,12.297,0.002,0.002
17.03.2020 08:32:10.827 GMT-0500,12.383,12.297,0.0008,0.002
17.03.2020 08:32:11.284 GMT-0500,12.383,12.347000000000001,0.0008,0.0008
17.03.2020 08:32:11.334 GMT-0500,12.422,12.347000000000001,0.0008,0.002
17.03.2020 08:32:11.385 GMT-0500,12.432,12.347999999999999,0.002,0.002
17.03.2020 08:32:11.485 GMT-0500,12.432,12.298,0.002,0.002
17.03.2020 08:32:11.885 GMT-0500,12.402000000000001,12.298,0.0008,0.002
17.03.2020 08:32:12.245 GMT-0500,12.402000000000001,12.327,0.0008,0.002
17.03.2020 08:32:12.349 GMT-0500,12.353,12.297,0.002,0.002
17.03.2020 08:32:12.399 GMT-0500,12.402000000000001,12.298,0.002,0.002
17.03.2020 08:32:12.773 GMT-0500,12.402000000000001,12.298,0.002,0.002
17.03.2020 08:32:12.823 GMT-0500,12.392000000000001,12.297,0.0008,0.002
17.03.2020 08:32:12.924 GMT-0500,12.413,12.297,0.002,0.002
17.03.2020 08:32:13.294 GMT-0500,12.412,12.328,0.0008,0.0008
17.03.2020 08:32:13.345 GMT-0500,12.412,12.298,0.002,0.002
17.03.2020 08:32:14.011 GMT-0500,12.382000000000001,12.298,0.0008,0.002
17.03.2020 08:32:14.351 GMT-0500,12.402000000000001,12.298,0.0008,0.0008
17.03.2020 08:32:14.452 GMT-0500,12.432,12.298,0.002,0.002
17.03.2020 08:32:14.567 GMT-0500,12.403,12.298,0.0008,0.0008
17.03.2020 08:32:15.173 GMT-0500,12.382000000000001,12.298,0.0008,0.0008
17.03.2020 08:32:15.301 GMT-0500,12.383,12.297,0.0008,0.002
17.03.2020 08:32:15.351 GMT-0500,12.402000000000001,12.297,0.0008,0.002
17.03.2020 08:32:16.143 GMT-0500,12.393,12.297,0.0008,0.002
17.03.2020 08:32:16.193 GMT-0500,12.433,12.297,0.002,0.002
17.03.2020 08:32:16.277 GMT-0500,12.353,12.297,0.0008,0.002
17.03.2020 08:32:16.932 GMT-0500,12.402000000000001,12.298,0.0008,0.0008
17.03.2020 08:32:17.058 GMT-0500,12.412,12.297,0.0008,0.002
17.03.2020 08:32:17.480 GMT-0500,12.432,12.297,0.0008,0.002
17.03.2020 08:32:17.531 GMT-0500,12.412,12.297,0.0008,0.002
17.03.2020 08:32:18.047 GMT-0500,12.393,12.297,0.0008,0.002
17.03.2020 08:32:18.430 GMT-0500,12.383,12.297,0.0008,0.002
17.03.2020 08:32:18.531 GMT-0500,12.393,12.297,0.002,0.002
17.03.2020 08:32:19.085 GMT-0500,12.382000000000001,12.298,0.002,0.002
17.03.2020 08:32:19.198 GMT-0500,12.393,12.297,0.002,0.002
17.03.2020 08:32:21.455 GMT-0500,12.393,12.297,0.002,0.002
17.03.2020 08:32:21.555 GMT-0500,12.393,12.297,0.002,0.002
17.03.2020 08:32:21.848 GMT-0500,12.392000000000001,12.328,0.0008,0.0008
17.03.2020 08:32:23.643 GMT-0500,12.343,12.297,0.002,0.002
17.03.2020 08:32:23.693 GMT-0500,12.342,12.287,0.0008,0.002
17.03.2020 08:32:23.886 GMT-0500,12.342,12.287,0.0008,0.0008
17.03.2020 08:32:24.337 GMT-0500,12.343,12.277000000000001,0.0008,0.002
17.03.2020 08:32:24.438 GMT-0500,12.392000000000001,12.288,0.0008,0.0008
17.03.2020 08:32:24.642 GMT-0500,12.392000000000001,12.288,0.0008,0.002
17.03.2020 08:32:24.743 GMT-0500,12.382000000000001,12.328,0.0008,0.0008
17.03.2020 08:32:24.881 GMT-0500,12.382000000000001,12.347999999999999,0.002,0.002
17.03.2020 08:32:26.332 GMT-0500,12.373,12.347999999999999,0.0008,0.0008
17.03.2020 08:32:26.873 GMT-0500,12.372,12.347000000000001,0.0008,0.002
17.03.2020 08:32:32.431 GMT-0500,12.372,12.347000000000001,0.0008,0.002
17.03.2020 08:32:32.481 GMT-0500,12.382000000000001,12.347999999999999,0.0008,0.0008
17.03.2020 08:32:33.241 GMT-0500,12.372,12.347999999999999,0.0008,0.002
17.03.2020 08:32:33.291 GMT-0500,12.383,12.347000000000001,0.002,0.002
17.03.2020 08:32:34.272 GMT-0500,12.362,12.347000000000001,0.0008,0.002
17.03.2020 08:32:34.505 GMT-0500,12.363,12.347000000000001,0.0008,0.002
17.03.2020 08:32:34.555 GMT-0500,12.363,12.347000000000001,0.002,0.002
17.03.2020 08:32:34.672 GMT-0500,12.382000000000001,12.347999999999999,0.002,0.002
17.03.2020 08:32:35.324 GMT-0500,12.382000000000001,12.347999999999999,0.0008,0.002
17.03.2020 08:32:35.374 GMT-0500,12.383,12.347000000000001,0.002,0.002
17.03.2020 08:32:36.125 GMT-0500,12.382000000000001,12.347999999999999,0.0008,0.0008
17.03.2020 08:32:36.253 GMT-0500,12.362,12.347999999999999,0.0008,0.002
17.03.2020 08:32:36.304 GMT-0500,12.372,12.347999999999999,0.002,0.002
17.03.2020 08:32:36.461 GMT-0500,12.382000000000001,12.357000000000001,0.0008,0.002
17.03.2020 08:32:36.612 GMT-0500,12.372,12.347999999999999,0.0008,0.002
17.03.2020 08:32:36.662 GMT-0500,12.382000000000001,12.347999999999999,0.002,0.002
17.03.2020 08:32:37.026 GMT-0500,12.372,12.347000000000001,0.0008,0.002
17.03.2020 08:32:37.171 GMT-0500,12.373,12.347000000000001,0.002,0.002
17.03.2020 08:32:37.818 GMT-0500,12.372,12.347000000000001,0.0008,0.002
17.03.2020 08:32:37.943 GMT-0500,12.373,12.347000000000001,0.002,0.002
17.03.2020 08:32:38.091 GMT-0500,12.372,12.347999999999999,0.0008,0.0008
17.03.2020 08:32:38.650 GMT-0500,12.373,12.347000000000001,0.002,0.002
17.03.2020 08:32:39.617 GMT-0500,12.372,12.347999999999999,0.002,0.002
17.03.2020 08:32:40.491 GMT-0500,12.402000000000001,12.358,0.0008,0.0008
17.03.2020 08:32:40.542 GMT-0500,12.402000000000001,12.347999999999999,0.002,0.002
17.03.2020 08:32:40.663 GMT-0500,12.402000000000001,12.347999999999999,0.002,0.002
17.03.2020 08:32:40.769 GMT-0500,12.403,12.357000000000001,0.002,0.002
17.03.2020 08:32:40.965 GMT-0500,12.402000000000001,12.368,0.002,0.002
17.03.2020 08:32:41.015 GMT-0500,12.403,12.367,0.002,0.002
17.03.2020 08:32:41.114 GMT-0500,12.402000000000001,12.367,0.0008,0.002
17.03.2020 08:32:41.164 GMT-0500,12.402000000000001,12.368,0.002,0.002
17.03.2020 08:32:41.234 GMT-0500,12.413,12.398,0.0008,0.0008
17.03.2020 08:32:41.284 GMT-0500,12.482000000000001,12.398,0.0008,0.0008
17.03.2020 08:32:41.335 GMT-0500,12.492,12.398,0.002,0.002
17.03.2020 08:32:41.790 GMT-0500,12.453,12.397,0.0008,0.002
17.03.2020 08:32:42.781 GMT-0500,12.443,12.397,0.002,0.002
17.03.2020 08:32:42.938 GMT-0500,12.452,12.397,0.0008,0.002
17.03.2020 08:32:43.134 GMT-0500,12.452,12.398,0.0008,0.002
17.03.2020 08:32:43.184 GMT-0500,12.492,12.407,0.0008,0.002
17.03.2020 08:32:43.449 GMT-0500,12.482000000000001,12.408,0.0008,0.002
17.03.2020 08:32:43.500 GMT-0500,12.492,12.407,0.0008,0.002
17.03.2020 08:32:43.669 GMT-0500,12.472000000000001,12.407,0.0008,0.002
17.03.2020 08:32:43.943 GMT-0500,12.432,12.407,0.0008,0.0008
17.03.2020 08:32:43.993 GMT-0500,12.442,12.398,0.0008,0.0008
17.03.2020 08:32:44.228 GMT-0500,12.442,12.398,0.0008,0.002
17.03.2020 08:32:44.789 GMT-0500,12.442,12.408,0.002,0.002
17.03.2020 08:32:46.621 GMT-0500,12.472999999999999,12.407,0.002,0.002
17.03.2020 08:32:47.756 GMT-0500,12.472000000000001,12.418,0.002,0.002
17.03.2020 08:32:47.882 GMT-0500,12.462000000000002,12.418,0.0008,0.0008
17.03.2020 08:32:48.044 GMT-0500,12.472999999999999,12.417000000000002,0.002,0.002
17.03.2020 08:32:48.520 GMT-0500,12.472000000000001,12.418,0.0008,0.0008
17.03.2020 08:32:49.120 GMT-0500,12.472999999999999,12.427000000000001,0.002,0.002
17.03.2020 08:32:49.314 GMT-0500,12.472000000000001,12.427000000000001,0.0008,0.0008
17.03.2020 08:32:49.367 GMT-0500,12.472000000000001,12.418,0.002,0.002
17.03.2020 08:32:49.870 GMT-0500,12.472999999999999,12.417000000000002,0.0008,0.002
17.03.2020 08:32:49.920 GMT-0500,12.502,12.418,0.002,0.002
17.03.2020 08:32:50.046 GMT-0500,12.512,12.418,0.002,0.002
17.03.2020 08:32:50.971 GMT-0500,12.472000000000001,12.418,0.0008,0.0008
17.03.2020 08:32:51.178 GMT-0500,12.503,12.417000000000002,0.002,0.002
17.03.2020 08:32:51.285 GMT-0500,12.445,12.418,0.0008,0.0008
17.03.2020 08:32:51.395 GMT-0500,12.448,12.417000000000002,0.0008,0.002
17.03.2020 08:32:51.445 GMT-0500,12.503,12.417000000000002,0.002,0.002
17.03.2020 08:32:51.716 GMT-0500,12.492,12.418,0.0008,0.002
17.03.2020 08:32:51.880 GMT-0500,12.492,12.418,0.0008,0.002
17.03.2020 08:32:51.930 GMT-0500,12.493,12.407,0.002,0.002
17.03.2020 08:32:51.981 GMT-0500,12.493,12.417000000000002,0.002,0.002
17.03.2020 08:32:52.031 GMT-0500,12.503,12.417000000000002,0.002,0.002
17.03.2020 08:32:52.330 GMT-0500,12.502,12.417000000000002,0.0008,0.002
17.03.2020 08:32:52.832 GMT-0500,12.492,12.427000000000001,0.0008,0.002
17.03.2020 08:32:53.677 GMT-0500,12.482000000000001,12.438,0.002,0.0008
17.03.2020 08:32:53.900 GMT-0500,12.482000000000001,12.407,0.0008,0.002
17.03.2020 08:32:54.186 GMT-0500,12.472999999999999,12.407,0.0008,0.002
17.03.2020 08:32:54.236 GMT-0500,12.482000000000001,12.407,0.0008,0.002
17.03.2020 08:32:54.287 GMT-0500,12.442,12.408,0.002,0.002
17.03.2020 08:32:55.279 GMT-0500,12.433,12.407,0.0008,0.002
17.03.2020 08:32:55.556 GMT-0500,12.433,12.417000000000002,0.002,0.0008
17.03.2020 08:32:55.657 GMT-0500,12.432,12.408,0.0008,0.0008
17.03.2020 08:32:55.707 GMT-0500,12.402000000000001,12.378,0.002,0.002
17.03.2020 08:32:56.127 GMT-0500,12.402000000000001,12.388,0.002,0.0008
17.03.2020 08:32:56.826 GMT-0500,12.402000000000001,12.368,0.0008,0.0008
17.03.2020 08:32:57.061 GMT-0500,12.402000000000001,12.377,0.0008,0.002
17.03.2020 08:32:57.112 GMT-0500,12.402000000000001,12.368,0.0008,0.0008
17.03.2020 08:32:58.223 GMT-0500,12.402000000000001,12.368,0.002,0.002
17.03.2020 08:32:58.944 GMT-0500,12.403,12.377,0.001,0.0008
17.03.2020 08:32:58.995 GMT-0500,12.372,12.338,0.0008,0.0008
17.03.2020 08:33:00.132 GMT-0500,12.372,12.338,0.002,0.002
17.03.2020 08:33:00.182 GMT-0500,12.372,12.337000000000002,0.0008,0.002
17.03.2020 08:33:00.513 GMT-0500,12.362,12.338,0.0008,0.002
17.03.2020 08:33:00.563 GMT-0500,12.373,12.337000000000002,0.002,0.002
17.03.2020 08:33:02.369 GMT-0500,12.403,12.347000000000001,0.002,0.002
17.03.2020 08:33:02.420 GMT-0500,12.402000000000001,12.338,0.0008,0.0008
17.03.2020 08:33:02.489 GMT-0500,12.393,12.338,0.0008,0.0008
17.03.2020 08:33:02.646 GMT-0500,12.393,12.347000000000001,0.002,0.0008
17.03.2020 08:33:02.696 GMT-0500,12.402000000000001,12.338,0.002,0.002
17.03.2020 08:33:03.100 GMT-0500,12.362,12.338,0.0008,0.002
17.03.2020 08:33:03.150 GMT-0500,12.402000000000001,12.337000000000002,0.0008,0.002
17.03.2020 08:33:03.201 GMT-0500,12.402000000000001,12.347000000000001,0.0008,0.002
17.03.2020 08:33:03.320 GMT-0500,12.402000000000001,12.338,0.002,0.002
17.03.2020 08:33:03.681 GMT-0500,12.402000000000001,12.338,0.002,0.002
17.03.2020 08:33:03.866 GMT-0500,12.402000000000001,12.347999999999999,0.0008,0.002
17.03.2020 08:33:03.919 GMT-0500,12.443,12.357000000000001,0.002,0.002
17.03.2020 08:33:04.244 GMT-0500,12.452,12.358,0.0008,0.0008
17.03.2020 08:33:04.367 GMT-0500,12.423,12.358,0.0008,0.0008
17.03.2020 08:33:04.468 GMT-0500,12.383,12.347000000000001,0.002,0.002
17.03.2020 08:33:04.815 GMT-0500,12.382000000000001,12.347999999999999,0.0008,0.0008
17.03.2020 08:33:05.355 GMT-0500,12.382000000000001,12.338,0.002,0.002
17.03.2020 08:33:05.949 GMT-0500,12.382000000000001,12.338,0.0008,0.002
17.03.2020 08:33:06.000 GMT-0500,12.413,12.367,0.002,0.002
17.03.2020 08:33:06.171 GMT-0500,12.412,12.338,0.0008,0.002
17.03.2020 08:33:06.222 GMT-0500,12.422,12.337000000000002,0.0008,0.002
17.03.2020 08:33:06.406 GMT-0500,12.423,12.337000000000002,0.002,0.002
17.03.2020 08:33:06.769 GMT-0500,12.422,12.358,0.002,0.002
17.03.2020 08:33:06.870 GMT-0500,12.423,12.367,0.002,0.0008
17.03.2020 08:33:06.920 GMT-0500,12.422,12.358,0.0008,0.0008
17.03.2020 08:33:07.307 GMT-0500,12.422,12.358,0.0008,0.002
17.03.2020 08:33:07.747 GMT-0500,12.413,12.378,0.0008,0.0008
17.03.2020 08:33:07.797 GMT-0500,12.412,12.358,0.0008,0.0008
17.03.2020 08:33:08.001 GMT-0500,12.423,12.357000000000001,0.002,0.002
17.03.2020 08:33:08.469 GMT-0500,12.422,12.368,0.002,0.002
17.03.2020 08:33:08.883 GMT-0500,12.462000000000002,12.377,0.0008,0.002
17.03.2020 08:33:08.934 GMT-0500,12.463,12.397,0.002,0.002
17.03.2020 08:33:09.081 GMT-0500,12.493,12.397,0.002,0.002
17.03.2020 08:33:09.571 GMT-0500,12.463,12.397,0.0008,0.002
17.03.2020 08:33:10.397 GMT-0500,12.482000000000001,12.418,0.0008,0.0008
17.03.2020 08:33:10.516 GMT-0500,12.492,12.407,0.0008,0.002
17.03.2020 08:33:11.040 GMT-0500,12.482000000000001,12.407,0.0008,0.002
17.03.2020 08:33:12.244 GMT-0500,12.472000000000001,12.408,0.0008,0.002
17.03.2020 08:33:12.404 GMT-0500,12.482000000000001,12.407,0.0008,0.002
17.03.2020 08:33:12.698 GMT-0500,12.452,12.407,0.0008,0.002
17.03.2020 08:33:12.828 GMT-0500,12.452,12.407,0.0008,0.0008
17.03.2020 08:33:12.878 GMT-0500,12.452,12.397,0.0008,0.002
17.03.2020 08:33:13.140 GMT-0500,12.453,12.397,0.002,0.0008
17.03.2020 08:33:13.191 GMT-0500,12.452,12.378,0.0008,0.0008
17.03.2020 08:33:13.523 GMT-0500,12.453,12.367,0.002,0.002
17.03.2020 08:33:13.781 GMT-0500,12.443,12.367,0.0008,0.002
17.03.2020 08:33:13.882 GMT-0500,12.452,12.368,0.0008,0.0008
17.03.2020 08:33:14.014 GMT-0500,12.442,12.368,0.0008,0.0008
17.03.2020 08:33:14.817 GMT-0500,12.442,12.347000000000001,0.0008,0.002
17.03.2020 08:33:14.867 GMT-0500,12.432,12.347999999999999,0.0008,0.0008
17.03.2020 08:33:15.009 GMT-0500,12.443,12.347000000000001,0.002,0.002
17.03.2020 08:33:15.517 GMT-0500,12.433,12.347000000000001,0.0008,0.002
17.03.2020 08:33:15.707 GMT-0500,12.442,12.347999999999999,0.002,0.002
17.03.2020 08:33:16.437 GMT-0500,12.432,12.358,0.0008,0.0008
17.03.2020 08:33:16.538 GMT-0500,12.443,12.347000000000001,0.002,0.002
17.03.2020 08:33:18.836 GMT-0500,12.442,12.388,0.0008,0.0008
17.03.2020 08:33:18.942 GMT-0500,12.443,12.397,0.002,0.002
17.03.2020 08:33:19.092 GMT-0500,12.452,12.388,0.0008,0.0008
17.03.2020 08:33:21.427 GMT-0500,12.452,12.417000000000002,0.0008,0.0008
17.03.2020 08:33:21.784 GMT-0500,12.452,12.417000000000002,0.0008,0.002
17.03.2020 08:33:25.614 GMT-0500,12.452,12.418,0.002,0.002
17.03.2020 08:33:25.765 GMT-0500,12.452,12.418,0.002,0.002
17.03.2020 08:33:26.390 GMT-0500,12.452,12.397,0.0008,0.002
17.03.2020 08:33:27.051 GMT-0500,12.432,12.398,0.0008,0.0008
17.03.2020 08:33:27.102 GMT-0500,12.452,12.357000000000001,0.0008,0.002
17.03.2020 08:33:27.188 GMT-0500,12.452,12.387,0.0008,0.0008
17.03.2020 08:33:27.654 GMT-0500,12.443,12.387,0.0008,0.002
17.03.2020 08:33:27.704 GMT-0500,12.452,12.388,0.002,0.002
17.03.2020 08:33:28.102 GMT-0500,12.452,12.388,0.0008,0.002
17.03.2020 08:33:28.581 GMT-0500,12.452,12.387,0.0008,0.002
17.03.2020 08:33:28.631 GMT-0500,12.452,12.387,0.0008,0.002
17.03.2020 08:33:28.719 GMT-0500,12.452,12.407,0.0008,0.002
17.03.2020 08:33:28.989 GMT-0500,12.453,12.407,0.002,0.0008
17.03.2020 08:33:29.039 GMT-0500,12.453,12.387,0.002,0.002
17.03.2020 08:33:30.232 GMT-0500,12.433,12.387,0.0008,0.002
17.03.2020 08:33:30.609 GMT-0500,12.422,12.388,0.0008,0.0008
17.03.2020 08:33:30.659 GMT-0500,12.433,12.367,0.002,0.002
17.03.2020 08:33:31.835 GMT-0500,12.432,12.367,0.0008,0.002
17.03.2020 08:33:31.885 GMT-0500,12.432,12.368,0.002,0.002
17.03.2020 08:33:32.284 GMT-0500,12.413,12.368,0.0008,0.0008
17.03.2020 08:33:32.699 GMT-0500,12.413,12.367,0.002,0.002
17.03.2020 08:33:34.447 GMT-0500,12.403,12.368,0.0008,0.0008
17.03.2020 08:33:34.497 GMT-0500,12.412,12.358,0.002,0.002
17.03.2020 08:33:36.121 GMT-0500,12.412,12.358,0.0008,0.002
17.03.2020 08:33:36.605 GMT-0500,12.412,12.377,0.0008,0.002
17.03.2020 08:33:37.515 GMT-0500,12.412,12.388,0.0008,0.0008
17.03.2020 08:33:38.182 GMT-0500,12.412,12.378,0.002,0.002
17.03.2020 08:33:38.554 GMT-0500,12.402000000000001,12.378,0.0008,0.002
17.03.2020 08:33:40.034 GMT-0500,12.402000000000001,12.378,0.0008,0.002
17.03.2020 08:33:40.084 GMT-0500,12.413,12.377,0.002,0.002
17.03.2020 08:33:40.892 GMT-0500,12.383,12.377,0.0008,0.0008
17.03.2020 08:33:40.942 GMT-0500,12.412,12.358,0.002,0.002
17.03.2020 08:33:42.019 GMT-0500,12.412,12.358,0.002,0.002
17.03.2020 08:33:43.788 GMT-0500,12.413,12.367,0.002,0.002
17.03.2020 08:33:43.841 GMT-0500,12.412,12.357000000000001,0.0008,0.002
17.03.2020 08:33:43.977 GMT-0500,12.412,12.337000000000002,0.0008,0.002
17.03.2020 08:33:44.647 GMT-0500,12.372,12.337000000000002,0.0008,0.002
17.03.2020 08:33:44.697 GMT-0500,12.412,12.338,0.002,0.002
17.03.2020 08:33:44.748 GMT-0500,12.403,12.337000000000002,0.002,0.002
17.03.2020 08:33:44.911 GMT-0500,12.403,12.337000000000002,0.0008,0.002
17.03.2020 08:33:44.961 GMT-0500,12.412,12.338,0.002,0.002
17.03.2020 08:33:45.012 GMT-0500,12.412,12.347000000000001,0.0008,0.002
17.03.2020 08:33:45.843 GMT-0500,12.392000000000001,12.347999999999999,0.0008,0.002
17.03.2020 08:33:45.893 GMT-0500,12.412,12.347000000000001,0.0008,0.002
17.03.2020 08:33:46.365 GMT-0500,12.402000000000001,12.337000000000002,0.0008,0.002
17.03.2020 08:33:46.487 GMT-0500,12.392000000000001,12.337000000000002,0.0008,0.002
17.03.2020 08:33:47.111 GMT-0500,12.382000000000001,12.338,0.0008,0.002
17.03.2020 08:33:47.213 GMT-0500,12.383,12.338,0.0008,0.0008
17.03.2020 08:33:47.264 GMT-0500,12.392000000000001,12.328,0.0008,0.0008
17.03.2020 08:33:47.629 GMT-0500,12.335,12.328,0.0008,0.0008
17.03.2020 08:33:47.679 GMT-0500,12.392000000000001,12.308,0.0008,0.0008
17.03.2020 08:33:48.132 GMT-0500,12.372,12.308,0.0008,0.002
17.03.2020 08:33:48.443 GMT-0500,12.363,12.307,0.0008,0.002
17.03.2020 08:33:48.742 GMT-0500,12.363,12.308,0.0008,0.0008
17.03.2020 08:33:48.792 GMT-0500,12.372,12.308,0.0008,0.0008
17.03.2020 08:33:49.612 GMT-0500,12.362,12.308,0.0008,0.0008
17.03.2020 08:33:49.758 GMT-0500,12.362,12.308,0.0008,0.002
17.03.2020 08:33:49.810 GMT-0500,12.372,12.318,0.0008,0.0008
17.03.2020 08:33:50.386 GMT-0500,12.363,12.307,0.0008,0.002
17.03.2020 08:33:50.437 GMT-0500,12.372,12.308,0.0008,0.0008
17.03.2020 08:33:50.955 GMT-0500,12.333,12.308,0.0008,0.0008
17.03.2020 08:33:51.445 GMT-0500,12.333,12.317,0.0008,0.0008
17.03.2020 08:33:51.495 GMT-0500,12.373,12.307,0.002,0.002
17.03.2020 08:33:53.686 GMT-0500,12.362,12.308,0.002,0.002
17.03.2020 08:33:53.876 GMT-0500,12.372,12.308,0.002,0.002
17.03.2020 08:33:53.985 GMT-0500,12.333,12.308,0.0008,0.0008
17.03.2020 08:33:54.035 GMT-0500,12.372,12.308,0.002,0.002
17.03.2020 08:33:54.922 GMT-0500,12.363,12.307,0.0008,0.002
17.03.2020 08:33:54.973 GMT-0500,12.372,12.307,0.0008,0.002
17.03.2020 08:33:55.443 GMT-0500,12.332,12.308,0.0008,0.002
17.03.2020 08:33:57.552 GMT-0500,12.373,12.307,0.002,0.002
17.03.2020 08:33:57.602 GMT-0500,12.333,12.307,0.002,0.002
17.03.2020 08:33:57.652 GMT-0500,12.322000000000001,12.277000000000001,0.0008,0.002
17.03.2020 08:33:57.703 GMT-0500,12.323,12.237,0.002,0.002
17.03.2020 08:33:58.227 GMT-0500,12.312000000000001,12.238,0.0008,0.002
17.03.2020 08:33:58.853 GMT-0500,12.313,12.295,0.002,0.0008
17.03.2020 08:33:58.904 GMT-0500,12.312000000000001,12.258,0.0008,0.0008
17.03.2020 08:33:59.252 GMT-0500,12.302000000000001,12.258,0.0008,0.002
17.03.2020 08:33:59.352 GMT-0500,12.302000000000001,12.237,0.0008,0.002
17.03.2020 08:33:59.438 GMT-0500,12.293,12.237,0.002,0.002
17.03.2020 08:33:59.489 GMT-0500,12.302000000000001,12.218,0.002,0.002
17.03.2020 08:33:59.588 GMT-0500,12.292000000000002,12.218,0.0008,0.002
17.03.2020 08:33:59.639 GMT-0500,12.302999999999999,12.217,0.002,0.002
17.03.2020 08:33:59.743 GMT-0500,12.293,12.217,0.0008,0.002
17.03.2020 08:33:59.851 GMT-0500,12.283,12.238,0.0008,0.0008
17.03.2020 08:33:59.952 GMT-0500,12.302000000000001,12.238,0.002,0.002
17.03.2020 08:34:00.671 GMT-0500,12.282,12.238,0.0008,0.002
17.03.2020 08:34:01.571 GMT-0500,12.282,12.238,0.0008,0.002
17.03.2020 08:34:02.343 GMT-0500,12.283,12.267000000000001,0.002,0.0008
17.03.2020 08:34:02.393 GMT-0500,12.283,12.237,0.002,0.002
17.03.2020 08:34:04.039 GMT-0500,12.282,12.237,0.0008,0.002
17.03.2020 08:34:04.140 GMT-0500,12.282,12.208,0.0008,0.0008
17.03.2020 08:34:04.381 GMT-0500,12.282,12.198,0.002,0.002
17.03.2020 08:34:04.699 GMT-0500,12.282,12.218,0.002,0.002
17.03.2020 08:34:04.954 GMT-0500,12.272,12.217,0.0008,0.002
17.03.2020 08:34:05.004 GMT-0500,12.282,12.218,0.0008,0.0008
17.03.2020 08:34:05.054 GMT-0500,12.283,12.227,0.002,0.002
17.03.2020 08:34:05.105 GMT-0500,12.282,12.217,0.0008,0.002
17.03.2020 08:34:06.754 GMT-0500,12.283,12.217,0.002,0.002
17.03.2020 08:34:06.804 GMT-0500,12.283,12.227,0.002,0.002
17.03.2020 08:34:08.846 GMT-0500,12.272,12.218,0.0008,0.002
17.03.2020 08:34:09.260 GMT-0500,12.273,12.217,0.002,0.002
17.03.2020 08:34:11.237 GMT-0500,12.262,12.247,0.0008,0.0008
17.03.2020 08:34:11.287 GMT-0500,12.273,12.217,0.002,0.002
17.03.2020 08:34:12.026 GMT-0500,12.252,12.218,0.0008,0.002
17.03.2020 08:34:12.076 GMT-0500,12.262,12.218,0.002,0.002
17.03.2020 08:34:12.527 GMT-0500,12.272,12.217,0.0008,0.002
17.03.2020 08:34:12.737 GMT-0500,12.235,12.218,0.0008,0.002
17.03.2020 08:34:13.695 GMT-0500,12.233,12.217,0.002,0.002
17.03.2020 08:34:13.960 GMT-0500,12.232000000000001,12.218,0.0008,0.0008
17.03.2020 08:34:15.941 GMT-0500,12.233,12.217,0.002,0.002
17.03.2020 08:34:16.250 GMT-0500,12.233,12.197000000000001,0.002,0.002
17.03.2020 08:34:16.358 GMT-0500,12.233,12.197000000000001,0.002,0.002
17.03.2020 08:34:16.509 GMT-0500,12.232000000000001,12.207,0.0008,0.002
17.03.2020 08:34:16.891 GMT-0500,12.233,12.207,0.002,0.002
17.03.2020 08:34:17.047 GMT-0500,12.222999999999999,12.208,0.0008,0.0008
17.03.2020 08:34:17.098 GMT-0500,12.232000000000001,12.208,0.0008,0.0008
17.03.2020 08:34:17.281 GMT-0500,12.222000000000001,12.198,0.0008,0.002
17.03.2020 08:34:17.331 GMT-0500,12.233,12.197000000000001,0.002,0.002
17.03.2020 08:34:18.278 GMT-0500,12.232000000000001,12.198,0.0008,0.0008
17.03.2020 08:34:18.328 GMT-0500,12.222000000000001,12.198,0.002,0.002
17.03.2020 08:34:19.858 GMT-0500,12.222000000000001,12.177999999999999,0.0008,0.0008
17.03.2020 08:34:20.758 GMT-0500,12.222999999999999,12.197000000000001,0.002,0.002
17.03.2020 08:34:21.068 GMT-0500,12.213,12.197000000000001,0.0008,0.002
17.03.2020 08:34:21.119 GMT-0500,12.222000000000001,12.198,0.0008,0.0008
17.03.2020 08:34:21.728 GMT-0500,12.213,12.198,0.0008,0.0008
17.03.2020 08:34:22.981 GMT-0500,12.213,12.197000000000001,0.002,0.002
17.03.2020 08:34:24.569 GMT-0500,12.212000000000002,12.197000000000001,0.0008,0.0008
17.03.2020 08:34:24.619 GMT-0500,12.212000000000002,12.177999999999999,0.002,0.002
17.03.2020 08:34:25.363 GMT-0500,12.242,12.177999999999999,0.0008,0.0008
17.03.2020 08:34:26.126 GMT-0500,12.232000000000001,12.177000000000001,0.0008,0.002
17.03.2020 08:34:26.227 GMT-0500,12.242,12.177999999999999,0.002,0.002
17.03.2020 08:34:26.417 GMT-0500,12.203,12.177999999999999,0.0008,0.0008
17.03.2020 08:34:28.192 GMT-0500,12.203,12.177000000000001,0.002,0.002
17.03.2020 08:34:28.537 GMT-0500,12.193,12.177000000000001,0.0008,0.002
17.03.2020 08:34:28.719 GMT-0500,12.192,12.177999999999999,0.0008,0.0008
17.03.2020 08:34:36.247 GMT-0500,12.193,12.177000000000001,0.002,0.002
17.03.2020 08:34:36.533 GMT-0500,12.192,12.177999999999999,0.0008,0.0008
17.03.2020 08:34:38.996 GMT-0500,12.193,12.147,0.002,0.002
17.03.2020 08:34:39.047 GMT-0500,12.182,12.148,0.002,0.002
17.03.2020 08:34:40.243 GMT-0500,12.182,12.148,0.0008,0.002
17.03.2020 08:34:41.558 GMT-0500,12.182,12.168,0.002,0.0008
17.03.2020 08:34:41.609 GMT-0500,12.182,12.148,0.0008,0.0008
17.03.2020 08:34:42.181 GMT-0500,12.183,12.157,0.002,0.0008
17.03.2020 08:34:42.497 GMT-0500,12.182,12.157,0.0008,0.002
17.03.2020 08:34:42.758 GMT-0500,12.173,12.157,0.002,0.002
17.03.2020 08:34:44.236 GMT-0500,12.172,12.158,0.0008,0.0008
17.03.2020 08:34:44.414 GMT-0500,12.173,12.157,0.002,0.002
17.03.2020 08:34:45.738 GMT-0500,12.172,12.158,0.0008,0.0008
17.03.2020 08:34:45.854 GMT-0500,12.173,12.157,0.002,0.002
17.03.2020 08:34:45.905 GMT-0500,12.173,12.147,0.002,0.002
17.03.2020 08:34:45.972 GMT-0500,12.173,12.147,0.002,0.002
17.03.2020 08:34:46.138 GMT-0500,12.172,12.158,0.0008,0.0008
17.03.2020 08:34:46.188 GMT-0500,12.172,12.148,0.002,0.002
17.03.2020 08:34:46.860 GMT-0500,12.162,12.147,0.0008,0.002
17.03.2020 08:34:47.663 GMT-0500,12.163,12.147,0.002,0.002
17.03.2020 08:34:48.228 GMT-0500,12.162,12.147,0.0008,0.002
17.03.2020 08:34:50.331 GMT-0500,12.163,12.147,0.002,0.002
17.03.2020 08:34:50.952 GMT-0500,12.162,12.147,0.0008,0.002
17.03.2020 08:34:51.358 GMT-0500,12.163,12.127,0.002,0.002
17.03.2020 08:34:51.576 GMT-0500,12.162,12.127,0.0008,0.002
17.03.2020 08:34:51.835 GMT-0500,12.152000000000001,12.128,0.002,0.002
17.03.2020 08:34:52.010 GMT-0500,12.152000000000001,12.137,0.0008,0.002
17.03.2020 08:34:52.159 GMT-0500,12.152000000000001,12.128,0.0008,0.0008
17.03.2020 08:34:52.439 GMT-0500,12.152000000000001,12.128,0.002,0.002
17.03.2020 08:34:52.744 GMT-0500,12.153,12.137,0.002,0.002
17.03.2020 08:34:53.416 GMT-0500,12.152000000000001,12.138,0.0008,0.0008
17.03.2020 08:34:53.467 GMT-0500,12.152000000000001,12.128,0.002,0.002
17.03.2020 08:34:54.465 GMT-0500,12.143,12.097000000000001,0.0008,0.002
17.03.2020 08:34:54.516 GMT-0500,12.152000000000001,12.078,0.0008,0.0008
17.03.2020 08:34:54.978 GMT-0500,12.153,12.077,0.002,0.002
17.03.2020 08:34:55.057 GMT-0500,12.153,12.077,0.002,0.002
17.03.2020 08:34:55.158 GMT-0500,12.152000000000001,12.077,0.0008,0.002
17.03.2020 08:34:55.396 GMT-0500,12.152000000000001,12.118,0.002,0.002
17.03.2020 08:34:55.507 GMT-0500,12.152000000000001,12.078,0.002,0.002
17.03.2020 08:34:55.740 GMT-0500,12.122,12.078,0.0008,0.0008
17.03.2020 08:34:55.850 GMT-0500,12.123,12.077,0.002,0.002
17.03.2020 08:34:56.082 GMT-0500,12.122,12.018,0.0008,0.0008
17.03.2020 08:34:56.133 GMT-0500,12.122,12.037,0.0008,0.002
17.03.2020 08:34:56.530 GMT-0500,12.123,12.037,0.002,0.002
17.03.2020 08:34:56.705 GMT-0500,12.113,12.057,0.0008,0.002
17.03.2020 08:34:57.193 GMT-0500,12.113,12.067,0.002,0.002
17.03.2020 08:34:57.328 GMT-0500,12.112,12.058,0.0008,0.0008
17.03.2020 08:34:57.801 GMT-0500,12.112,12.058,0.0008,0.002
17.03.2020 08:34:57.922 GMT-0500,12.113,12.067,0.002,0.0008
17.03.2020 08:34:57.972 GMT-0500,12.113,12.057,0.002,0.002
17.03.2020 08:34:58.087 GMT-0500,12.112,12.058,0.0008,0.0008
17.03.2020 08:34:59.271 GMT-0500,12.113,12.057,0.002,0.002
17.03.2020 08:35:00.554 GMT-0500,12.112,12.068,0.0008,0.0008
17.03.2020 08:35:01.727 GMT-0500,12.113,12.067,0.002,0.002
17.03.2020 08:35:03.460 GMT-0500,12.112,12.097999999999999,0.0008,0.0008
17.03.2020 08:35:03.620 GMT-0500,12.113,12.097000000000001,0.002,0.002
17.03.2020 08:35:04.864 GMT-0500,12.112,12.097999999999999,0.0008,0.0008
17.03.2020 08:35:04.964 GMT-0500,12.112,12.057,0.0008,0.002
17.03.2020 08:35:05.014 GMT-0500,12.113,12.097000000000001,0.002,0.002
17.03.2020 08:35:05.065 GMT-0500,12.112,12.057,0.0008,0.002
17.03.2020 08:35:05.150 GMT-0500,12.102,12.058,0.0008,0.002
17.03.2020 08:35:05.295 GMT-0500,12.103,12.057,0.002,0.002
17.03.2020 08:35:06.159 GMT-0500,12.102,12.08,0.002,0.0008
17.03.2020 08:35:06.210 GMT-0500,12.102,12.067,0.0008,0.002
17.03.2020 08:35:06.651 GMT-0500,12.082,12.028,0.0008,0.002
17.03.2020 08:35:07.614 GMT-0500,12.083,12.027000000000001,0.0008,0.002
17.03.2020 08:35:07.665 GMT-0500,12.102,12.067,0.0008,0.002
17.03.2020 08:35:08.051 GMT-0500,12.103,12.027000000000001,0.002,0.002
17.03.2020 08:35:08.146 GMT-0500,12.103,12.037,0.002,0.0008
17.03.2020 08:35:08.292 GMT-0500,12.102,12.037,0.0008,0.0008
17.03.2020 08:35:08.343 GMT-0500,12.102,12.028,0.002,0.002
17.03.2020 08:35:08.680 GMT-0500,12.102,12.067,0.0008,0.0008
17.03.2020 08:35:09.325 GMT-0500,12.082,12.065,0.002,0.0008
17.03.2020 08:35:09.375 GMT-0500,12.062000000000001,12.007000000000001,0.0008,0.002
17.03.2020 08:35:09.659 GMT-0500,12.092,12.007000000000001,0.0008,0.002
17.03.2020 08:35:09.715 GMT-0500,12.063,12.007000000000001,0.0008,0.002
17.03.2020 08:35:09.833 GMT-0500,12.062000000000001,12.008,0.0008,0.0008
17.03.2020 08:35:10.185 GMT-0500,12.102,12.007000000000001,0.0008,0.002
17.03.2020 08:35:10.236 GMT-0500,12.092,12.048,0.0008,0.0008
17.03.2020 08:35:10.998 GMT-0500,12.122,12.097000000000001,0.0008,0.002
17.03.2020 08:35:11.048 GMT-0500,12.142000000000001,12.097999999999999,0.0008,0.0008
17.03.2020 08:35:11.288 GMT-0500,12.142000000000001,12.118,0.002,0.002
17.03.2020 08:35:11.485 GMT-0500,12.162,12.138,0.0008,0.0008
17.03.2020 08:35:11.586 GMT-0500,12.232000000000001,12.157,0.0008,0.002
17.03.2020 08:35:11.637 GMT-0500,12.232000000000001,12.177000000000001,0.0008,0.002
17.03.2020 08:35:11.836 GMT-0500,12.232000000000001,12.198,0.0008,0.0008
17.03.2020 08:35:11.943 GMT-0500,12.243,12.207,0.002,0.002
17.03.2020 08:35:12.043 GMT-0500,12.242,12.208,0.0008,0.0008
17.03.2020 08:35:12.094 GMT-0500,12.232000000000001,12.198,0.002,0.002
17.03.2020 08:35:12.341 GMT-0500,12.232000000000001,12.167000000000002,0.0008,0.002
17.03.2020 08:35:12.392 GMT-0500,12.232000000000001,12.147,0.0008,0.002
17.03.2020 08:35:12.492 GMT-0500,12.222000000000001,12.207,0.0008,0.002
17.03.2020 08:35:12.601 GMT-0500,12.222000000000001,12.200000000000001,0.0008,0.0008
17.03.2020 08:35:12.651 GMT-0500,12.222999999999999,12.147,0.002,0.002
17.03.2020 08:35:12.702 GMT-0500,12.222000000000001,12.177999999999999,0.0008,0.0008
17.03.2020 08:35:12.847 GMT-0500,12.222999999999999,12.147,0.002,0.002
17.03.2020 08:35:12.913 GMT-0500,12.193,12.147,0.0008,0.002
17.03.2020 08:35:12.963 GMT-0500,12.192,12.137,0.0008,0.002
17.03.2020 08:35:13.130 GMT-0500,12.182,12.137,0.0008,0.002
17.03.2020 08:35:13.327 GMT-0500,12.162,12.137,0.0008,0.0008
17.03.2020 08:35:13.378 GMT-0500,12.162,12.127,0.0008,0.002
17.03.2020 08:35:13.602 GMT-0500,12.163,12.127,0.0008,0.002
17.03.2020 08:35:13.653 GMT-0500,12.202,12.148,0.002,0.002
17.03.2020 08:35:13.977 GMT-0500,12.173,12.147,0.002,0.002
17.03.2020 08:35:14.028 GMT-0500,12.213,12.147,0.002,0.002
17.03.2020 08:35:14.128 GMT-0500,12.212000000000002,12.168,0.002,0.002
17.03.2020 08:35:14.239 GMT-0500,12.213,12.167000000000002,0.002,0.002
17.03.2020 08:35:14.466 GMT-0500,12.213,12.167000000000002,0.0008,0.002
17.03.2020 08:35:14.517 GMT-0500,12.252,12.207,0.0008,0.002
17.03.2020 08:35:14.618 GMT-0500,12.253,12.207,0.002,0.002
17.03.2020 08:35:14.671 GMT-0500,12.253,12.207,0.002,0.002
17.03.2020 08:35:14.881 GMT-0500,12.255,12.227,0.0008,0.002
17.03.2020 08:35:14.931 GMT-0500,12.302000000000001,12.238,0.0008,0.0008
17.03.2020 08:35:14.982 GMT-0500,12.292000000000002,12.238,0.002,0.002
17.03.2020 08:35:15.132 GMT-0500,12.292000000000002,12.247,0.0008,0.002
17.03.2020 08:35:15.375 GMT-0500,12.292000000000002,12.208,0.0008,0.0008
17.03.2020 08:35:15.911 GMT-0500,12.292000000000002,12.208,0.002,0.002
17.03.2020 08:35:16.141 GMT-0500,12.292000000000002,12.238,0.0008,0.002
17.03.2020 08:35:16.191 GMT-0500,12.292000000000002,12.238,0.0008,0.0008
17.03.2020 08:35:16.242 GMT-0500,12.293,12.207,0.002,0.002
17.03.2020 08:35:16.536 GMT-0500,12.282,12.207,0.0008,0.002
17.03.2020 08:35:16.690 GMT-0500,12.282,12.218,0.002,0.0008
17.03.2020 08:35:16.791 GMT-0500,12.282,12.208,0.0008,0.0008
17.03.2020 08:35:16.883 GMT-0500,12.282,12.208,0.002,0.002
17.03.2020 08:35:17.220 GMT-0500,12.282,12.207,0.0008,0.002
17.03.2020 08:35:17.373 GMT-0500,12.282,12.228,0.002,0.0008
17.03.2020 08:35:17.485 GMT-0500,12.282,12.237,0.0008,0.002
17.03.2020 08:35:17.637 GMT-0500,12.282,12.237,0.0008,0.002
17.03.2020 08:35:18.011 GMT-0500,12.282,12.238,0.0008,0.0008
17.03.2020 08:35:18.937 GMT-0500,12.282,12.228,0.002,0.002
17.03.2020 08:35:19.387 GMT-0500,12.262,12.228,0.0008,0.002
17.03.2020 08:35:19.438 GMT-0500,12.292000000000002,12.227,0.0008,0.002
17.03.2020 08:35:19.538 GMT-0500,12.302999999999999,12.227,0.002,0.002
17.03.2020 08:35:20.412 GMT-0500,12.292000000000002,12.227,0.0008,0.002
17.03.2020 08:35:20.462 GMT-0500,12.302000000000001,12.227,0.0008,0.002
17.03.2020 08:35:20.960 GMT-0500,12.282,12.227,0.0008,0.002
17.03.2020 08:35:22.583 GMT-0500,12.272,12.228,0.0008,0.0008
17.03.2020 08:35:22.699 GMT-0500,12.273,12.228,0.0008,0.0008
17.03.2020 08:35:22.749 GMT-0500,12.282,12.228,0.0008,0.0008
17.03.2020 08:35:22.931 GMT-0500,12.282,12.247,0.0008,0.0008
17.03.2020 08:35:22.982 GMT-0500,12.302999999999999,12.237,0.002,0.002
17.03.2020 08:35:23.242 GMT-0500,12.292000000000002,12.227,0.0008,0.002
17.03.2020 08:35:23.597 GMT-0500,12.293,12.227,0.002,0.002
17.03.2020 08:35:23.748 GMT-0500,12.292000000000002,12.227,0.0008,0.002
17.03.2020 08:35:23.898 GMT-0500,12.302999999999999,12.237,0.002,0.002
17.03.2020 08:35:23.949 GMT-0500,12.302000000000001,12.227,0.0008,0.002
17.03.2020 08:35:24.009 GMT-0500,12.302000000000001,12.238,0.002,0.0008
17.03.2020 08:35:24.160 GMT-0500,12.302000000000001,12.228,0.002,0.002
17.03.2020 08:35:24.272 GMT-0500,12.302000000000001,12.228,0.0008,0.002
17.03.2020 08:35:24.372 GMT-0500,12.302000000000001,12.227,0.0008,0.002
17.03.2020 08:35:24.977 GMT-0500,12.302999999999999,12.237,0.002,0.0008
17.03.2020 08:35:25.081 GMT-0500,12.302000000000001,12.237,0.0008,0.0008
17.03.2020 08:35:25.131 GMT-0500,12.302999999999999,12.227,0.002,0.002
17.03.2020 08:35:25.461 GMT-0500,12.302000000000001,12.227,0.0008,0.002
17.03.2020 08:35:25.608 GMT-0500,12.302000000000001,12.277000000000001,0.0008,0.002
17.03.2020 08:35:25.708 GMT-0500,12.302000000000001,12.268,0.002,0.002
17.03.2020 08:35:25.869 GMT-0500,12.302999999999999,12.267000000000001,0.0008,0.002
17.03.2020 08:35:25.919 GMT-0500,12.302000000000001,12.268,0.002,0.002
17.03.2020 08:35:25.970 GMT-0500,12.292000000000002,12.268,0.002,0.002
17.03.2020 08:35:26.551 GMT-0500,12.293,12.267000000000001,0.002,0.002
17.03.2020 08:35:27.279 GMT-0500,12.292000000000002,12.268,0.0008,0.0008
17.03.2020 08:35:28.660 GMT-0500,12.293,12.267000000000001,0.002,0.002
17.03.2020 08:35:28.779 GMT-0500,12.292000000000002,12.267000000000001,0.0008,0.002
17.03.2020 08:35:31.804 GMT-0500,12.282,12.267000000000001,0.0008,0.0008
17.03.2020 08:35:31.855 GMT-0500,12.302999999999999,12.237,0.002,0.002
17.03.2020 08:35:32.061 GMT-0500,12.302000000000001,12.228,0.0008,0.002
17.03.2020 08:35:32.112 GMT-0500,12.302000000000001,12.228,0.002,0.002
17.03.2020 08:35:32.230 GMT-0500,12.282,12.228,0.002,0.002
17.03.2020 08:35:32.331 GMT-0500,12.292000000000002,12.228,0.002,0.002
17.03.2020 08:35:32.548 GMT-0500,12.302999999999999,12.227,0.002,0.002
17.03.2020 08:35:32.762 GMT-0500,12.292000000000002,12.227,0.0008,0.002
17.03.2020 08:35:32.982 GMT-0500,12.292000000000002,12.238,0.002,0.0008
17.03.2020 08:35:33.367 GMT-0500,12.282,12.238,0.0008,0.0008
17.03.2020 08:35:33.447 GMT-0500,12.292000000000002,12.238,0.0008,0.0008
17.03.2020 08:35:33.540 GMT-0500,12.292000000000002,12.238,0.0008,0.002
17.03.2020 08:35:33.591 GMT-0500,12.302000000000001,12.248,0.002,0.002
17.03.2020 08:35:34.003 GMT-0500,12.302000000000001,12.238,0.002,0.002
17.03.2020 08:35:34.325 GMT-0500,12.292000000000002,12.238,0.0008,0.002
17.03.2020 08:35:34.948 GMT-0500,12.302999999999999,12.247,0.002,0.002
17.03.2020 08:35:35.017 GMT-0500,12.293,12.247,0.0008,0.0008
17.03.2020 08:35:35.068 GMT-0500,12.302000000000001,12.238,0.002,0.002
17.03.2020 08:35:35.948 GMT-0500,12.293,12.237,0.002,0.002
17.03.2020 08:35:36.062 GMT-0500,12.283,12.237,0.0008,0.002
17.03.2020 08:35:36.112 GMT-0500,12.293,12.237,0.002,0.002
17.03.2020 08:35:36.761 GMT-0500,12.283,12.237,0.0008,0.002
17.03.2020 08:35:36.861 GMT-0500,12.293,12.237,0.002,0.002
17.03.2020 08:35:37.393 GMT-0500,12.282,12.238,0.0008,0.0008
17.03.2020 08:35:37.561 GMT-0500,12.292000000000002,12.238,0.002,0.002
17.03.2020 08:35:38.460 GMT-0500,12.283,12.237,0.0008,0.002
17.03.2020 08:35:38.593 GMT-0500,12.283,12.237,0.0008,0.002
17.03.2020 08:35:38.643 GMT-0500,12.293,12.237,0.002,0.002
17.03.2020 08:35:38.896 GMT-0500,12.253,12.228,0.0008,0.002
17.03.2020 08:35:38.946 GMT-0500,12.252,12.228,0.0008,0.0008
17.03.2020 08:35:38.997 GMT-0500,12.292000000000002,12.228,0.0008,0.0008
17.03.2020 08:35:39.086 GMT-0500,12.282,12.227,0.0008,0.002
17.03.2020 08:35:40.281 GMT-0500,12.273,12.227,0.002,0.002
17.03.2020 08:35:40.528 GMT-0500,12.273,12.227,0.0008,0.002
17.03.2020 08:35:40.579 GMT-0500,12.282,12.227,0.0008,0.002
17.03.2020 08:35:41.654 GMT-0500,12.253,12.217,0.0008,0.002
17.03.2020 08:35:41.704 GMT-0500,12.282,12.217,0.0008,0.002
17.03.2020 08:35:42.186 GMT-0500,12.272,12.218,0.0008,0.0008
17.03.2020 08:35:42.328 GMT-0500,12.262,12.218,0.002,0.002
17.03.2020 08:35:42.379 GMT-0500,12.272,12.217,0.0008,0.002
17.03.2020 08:35:42.965 GMT-0500,12.273,12.167000000000002,0.002,0.002
17.03.2020 08:35:43.018 GMT-0500,12.272,12.158,0.0008,0.0008
17.03.2020 08:35:43.169 GMT-0500,12.273,12.197000000000001,0.002,0.002
17.03.2020 08:35:43.219 GMT-0500,12.273,12.157,0.002,0.002
17.03.2020 08:35:43.344 GMT-0500,12.272,12.158,0.0008,0.0008
17.03.2020 08:35:43.463 GMT-0500,12.263,12.158,0.0008,0.0008
17.03.2020 08:35:43.514 GMT-0500,12.263,12.147,0.002,0.002
17.03.2020 08:35:43.674 GMT-0500,12.262,12.148,0.0008,0.0008
17.03.2020 08:35:43.725 GMT-0500,12.262,12.158,0.0008,0.0008
17.03.2020 08:35:43.831 GMT-0500,12.262,12.158,0.0008,0.002
17.03.2020 08:35:44.177 GMT-0500,12.262,12.198,0.002,0.0008
17.03.2020 08:35:44.227 GMT-0500,12.262,12.167000000000002,0.0008,0.002
17.03.2020 08:35:44.378 GMT-0500,12.262,12.158,0.0008,0.0008
17.03.2020 08:35:45.421 GMT-0500,12.262,12.158,0.0008,0.002
17.03.2020 08:35:45.631 GMT-0500,12.253,12.198,0.0008,0.0008
17.03.2020 08:35:45.732 GMT-0500,12.262,12.198,0.0008,0.0008
17.03.2020 08:35:45.906 GMT-0500,12.263,12.157,0.002,0.002
17.03.2020 08:35:47.235 GMT-0500,12.272,12.208,0.002,0.002
17.03.2020 08:35:47.387 GMT-0500,12.282,12.207,0.0008,0.002
17.03.2020 08:35:47.510 GMT-0500,12.282,12.228,0.002,0.0008
17.03.2020 08:35:48.022 GMT-0500,12.273,12.228,0.0008,0.0008
17.03.2020 08:35:48.072 GMT-0500,12.282,12.228,0.002,0.002
17.03.2020 08:35:48.237 GMT-0500,12.282,12.237,0.0008,0.0008
17.03.2020 08:35:48.287 GMT-0500,12.282,12.207,0.0008,0.002
17.03.2020 08:35:48.514 GMT-0500,12.282,12.207,0.0008,0.002
17.03.2020 08:35:48.844 GMT-0500,12.282,12.208,0.002,0.002
17.03.2020 08:35:48.961 GMT-0500,12.272,12.208,0.0008,0.002
17.03.2020 08:35:49.062 GMT-0500,12.283,12.207,0.002,0.002
17.03.2020 08:35:49.451 GMT-0500,12.283,12.207,0.0008,0.002
17.03.2020 08:35:49.502 GMT-0500,12.292000000000002,12.208,0.002,0.002
17.03.2020 08:35:49.977 GMT-0500,12.262,12.208,0.0008,0.0008
17.03.2020 08:35:50.353 GMT-0500,12.253,12.208,0.0008,0.0008
17.03.2020 08:35:50.454 GMT-0500,12.263,12.207,0.002,0.002
17.03.2020 08:35:51.603 GMT-0500,12.262,12.208,0.002,0.002
17.03.2020 08:35:52.313 GMT-0500,12.263,12.167000000000002,0.002,0.002
17.03.2020 08:35:52.366 GMT-0500,12.263,12.197000000000001,0.002,0.0008
17.03.2020 08:35:52.767 GMT-0500,12.253,12.197000000000001,0.0008,0.002
17.03.2020 08:35:52.867 GMT-0500,12.262,12.198,0.0008,0.0008
17.03.2020 08:35:53.965 GMT-0500,12.253,12.197000000000001,0.0008,0.002
17.03.2020 08:35:54.065 GMT-0500,12.263,12.197000000000001,0.002,0.002
17.03.2020 08:35:54.735 GMT-0500,12.218,12.197000000000001,0.0008,0.002
17.03.2020 08:35:55.544 GMT-0500,12.212000000000002,12.148,0.002,0.002
17.03.2020 08:35:56.030 GMT-0500,12.213,12.127,0.002,0.002
17.03.2020 08:35:56.560 GMT-0500,12.212000000000002,12.127,0.0008,0.002
17.03.2020 08:35:56.713 GMT-0500,12.212000000000002,12.167000000000002,0.0008,0.0008
17.03.2020 08:35:59.626 GMT-0500,12.212000000000002,12.167000000000002,0.0008,0.002
17.03.2020 08:36:02.696 GMT-0500,12.192,12.168,0.0008,0.002
17.03.2020 08:36:02.747 GMT-0500,12.212000000000002,12.167000000000002,0.0008,0.002
17.03.2020 08:36:02.859 GMT-0500,12.212000000000002,12.128,0.002,0.002
17.03.2020 08:36:02.977 GMT-0500,12.212000000000002,12.137,0.0008,0.002
17.03.2020 08:36:03.078 GMT-0500,12.213,12.127,0.002,0.002
17.03.2020 08:36:03.657 GMT-0500,12.182,12.127,0.0008,0.002
17.03.2020 08:36:03.708 GMT-0500,12.213,12.127,0.002,0.002
17.03.2020 08:36:04.061 GMT-0500,12.213,12.127,0.002,0.002
17.03.2020 08:36:04.649 GMT-0500,12.212000000000002,12.168,0.0008,0.0008
17.03.2020 08:36:04.906 GMT-0500,12.212000000000002,12.128,0.0008,0.002
17.03.2020 08:36:04.957 GMT-0500,12.212000000000002,12.128,0.002,0.002
17.03.2020 08:36:05.353 GMT-0500,12.212000000000002,12.158,0.002,0.0008
17.03.2020 08:36:05.627 GMT-0500,12.212000000000002,12.128,0.002,0.002
17.03.2020 08:36:06.122 GMT-0500,12.212000000000002,12.157,0.0008,0.0008
17.03.2020 08:36:06.229 GMT-0500,12.213,12.157,0.002,0.002
17.03.2020 08:36:07.207 GMT-0500,12.212000000000002,12.158,0.0008,0.0008
17.03.2020 08:36:07.308 GMT-0500,12.202,12.157,0.0008,0.002
17.03.2020 08:36:07.446 GMT-0500,12.172,12.158,0.0008,0.0008
17.03.2020 08:36:07.901 GMT-0500,12.212000000000002,12.167000000000002,0.0008,0.002
17.03.2020 08:36:07.952 GMT-0500,12.213,12.177000000000001,0.002,0.002
17.03.2020 08:36:08.585 GMT-0500,12.212000000000002,12.177999999999999,0.0008,0.002
17.03.2020 08:36:10.085 GMT-0500,12.212000000000002,12.198,0.0008,0.002
17.03.2020 08:36:10.136 GMT-0500,12.222000000000001,12.197000000000001,0.0008,0.002
17.03.2020 08:36:10.303 GMT-0500,12.222000000000001,12.188,0.002,0.002
17.03.2020 08:36:10.778 GMT-0500,12.212000000000002,12.177999999999999,0.0008,0.002
17.03.2020 08:36:10.829 GMT-0500,12.212000000000002,12.177999999999999,0.002,0.002
17.03.2020 08:36:11.141 GMT-0500,12.212000000000002,12.177999999999999,0.0008,0.002
17.03.2020 08:36:11.192 GMT-0500,12.222000000000001,12.187000000000001,0.0008,0.002
17.03.2020 08:36:11.293 GMT-0500,12.222000000000001,12.197000000000001,0.0008,0.002
17.03.2020 08:36:12.149 GMT-0500,12.222999999999999,12.197000000000001,0.002,0.0008
17.03.2020 08:36:12.199 GMT-0500,12.222000000000001,12.188,0.0008,0.0008
17.03.2020 08:36:12.294 GMT-0500,12.222000000000001,12.188,0.0008,0.002
17.03.2020 08:36:13.850 GMT-0500,12.222999999999999,12.197000000000001,0.002,0.002
17.03.2020 08:36:14.247 GMT-0500,12.222000000000001,12.197000000000001,0.0008,0.002
17.03.2020 08:36:14.297 GMT-0500,12.203,12.147,0.002,0.002
17.03.2020 08:36:14.809 GMT-0500,12.202,12.127,0.0008,0.002
17.03.2020 08:36:14.947 GMT-0500,12.202,12.127,0.0008,0.002
17.03.2020 08:36:15.381 GMT-0500,12.202,12.118,0.002,0.002
17.03.2020 08:36:15.951 GMT-0500,12.202,12.118,0.0008,0.002
17.03.2020 08:36:17.375 GMT-0500,12.202,12.128,0.002,0.002
17.03.2020 08:36:17.528 GMT-0500,12.202,12.157,0.0008,0.002
17.03.2020 08:36:20.999 GMT-0500,12.202,12.158,0.002,0.002
17.03.2020 08:36:21.417 GMT-0500,12.202,12.177000000000001,0.0008,0.002
17.03.2020 08:36:22.634 GMT-0500,12.222999999999999,12.187000000000001,0.002,0.002
17.03.2020 08:36:23.595 GMT-0500,12.222000000000001,12.188,0.0008,0.0008
17.03.2020 08:36:23.711 GMT-0500,12.222999999999999,12.187000000000001,0.002,0.002
17.03.2020 08:36:23.762 GMT-0500,12.222999999999999,12.197000000000001,0.002,0.002
17.03.2020 08:36:25.834 GMT-0500,12.222000000000001,12.197000000000001,0.0008,0.002
17.03.2020 08:36:27.581 GMT-0500,12.222999999999999,12.197000000000001,0.002,0.002
17.03.2020 08:36:28.114 GMT-0500,12.23,12.218,0.0008,0.0008
17.03.2020 08:36:28.164 GMT-0500,12.222000000000001,12.198,0.002,0.002
17.03.2020 08:36:28.656 GMT-0500,12.213,12.187000000000001,0.0008,0.002
17.03.2020 08:36:28.706 GMT-0500,12.212000000000002,12.188,0.002,0.002
17.03.2020 08:36:28.976 GMT-0500,12.193,12.188,0.0008,0.0008
17.03.2020 08:36:29.027 GMT-0500,12.193,12.167000000000002,0.002,0.002
17.03.2020 08:36:29.208 GMT-0500,12.192,12.168,0.0008,0.0008
17.03.2020 08:36:30.523 GMT-0500,12.212000000000002,12.188,0.0008,0.0008
17.03.2020 08:36:30.655 GMT-0500,12.213,12.167000000000002,0.002,0.002
17.03.2020 08:36:30.706 GMT-0500,12.213,12.177000000000001,0.002,0.002
17.03.2020 08:36:31.227 GMT-0500,12.202,12.177000000000001,0.0008,0.002
17.03.2020 08:36:31.328 GMT-0500,12.253,12.177000000000001,0.002,0.002
17.03.2020 08:36:31.504 GMT-0500,12.203,12.177000000000001,0.0008,0.002
17.03.2020 08:36:31.640 GMT-0500,12.202,12.167000000000002,0.0008,0.002
17.03.2020 08:36:31.690 GMT-0500,12.203,12.167000000000002,0.002,0.002
17.03.2020 08:36:31.918 GMT-0500,12.203,12.157,0.002,0.002
17.03.2020 08:36:32.478 GMT-0500,12.202,12.157,0.0008,0.002
17.03.2020 08:36:32.908 GMT-0500,12.192,12.177999999999999,0.0008,0.002
17.03.2020 08:36:33.841 GMT-0500,12.203,12.177000000000001,0.002,0.002
17.03.2020 08:36:33.891 GMT-0500,12.193,12.177000000000001,0.002,0.002
17.03.2020 08:36:34.000 GMT-0500,12.182,12.158,0.0008,0.0008
17.03.2020 08:36:34.392 GMT-0500,12.172,12.158,0.0008,0.002
17.03.2020 08:36:34.554 GMT-0500,12.173,12.157,0.002,0.002
17.03.2020 08:36:34.605 GMT-0500,12.182,12.158,0.0008,0.0008
17.03.2020 08:36:35.218 GMT-0500,12.173,12.157,0.0008,0.002
17.03.2020 08:36:35.269 GMT-0500,12.192,12.158,0.002,0.002
17.03.2020 08:36:35.839 GMT-0500,12.192,12.158,0.002,0.002
17.03.2020 08:36:36.301 GMT-0500,12.203,12.167000000000002,0.002,0.002
17.03.2020 08:36:37.753 GMT-0500,12.203,12.157,0.002,0.002
17.03.2020 08:36:37.804 GMT-0500,12.202,12.168,0.002,0.002
17.03.2020 08:36:39.805 GMT-0500,12.182,12.168,0.0008,0.002
17.03.2020 08:36:40.200 GMT-0500,12.203,12.167000000000002,0.002,0.002
17.03.2020 08:36:41.251 GMT-0500,12.183,12.167000000000002,0.0008,0.002
17.03.2020 08:36:41.953 GMT-0500,12.182,12.167000000000002,0.0008,0.0008
17.03.2020 08:36:42.304 GMT-0500,12.172,12.158,0.0008,0.0008
17.03.2020 08:36:44.348 GMT-0500,12.173,12.157,0.002,0.002
17.03.2020 08:36:45.231 GMT-0500,12.172,12.118,0.0008,0.0008
17.03.2020 08:36:45.281 GMT-0500,12.162,12.118,0.0008,0.0008
17.03.2020 08:36:46.283 GMT-0500,12.162,12.118,0.0008,0.002
17.03.2020 08:36:47.850 GMT-0500,12.162,12.147,0.002,0.0008
17.03.2020 08:36:47.900 GMT-0500,12.162,12.118,0.002,0.002
17.03.2020 08:36:49.027 GMT-0500,12.163,12.117,0.002,0.002
17.03.2020 08:36:51.689 GMT-0500,12.163,12.117,0.002,0.002
17.03.2020 08:36:51.790 GMT-0500,12.152000000000001,12.117,0.0008,0.002
17.03.2020 08:36:51.890 GMT-0500,12.162,12.128,0.0008,0.0008
17.03.2020 08:36:52.220 GMT-0500,12.163,12.127,0.002,0.002
17.03.2020 08:36:52.330 GMT-0500,12.162,12.128,0.002,0.002
17.03.2020 08:36:53.468 GMT-0500,12.162,12.128,0.002,0.002
17.03.2020 08:36:53.518 GMT-0500,12.162,12.138,0.0008,0.0008
17.03.2020 08:36:54.001 GMT-0500,12.162,12.118,0.0008,0.0008
17.03.2020 08:36:54.051 GMT-0500,12.152000000000001,12.118,0.0008,0.0008
17.03.2020 08:36:54.268 GMT-0500,12.153,12.137,0.0008,0.0008
17.03.2020 08:36:54.319 GMT-0500,12.163,12.137,0.002,0.002
17.03.2020 08:36:54.484 GMT-0500,12.162,12.138,0.0008,0.0008
17.03.2020 08:36:55.359 GMT-0500,12.152000000000001,12.138,0.0008,0.0008
17.03.2020 08:36:57.261 GMT-0500,12.153,12.137,0.002,0.002
17.03.2020 08:36:59.006 GMT-0500,12.152000000000001,12.137,0.0008,0.002
17.03.2020 08:36:59.417 GMT-0500,12.152000000000001,12.137,0.0008,0.0008
17.03.2020 08:36:59.467 GMT-0500,12.142000000000001,12.118,0.0008,0.0008
17.03.2020 08:37:01.252 GMT-0500,12.142000000000001,12.127,0.0008,0.0008
17.03.2020 08:37:01.415 GMT-0500,12.142000000000001,12.118,0.002,0.002
17.03.2020 08:37:01.865 GMT-0500,12.152000000000001,12.118,0.002,0.002
17.03.2020 08:37:02.236 GMT-0500,12.143,12.118,0.0008,0.0008
17.03.2020 08:37:02.338 GMT-0500,12.142000000000001,12.117,0.0008,0.002
17.03.2020 08:37:04.160 GMT-0500,12.142000000000001,12.127,0.0008,0.002
17.03.2020 08:37:04.500 GMT-0500,12.152000000000001,12.128,0.002,0.002
17.03.2020 08:37:04.671 GMT-0500,12.142000000000001,12.128,0.0008,0.002
17.03.2020 08:37:07.502 GMT-0500,12.143,12.127,0.0008,0.002
17.03.2020 08:37:07.553 GMT-0500,12.152000000000001,12.128,0.0008,0.0008
17.03.2020 08:37:08.182 GMT-0500,12.143,12.127,0.0008,0.002
17.03.2020 08:37:09.855 GMT-0500,12.142000000000001,12.127,0.0008,0.0008
17.03.2020 08:37:09.906 GMT-0500,12.122,12.108,0.002,0.002
17.03.2020 08:37:20.363 GMT-0500,12.123,12.107000000000001,0.002,0.002
17.03.2020 08:37:20.558 GMT-0500,12.122,12.108,0.0008,0.0008
17.03.2020 08:37:21.353 GMT-0500,12.123,12.107000000000001,0.002,0.002
17.03.2020 08:37:22.471 GMT-0500,12.122,12.108,0.0008,0.0008
17.03.2020 08:37:22.936 GMT-0500,12.113,12.102,0.0008,0.0008
17.03.2020 08:37:22.986 GMT-0500,12.112,12.068,0.0008,0.0008
17.03.2020 08:37:23.086 GMT-0500,12.113,12.067,0.002,0.002
17.03.2020 08:37:23.285 GMT-0500,12.112,12.068,0.0008,0.0008
17.03.2020 08:37:23.821 GMT-0500,12.093,12.068,0.0008,0.0008
17.03.2020 08:37:23.872 GMT-0500,12.092,12.047,0.0008,0.002
17.03.2020 08:37:23.985 GMT-0500,12.092,12.037,0.0008,0.002
17.03.2020 08:37:24.144 GMT-0500,12.092,12.068,0.0008,0.0008
17.03.2020 08:37:24.794 GMT-0500,12.082,12.068,0.0008,0.002
17.03.2020 08:37:24.895 GMT-0500,12.093,12.067,0.002,0.002
17.03.2020 08:37:25.190 GMT-0500,12.092,12.068,0.0008,0.0008
17.03.2020 08:37:26.811 GMT-0500,12.113,12.067,0.002,0.002
17.03.2020 08:37:27.189 GMT-0500,12.102,12.067,0.0008,0.002
17.03.2020 08:37:27.348 GMT-0500,12.102,12.077,0.0008,0.0008
17.03.2020 08:37:27.399 GMT-0500,12.102,12.067,0.0008,0.002
17.03.2020 08:37:30.449 GMT-0500,12.103,12.067,0.002,0.002
17.03.2020 08:37:30.636 GMT-0500,12.083,12.067,0.0008,0.002
17.03.2020 08:37:30.687 GMT-0500,12.102,12.068,0.002,0.002
17.03.2020 08:37:31.595 GMT-0500,12.083,12.068,0.0008,0.0008
17.03.2020 08:37:32.043 GMT-0500,12.082,12.068,0.0008,0.0008
17.03.2020 08:37:32.162 GMT-0500,12.102,12.067,0.0008,0.002
17.03.2020 08:37:34.032 GMT-0500,12.082,12.058,0.0008,0.0008
17.03.2020 08:37:34.083 GMT-0500,12.102,12.068,0.0008,0.0008
17.03.2020 08:37:34.300 GMT-0500,12.082,12.057,0.0008,0.002
17.03.2020 08:37:34.352 GMT-0500,12.102,12.058,0.002,0.002
17.03.2020 08:37:34.642 GMT-0500,12.073,12.058,0.0008,0.002
17.03.2020 08:37:41.985 GMT-0500,12.063,12.055,0.0008,0.0008
17.03.2020 08:37:42.036 GMT-0500,12.063,12.027000000000001,0.002,0.002
17.03.2020 08:37:42.168 GMT-0500,12.062000000000001,12.017000000000001,0.0008,0.002
17.03.2020 08:37:42.565 GMT-0500,12.063,12.047,0.002,0.002
17.03.2020 08:37:43.123 GMT-0500,12.062000000000001,12.048,0.0008,0.0008
17.03.2020 08:37:46.988 GMT-0500,12.063,12.017000000000001,0.002,0.002
17.03.2020 08:37:47.949 GMT-0500,12.062000000000001,12.017000000000001,0.0008,0.002
17.03.2020 08:37:48.082 GMT-0500,12.062000000000001,12.047,0.002,0.0008
17.03.2020 08:37:51.183 GMT-0500,12.052999999999999,12.042000000000002,0.0008,0.0008
17.03.2020 08:37:51.234 GMT-0500,12.052999999999999,12.007000000000001,0.002,0.002
17.03.2020 08:37:54.154 GMT-0500,12.052000000000001,12.008,0.0008,0.0008
17.03.2020 08:37:55.997 GMT-0500,12.052000000000001,12.008,0.002,0.002
17.03.2020 08:37:56.272 GMT-0500,12.052999999999999,12.007000000000001,0.002,0.002
17.03.2020 08:37:56.735 GMT-0500,12.032,11.997,0.0008,0.002
17.03.2020 08:37:57.170 GMT-0500,12.032,12.017000000000001,0.0008,0.0008
17.03.2020 08:37:59.173 GMT-0500,12.033,12.017000000000001,0.002,0.002
17.03.2020 08:38:05.279 GMT-0500,12.032,12.017000000000001,0.0008,0.002
17.03.2020 08:38:05.903 GMT-0500,12.062000000000001,12.018,0.002,0.002
17.03.2020 08:38:07.045 GMT-0500,12.063,12.017000000000001,0.002,0.002
17.03.2020 08:38:07.146 GMT-0500,12.062000000000001,12.028,0.0008,0.0008
17.03.2020 08:38:07.247 GMT-0500,12.063,12.027000000000001,0.002,0.002
17.03.2020 08:38:07.808 GMT-0500,12.043,12.027000000000001,0.0008,0.0008
17.03.2020 08:38:07.858 GMT-0500,12.042000000000002,12.017000000000001,0.0008,0.002
17.03.2020 08:38:07.969 GMT-0500,12.063,12.017000000000001,0.002,0.002
17.03.2020 08:38:08.693 GMT-0500,12.062000000000001,12.017000000000001,0.0008,0.002
17.03.2020 08:38:08.743 GMT-0500,12.062000000000001,12.018,0.0008,0.0008
17.03.2020 08:38:08.924 GMT-0500,12.063,12.027000000000001,0.002,0.0008
17.03.2020 08:38:09.025 GMT-0500,12.033,11.997,0.002,0.002
17.03.2020 08:38:09.171 GMT-0500,12.032,11.998,0.0008,0.0008
17.03.2020 08:38:09.509 GMT-0500,12.043,12.007000000000001,0.002,0.002
17.03.2020 08:38:09.559 GMT-0500,12.032,11.997,0.0008,0.002
17.03.2020 08:38:10.710 GMT-0500,12.023,11.998,0.0008,0.0008
17.03.2020 08:38:10.811 GMT-0500,12.032,11.997,0.0008,0.002
17.03.2020 08:38:12.901 GMT-0500,12.033,11.997,0.002,0.002
17.03.2020 08:38:13.668 GMT-0500,12.022,12.007000000000001,0.0008,0.0008
17.03.2020 08:38:13.718 GMT-0500,12.022,11.997,0.0008,0.002
17.03.2020 08:38:14.629 GMT-0500,12.022,11.998,0.0008,0.002
17.03.2020 08:38:14.730 GMT-0500,12.022,12.008,0.002,0.002
17.03.2020 08:38:14.780 GMT-0500,12.022,11.998,0.0008,0.0008
17.03.2020 08:38:15.052 GMT-0500,12.022,11.998,0.0008,0.002
17.03.2020 08:38:15.102 GMT-0500,12.032,11.997,0.0008,0.002
17.03.2020 08:38:16.920 GMT-0500,12.033,11.997,0.002,0.002
17.03.2020 08:38:17.182 GMT-0500,12.023,12.007000000000001,0.0008,0.002
17.03.2020 08:38:17.392 GMT-0500,12.022,11.997,0.0008,0.002
17.03.2020 08:38:17.443 GMT-0500,12.023,11.997,0.002,0.002
17.03.2020 08:38:20.361 GMT-0500,12.023,11.997,0.0008,0.002
17.03.2020 08:38:20.411 GMT-0500,12.032,11.997,0.0008,0.002
17.03.2020 08:38:21.780 GMT-0500,12.032,12.008,0.002,0.0008
17.03.2020 08:38:22.606 GMT-0500,12.062000000000001,12.017000000000001,0.0008,0.002
17.03.2020 08:38:22.872 GMT-0500,12.043,12.017000000000001,0.002,0.002
17.03.2020 08:38:23.547 GMT-0500,12.043,12.017000000000001,0.0008,0.002
17.03.2020 08:38:23.597 GMT-0500,12.062000000000001,12.017000000000001,0.0008,0.002
17.03.2020 08:38:24.236 GMT-0500,12.063,12.017000000000001,0.002,0.002
17.03.2020 08:38:24.662 GMT-0500,12.062000000000001,12.028,0.002,0.0008
17.03.2020 08:38:24.713 GMT-0500,12.062000000000001,12.018,0.002,0.002
17.03.2020 08:38:24.807 GMT-0500,12.062000000000001,12.018,0.002,0.002
17.03.2020 08:38:24.993 GMT-0500,12.062000000000001,12.018,0.002,0.002
17.03.2020 08:38:25.043 GMT-0500,12.062000000000001,12.028,0.0008,0.0008
17.03.2020 08:38:25.093 GMT-0500,12.062000000000001,12.018,0.002,0.002
17.03.2020 08:38:26.031 GMT-0500,12.022,11.998,0.0008,0.0008
17.03.2020 08:38:26.298 GMT-0500,12.022,11.998,0.0008,0.002
17.03.2020 08:38:26.509 GMT-0500,12.023,11.997,0.002,0.002
17.03.2020 08:38:26.560 GMT-0500,12.032,11.997,0.0008,0.002
17.03.2020 08:38:26.610 GMT-0500,12.023,11.997,0.002,0.002
17.03.2020 08:38:28.308 GMT-0500,12.033,11.997,0.002,0.002
17.03.2020 08:38:29.893 GMT-0500,12.032,11.997,0.0008,0.002
17.03.2020 08:38:30.895 GMT-0500,12.032,11.998,0.0008,0.002
17.03.2020 08:38:30.946 GMT-0500,12.042000000000002,12.008,0.002,0.002
17.03.2020 08:38:31.047 GMT-0500,12.033,11.997,0.002,0.002
17.03.2020 08:38:31.617 GMT-0500,12.033,12.007000000000001,0.002,0.0008
17.03.2020 08:38:31.668 GMT-0500,12.032,11.998,0.0008,0.0008
17.03.2020 08:38:33.579 GMT-0500,12.033,12.017000000000001,0.002,0.0008
17.03.2020 08:38:33.679 GMT-0500,12.032,12.008,0.0008,0.0008
17.03.2020 08:38:33.780 GMT-0500,12.032,11.998,0.002,0.002
17.03.2020 08:38:33.859 GMT-0500,12.032,11.998,0.0008,0.002
17.03.2020 08:38:33.959 GMT-0500,12.032,11.998,0.002,0.002
17.03.2020 08:38:35.522 GMT-0500,12.032,11.998,0.002,0.002
17.03.2020 08:38:37.062 GMT-0500,12.023,12.007000000000001,0.0008,0.002
17.03.2020 08:38:37.699 GMT-0500,12.023,12.007000000000001,0.0008,0.002
17.03.2020 08:38:37.749 GMT-0500,12.032,12.007000000000001,0.0008,0.002
17.03.2020 08:38:38.205 GMT-0500,12.022,12.007000000000001,0.0008,0.002
17.03.2020 08:38:38.594 GMT-0500,12.022,12.007000000000001,0.0008,0.0008
17.03.2020 08:38:38.644 GMT-0500,12.032,11.998,0.0008,0.0008
17.03.2020 08:38:38.775 GMT-0500,12.032,12.008,0.0008,0.0008
17.03.2020 08:38:40.533 GMT-0500,12.032,12.008,0.0008,0.002
17.03.2020 08:38:40.583 GMT-0500,12.032,12.008,0.0008,0.0008
17.03.2020 08:38:40.780 GMT-0500,12.033,12.007000000000001,0.002,0.002
17.03.2020 08:38:45.545 GMT-0500,12.022,11.998,0.0008,0.002
17.03.2020 08:38:45.595 GMT-0500,12.033,11.997,0.002,0.002
17.03.2020 08:38:46.717 GMT-0500,12.023,11.997,0.0008,0.002
17.03.2020 08:38:46.767 GMT-0500,12.032,11.998,0.0008,0.0008
17.03.2020 08:38:46.989 GMT-0500,12.012,11.998,0.0008,0.0008
17.03.2020 08:38:47.039 GMT-0500,12.032,11.998,0.002,0.002
17.03.2020 08:38:48.044 GMT-0500,12.033,11.997,0.002,0.002
17.03.2020 08:38:48.841 GMT-0500,12.013,11.997,0.0008,0.0008
17.03.2020 08:38:48.891 GMT-0500,12.012,11.988,0.0008,0.0008
17.03.2020 08:38:48.996 GMT-0500,12.032,11.988,0.002,0.002
17.03.2020 08:38:50.384 GMT-0500,12.032,11.988,0.0008,0.002
17.03.2020 08:38:50.965 GMT-0500,12.013,11.997,0.0008,0.0008
17.03.2020 08:38:51.016 GMT-0500,12.012,11.988,0.0008,0.0008
17.03.2020 08:38:52.229 GMT-0500,12.012,11.997,0.0008,0.002
17.03.2020 08:38:52.279 GMT-0500,12.012,11.988,0.0008,0.0008
17.03.2020 08:38:55.228 GMT-0500,12.012,11.987,0.0008,0.002
17.03.2020 08:38:55.683 GMT-0500,12.012,11.988,0.0008,0.0008
17.03.2020 08:38:57.257 GMT-0500,12.013,11.987,0.002,0.002
17.03.2020 08:38:57.533 GMT-0500,12.012,11.998,0.002,0.002
17.03.2020 08:38:58.191 GMT-0500,12.012,11.988,0.002,0.002
17.03.2020 08:38:58.308 GMT-0500,12.013,11.987,0.002,0.002
17.03.2020 08:38:59.831 GMT-0500,12.012,11.987,0.0008,0.002
17.03.2020 08:38:59.937 GMT-0500,12.012,11.997,0.0008,0.0008
17.03.2020 08:38:59.988 GMT-0500,12.012,11.988,0.002,0.002
17.03.2020 08:39:00.710 GMT-0500,12.032,11.988,0.002,0.002
17.03.2020 08:39:01.648 GMT-0500,12.012,11.988,0.0008,0.002
17.03.2020 08:39:01.839 GMT-0500,12.003,11.987,0.0008,0.002
17.03.2020 08:39:01.890 GMT-0500,12.012,11.968,0.0008,0.0008
17.03.2020 08:39:02.154 GMT-0500,12.012,11.968,0.002,0.002
17.03.2020 08:39:02.204 GMT-0500,12.012,11.968,0.0008,0.0008
17.03.2020 08:39:02.413 GMT-0500,12.012,11.968,0.002,0.002
17.03.2020 08:39:02.514 GMT-0500,12.013,11.967,0.002,0.002
17.03.2020 08:39:03.583 GMT-0500,12.012,11.967,0.0008,0.002
17.03.2020 08:39:03.782 GMT-0500,12.012,11.968,0.0008,0.0008
17.03.2020 08:39:05.139 GMT-0500,12.003,11.967,0.0008,0.002
17.03.2020 08:39:07.651 GMT-0500,12.003,11.987,0.002,0.0008
17.03.2020 08:39:07.702 GMT-0500,12.002,11.967,0.0008,0.002
17.03.2020 08:39:12.021 GMT-0500,12.002,11.978,0.002,0.0008
17.03.2020 08:39:12.523 GMT-0500,12.002,11.987,0.0008,0.0008
17.03.2020 08:39:13.430 GMT-0500,12.002,11.987,0.0008,0.002
17.03.2020 08:39:13.480 GMT-0500,12.032,11.997,0.0008,0.002
17.03.2020 08:39:13.689 GMT-0500,12.033,12.007000000000001,0.002,0.002
17.03.2020 08:39:13.821 GMT-0500,12.032,12.018,0.002,0.002
17.03.2020 08:39:13.871 GMT-0500,12.032,12.007000000000001,0.0008,0.002
17.03.2020 08:39:13.973 GMT-0500,12.032,11.988,0.0008,0.0008
17.03.2020 08:39:14.023 GMT-0500,12.043,12.017000000000001,0.002,0.002
17.03.2020 08:39:14.074 GMT-0500,12.042000000000002,12.008,0.0008,0.0008
17.03.2020 08:39:14.124 GMT-0500,12.032,12.008,0.002,0.002
17.03.2020 08:39:14.225 GMT-0500,12.043,12.017000000000001,0.002,0.002
17.03.2020 08:39:14.275 GMT-0500,12.042000000000002,12.028,0.002,0.002
17.03.2020 08:39:14.327 GMT-0500,12.032,11.987,0.0008,0.002
17.03.2020 08:39:14.377 GMT-0500,12.042000000000002,11.997,0.0008,0.002
17.03.2020 08:39:14.527 GMT-0500,12.042000000000002,12.028,0.0008,0.0008
17.03.2020 08:39:14.578 GMT-0500,12.042000000000002,12.018,0.0008,0.0008
17.03.2020 08:39:14.678 GMT-0500,12.052000000000001,12.027000000000001,0.0008,0.002
17.03.2020 08:39:14.819 GMT-0500,12.052999999999999,12.027000000000001,0.002,0.002
17.03.2020 08:39:14.921 GMT-0500,12.042000000000002,12.027000000000001,0.0008,0.002
17.03.2020 08:39:14.971 GMT-0500,12.052000000000001,12.028,0.0008,0.0008
17.03.2020 08:39:15.021 GMT-0500,12.043,12.027000000000001,0.002,0.002
17.03.2020 08:39:16.130 GMT-0500,12.042000000000002,11.998,0.0008,0.002
17.03.2020 08:39:16.181 GMT-0500,12.042000000000002,11.998,0.0008,0.0008
17.03.2020 08:39:16.282 GMT-0500,12.032,11.997,0.0008,0.002
17.03.2020 08:39:16.640 GMT-0500,12.042000000000002,11.997,0.0008,0.002
17.03.2020 08:39:17.034 GMT-0500,12.032,11.998,0.0008,0.002
17.03.2020 08:39:17.193 GMT-0500,12.042000000000002,11.998,0.002,0.002
17.03.2020 08:39:17.243 GMT-0500,12.032,11.998,0.002,0.002
17.03.2020 08:39:17.380 GMT-0500,12.033,11.997,0.002,0.002
17.03.2020 08:39:17.655 GMT-0500,12.033,11.997,0.0008,0.002
17.03.2020 08:39:17.705 GMT-0500,12.042000000000002,11.998,0.002,0.002
17.03.2020 08:39:17.863 GMT-0500,12.052000000000001,12.008,0.002,0.002
17.03.2020 08:39:18.097 GMT-0500,12.052000000000001,12.027000000000001,0.0008,0.002
17.03.2020 08:39:18.198 GMT-0500,12.062000000000001,12.028,0.002,0.002
17.03.2020 08:39:18.248 GMT-0500,12.052000000000001,12.038,0.0008,0.0008
17.03.2020 08:39:18.298 GMT-0500,12.052999999999999,12.027000000000001,0.002,0.002
17.03.2020 08:39:18.399 GMT-0500,12.063,12.037,0.002,0.002
17.03.2020 08:39:18.598 GMT-0500,12.102,12.038,0.002,0.002
17.03.2020 08:39:18.673 GMT-0500,12.063,12.038,0.0008,0.0008
17.03.2020 08:39:18.774 GMT-0500,12.062000000000001,12.037,0.0008,0.002
17.03.2020 08:39:18.824 GMT-0500,12.072000000000001,12.037,0.0008,0.002
17.03.2020 08:39:18.925 GMT-0500,12.102,12.038,0.002,0.002
17.03.2020 08:39:18.989 GMT-0500,12.093,12.037,0.002,0.002
17.03.2020 08:39:19.107 GMT-0500,12.062000000000001,12.038,0.0008,0.0008
17.03.2020 08:39:19.398 GMT-0500,12.063,12.037,0.002,0.002
17.03.2020 08:39:19.513 GMT-0500,12.062000000000001,12.037,0.0008,0.002
17.03.2020 08:39:19.613 GMT-0500,12.102,12.047,0.0008,0.002
17.03.2020 08:39:19.697 GMT-0500,12.122,12.047,0.0008,0.002
17.03.2020 08:39:19.781 GMT-0500,12.112,12.048,0.0008,0.002
17.03.2020 08:39:19.882 GMT-0500,12.123,12.047,0.002,0.002
17.03.2020 08:39:20.035 GMT-0500,12.123,12.047,0.002,0.002
17.03.2020 08:39:20.238 GMT-0500,12.093,12.067,0.002,0.002
17.03.2020 08:39:20.374 GMT-0500,12.092,12.048,0.0008,0.0008
17.03.2020 08:39:20.523 GMT-0500,12.092,12.068,0.0008,0.0008
17.03.2020 08:39:20.623 GMT-0500,12.133,12.097000000000001,0.002,0.002
17.03.2020 08:39:20.674 GMT-0500,12.132000000000001,12.108,0.002,0.002
17.03.2020 08:39:20.792 GMT-0500,12.142000000000001,12.117,0.0008,0.002
17.03.2020 08:39:21.101 GMT-0500,12.143,12.117,0.0008,0.002
17.03.2020 08:39:21.151 GMT-0500,12.152000000000001,12.118,0.0008,0.0008
17.03.2020 08:39:21.710 GMT-0500,12.143,12.118,0.0008,0.0008
17.03.2020 08:39:21.810 GMT-0500,12.182,12.137,0.0008,0.002
17.03.2020 08:39:22.323 GMT-0500,12.153,12.127,0.0008,0.002
17.03.2020 08:39:22.374 GMT-0500,12.153,12.127,0.002,0.002
17.03.2020 08:39:22.462 GMT-0500,12.153,12.127,0.0008,0.002
17.03.2020 08:39:22.512 GMT-0500,12.182,12.138,0.002,0.002
17.03.2020 08:39:22.811 GMT-0500,12.143,12.107000000000001,0.0008,0.002
17.03.2020 08:39:22.861 GMT-0500,12.143,12.107000000000001,0.002,0.002
17.03.2020 08:39:22.912 GMT-0500,12.132000000000001,12.088,0.0008,0.0008
17.03.2020 08:39:22.962 GMT-0500,12.122,12.088,0.002,0.002
17.03.2020 08:39:24.577 GMT-0500,12.122,12.107000000000001,0.0008,0.0008
17.03.2020 08:39:25.488 GMT-0500,12.122,12.107000000000001,0.0008,0.002
17.03.2020 08:39:26.481 GMT-0500,12.128,12.107000000000001,0.0008,0.002
17.03.2020 08:39:26.532 GMT-0500,12.162,12.117,0.0008,0.002
17.03.2020 08:39:26.582 GMT-0500,12.152000000000001,12.118,0.002,0.002
17.03.2020 08:39:26.772 GMT-0500,12.182,12.118,0.0008,0.0008
17.03.2020 08:39:26.823 GMT-0500,12.162,12.128,0.002,0.002
17.03.2020 08:39:27.126 GMT-0500,12.143,12.128,0.0008,0.0008
17.03.2020 08:39:27.176 GMT-0500,12.143,12.117,0.002,0.002
17.03.2020 08:39:27.404 GMT-0500,12.143,12.117,0.0008,0.002
17.03.2020 08:39:27.556 GMT-0500,12.182,12.118,0.0008,0.002
17.03.2020 08:39:27.672 GMT-0500,12.173,12.117,0.0008,0.002
17.03.2020 08:39:27.799 GMT-0500,12.162,12.117,0.0008,0.002
17.03.2020 08:39:28.649 GMT-0500,12.142000000000001,12.078,0.002,0.002
17.03.2020 08:39:28.699 GMT-0500,12.132000000000001,12.088,0.002,0.002
17.03.2020 08:39:30.140 GMT-0500,12.132000000000001,12.078,0.0008,0.0008
17.03.2020 08:39:30.292 GMT-0500,12.133,12.077,0.002,0.002
17.03.2020 08:39:30.587 GMT-0500,12.132000000000001,12.077,0.0008,0.002
17.03.2020 08:39:30.637 GMT-0500,12.132000000000001,12.078,0.002,0.002
17.03.2020 08:39:31.165 GMT-0500,12.132000000000001,12.078,0.0008,0.002
17.03.2020 08:39:31.522 GMT-0500,12.132000000000001,12.078,0.0008,0.0008
17.03.2020 08:39:32.297 GMT-0500,12.132000000000001,12.088,0.0008,0.0008
17.03.2020 08:39:32.997 GMT-0500,12.122,12.078,0.0008,0.0008
17.03.2020 08:39:33.154 GMT-0500,12.092,12.048,0.0008,0.0008
17.03.2020 08:39:33.523 GMT-0500,12.072000000000001,12.038,0.0008,0.002
17.03.2020 08:39:33.573 GMT-0500,12.072000000000001,12.038,0.002,0.002
17.03.2020 08:39:33.757 GMT-0500,12.072000000000001,12.018,0.002,0.002
17.03.2020 08:39:33.807 GMT-0500,12.092,12.038,0.002,0.002
17.03.2020 08:39:33.857 GMT-0500,12.093,12.027000000000001,0.002,0.002
17.03.2020 08:39:33.957 GMT-0500,12.092,12.027000000000001,0.0008,0.002
17.03.2020 08:39:34.007 GMT-0500,12.092,12.028,0.002,0.002
17.03.2020 08:39:34.208 GMT-0500,12.092,12.047,0.0008,0.002
17.03.2020 08:39:34.325 GMT-0500,12.092,12.058,0.0008,0.0008
17.03.2020 08:39:34.685 GMT-0500,12.102,12.058,0.0008,0.0008
17.03.2020 08:39:34.736 GMT-0500,12.112,12.058,0.0008,0.0008
17.03.2020 08:39:35.219 GMT-0500,12.102,12.057,0.0008,0.002
17.03.2020 08:39:35.337 GMT-0500,12.112,12.058,0.002,0.002
17.03.2020 08:39:35.637 GMT-0500,12.112,12.068,0.0008,0.0008
17.03.2020 08:39:35.687 GMT-0500,12.152000000000001,12.068,0.002,0.002
17.03.2020 08:39:35.833 GMT-0500,12.142000000000001,12.058,0.0008,0.002
17.03.2020 08:39:37.910 GMT-0500,12.073,12.027000000000001,0.002,0.002
17.03.2020 08:39:38.713 GMT-0500,12.072000000000001,12.027000000000001,0.0008,0.002
17.03.2020 08:39:41.051 GMT-0500,12.073,12.027000000000001,0.002,0.002
17.03.2020 08:39:44.629 GMT-0500,12.063,12.028,0.0008,0.0008
17.03.2020 08:39:44.730 GMT-0500,12.032,11.998,0.002,0.002
17.03.2020 08:39:45.719 GMT-0500,12.032,12.008,0.002,0.002
17.03.2020 08:39:46.204 GMT-0500,12.022,11.998,0.0008,0.0008
17.03.2020 08:39:46.254 GMT-0500,12.033,11.997,0.002,0.002
17.03.2020 08:39:46.596 GMT-0500,12.032,11.998,0.0008,0.0008
17.03.2020 08:39:46.910 GMT-0500,12.062000000000001,12.008,0.0008,0.0008
17.03.2020 08:39:47.419 GMT-0500,12.033,12.008,0.0008,0.002
17.03.2020 08:39:47.520 GMT-0500,12.033,12.007000000000001,0.002,0.002
17.03.2020 08:39:47.796 GMT-0500,12.073,12.007000000000001,0.002,0.002
17.03.2020 08:39:48.216 GMT-0500,12.025,11.997,0.0008,0.002
17.03.2020 08:39:48.267 GMT-0500,12.022,11.997,0.0008,0.002
17.03.2020 08:39:48.367 GMT-0500,12.073,12.007000000000001,0.002,0.002
17.03.2020 08:39:48.417 GMT-0500,12.073,12.017000000000001,0.002,0.002
17.03.2020 08:39:48.757 GMT-0500,12.072000000000001,12.017000000000001,0.0008,0.002
17.03.2020 08:39:48.858 GMT-0500,12.033,11.997,0.002,0.002
17.03.2020 08:39:51.728 GMT-0500,12.032,11.997,0.0008,0.002
17.03.2020 08:39:52.432 GMT-0500,12.033,12.007000000000001,0.002,0.0008
17.03.2020 08:39:52.482 GMT-0500,12.033,11.997,0.002,0.002
17.03.2020 08:39:56.371 GMT-0500,12.032,11.998,0.0008,0.0008
17.03.2020 08:39:56.567 GMT-0500,12.032,11.998,0.0008,0.002
17.03.2020 08:39:56.899 GMT-0500,12.033,11.997,0.002,0.002
17.03.2020 08:39:56.950 GMT-0500,12.033,11.997,0.002,0.002
17.03.2020 08:39:58.669 GMT-0500,12.032,11.997,0.0008,0.002
17.03.2020 08:39:59.111 GMT-0500,12.033,11.997,0.002,0.002
17.03.2020 08:39:59.282 GMT-0500,12.032,11.998,0.0008,0.0008
17.03.2020 08:40:00.738 GMT-0500,12.033,11.997,0.002,0.002
17.03.2020 08:40:00.788 GMT-0500,12.022,11.998,0.002,0.002
17.03.2020 08:40:00.839 GMT-0500,12.032,11.998,0.0008,0.0008
17.03.2020 08:40:00.953 GMT-0500,12.013,11.997,0.0008,0.002
17.03.2020 08:40:01.003 GMT-0500,12.032,11.998,0.002,0.002
17.03.2020 08:40:02.299 GMT-0500,12.013,11.998,0.0008,0.0008
17.03.2020 08:40:02.349 GMT-0500,12.033,11.987,0.002,0.002
17.03.2020 08:40:04.357 GMT-0500,12.012,11.987,0.0008,0.002
17.03.2020 08:40:08.712 GMT-0500,12.012,11.997,0.0008,0.0008
17.03.2020 08:40:11.101 GMT-0500,12.013,11.997,0.002,0.002
17.03.2020 08:40:12.159 GMT-0500,12.012,11.997,0.0008,0.002
17.03.2020 08:40:12.357 GMT-0500,12.002,11.967,0.0008,0.002
17.03.2020 08:40:14.020 GMT-0500,11.982000000000001,11.957,0.0008,0.002
17.03.2020 08:40:14.070 GMT-0500,12.003,11.957,0.002,0.002
17.03.2020 08:40:16.444 GMT-0500,12.002,11.957,0.0008,0.002
17.03.2020 08:40:17.757 GMT-0500,12.002,11.957,0.0008,0.002
17.03.2020 08:40:17.857 GMT-0500,12.003,11.957,0.002,0.002
17.03.2020 08:40:18.712 GMT-0500,12.002,11.968,0.0008,0.0008
17.03.2020 08:40:18.787 GMT-0500,12.002,11.957,0.0008,0.002
17.03.2020 08:40:19.049 GMT-0500,12.003,11.967,0.002,0.002
17.03.2020 08:40:21.477 GMT-0500,12.002,11.938,0.002,0.002
17.03.2020 08:40:21.957 GMT-0500,12.002,11.967,0.0008,0.0008
17.03.2020 08:40:22.214 GMT-0500,12.002,11.967,0.0008,0.002
17.03.2020 08:40:22.765 GMT-0500,11.983,11.968,0.0008,0.0008
17.03.2020 08:40:23.117 GMT-0500,11.982000000000001,11.968,0.0008,0.0008
17.03.2020 08:40:23.240 GMT-0500,11.983,11.967,0.002,0.002
17.03.2020 08:40:23.745 GMT-0500,11.982000000000001,11.968,0.0008,0.0008
17.03.2020 08:40:26.156 GMT-0500,12.012,11.977,0.0008,0.002
17.03.2020 08:40:26.263 GMT-0500,11.992,11.968,0.002,0.002
17.03.2020 08:40:26.390 GMT-0500,11.992,11.968,0.0008,0.002
17.03.2020 08:40:26.440 GMT-0500,11.992,11.968,0.0008,0.0008
17.03.2020 08:40:26.696 GMT-0500,11.993,11.967,0.002,0.002
17.03.2020 08:40:27.119 GMT-0500,11.982000000000001,11.968,0.0008,0.0008
17.03.2020 08:40:27.845 GMT-0500,11.983,11.937000000000001,0.002,0.002
17.03.2020 08:40:27.896 GMT-0500,11.982000000000001,11.937000000000001,0.0008,0.002
17.03.2020 08:40:28.406 GMT-0500,11.982000000000001,11.937000000000001,0.0008,0.002
17.03.2020 08:40:28.841 GMT-0500,11.982000000000001,11.938,0.0008,0.0008
17.03.2020 08:40:29.490 GMT-0500,11.982000000000001,11.938,0.002,0.002
17.03.2020 08:40:30.140 GMT-0500,11.982000000000001,11.937000000000001,0.0008,0.002
17.03.2020 08:40:32.045 GMT-0500,12.003,11.987,0.002,0.002
17.03.2020 08:40:32.540 GMT-0500,12.002,11.988,0.0008,0.0008
17.03.2020 08:40:33.619 GMT-0500,12.013,11.987,0.002,0.002
17.03.2020 08:40:34.480 GMT-0500,12.012,11.977,0.0008,0.002
17.03.2020 08:40:34.734 GMT-0500,12.012,11.977,0.0008,0.002
17.03.2020 08:40:35.975 GMT-0500,12.032,11.988,0.002,0.002
17.03.2020 08:40:36.045 GMT-0500,12.042000000000002,11.987,0.0008,0.002
17.03.2020 08:40:36.440 GMT-0500,12.043,11.987,0.002,0.002
17.03.2020 08:40:37.047 GMT-0500,12.033,11.987,0.0008,0.002
17.03.2020 08:40:37.097 GMT-0500,12.042000000000002,11.978,0.0008,0.0008
17.03.2020 08:40:37.279 GMT-0500,12.002,11.977,0.0008,0.002
17.03.2020 08:40:37.990 GMT-0500,12.002,11.988,0.002,0.0008
17.03.2020 08:40:38.769 GMT-0500,12.032,11.988,0.0008,0.0008
17.03.2020 08:40:39.237 GMT-0500,12.042000000000002,11.988,0.002,0.002
17.03.2020 08:40:39.587 GMT-0500,12.032,11.988,0.002,0.002
17.03.2020 08:40:39.800 GMT-0500,12.042000000000002,11.988,0.002,0.002
17.03.2020 08:40:40.023 GMT-0500,12.043,11.987,0.002,0.002
17.03.2020 08:40:41.095 GMT-0500,12.033,11.987,0.0008,0.002
17.03.2020 08:40:41.204 GMT-0500,12.042000000000002,11.987,0.0008,0.002
17.03.2020 08:40:41.255 GMT-0500,12.083,11.997,0.002,0.002
17.03.2020 08:40:41.332 GMT-0500,12.083,11.997,0.002,0.002
17.03.2020 08:40:41.563 GMT-0500,12.013,11.987,0.0008,0.002
17.03.2020 08:40:41.613 GMT-0500,12.012,11.987,0.0008,0.002
17.03.2020 08:40:42.357 GMT-0500,12.013,11.998,0.0008,0.0008
17.03.2020 08:40:42.408 GMT-0500,12.052000000000001,11.998,0.0008,0.0008
17.03.2020 08:40:42.691 GMT-0500,12.043,11.998,0.0008,0.0008
17.03.2020 08:40:42.791 GMT-0500,12.052999999999999,11.997,0.002,0.002
17.03.2020 08:40:42.898 GMT-0500,12.052000000000001,11.997,0.0008,0.002
17.03.2020 08:40:44.780 GMT-0500,12.052999999999999,12.007000000000001,0.002,0.002
17.03.2020 08:40:45.097 GMT-0500,12.052000000000001,12.008,0.0008,0.0008
17.03.2020 08:40:45.944 GMT-0500,12.052999999999999,12.007000000000001,0.002,0.002
17.03.2020 08:40:46.376 GMT-0500,12.022,11.997,0.0008,0.002
17.03.2020 08:40:46.496 GMT-0500,12.052000000000001,11.998,0.002,0.002
17.03.2020 08:40:46.549 GMT-0500,12.052000000000001,12.007000000000001,0.0008,0.0008
17.03.2020 08:40:46.650 GMT-0500,12.063,12.017000000000001,0.002,0.002
17.03.2020 08:40:47.002 GMT-0500,12.082,12.017000000000001,0.0008,0.002
17.03.2020 08:40:47.078 GMT-0500,12.072000000000001,12.017000000000001,0.0008,0.002
17.03.2020 08:40:47.474 GMT-0500,12.062000000000001,12.018,0.0008,0.002
17.03.2020 08:40:47.638 GMT-0500,12.072000000000001,12.017000000000001,0.0008,0.002
17.03.2020 08:40:48.589 GMT-0500,12.062000000000001,12.018,0.0008,0.0008
17.03.2020 08:40:48.673 GMT-0500,12.072000000000001,12.018,0.0008,0.0008
17.03.2020 08:40:49.201 GMT-0500,12.063,12.017000000000001,0.0008,0.002
17.03.2020 08:40:49.326 GMT-0500,12.063,12.018,0.0008,0.0008
17.03.2020 08:40:49.376 GMT-0500,12.072000000000001,12.018,0.0008,0.0008
17.03.2020 08:40:50.662 GMT-0500,12.062000000000001,12.018,0.0008,0.0008
17.03.2020 08:40:50.925 GMT-0500,12.063,12.018,0.0008,0.0008
17.03.2020 08:40:50.976 GMT-0500,12.072000000000001,12.018,0.002,0.002
17.03.2020 08:40:51.152 GMT-0500,12.032,12.008,0.0008,0.0008
17.03.2020 08:40:51.272 GMT-0500,12.072000000000001,12.018,0.002,0.002
17.03.2020 08:40:51.643 GMT-0500,12.073,12.017000000000001,0.002,0.002
17.03.2020 08:40:52.373 GMT-0500,12.062000000000001,12.018,0.0008,0.0008
17.03.2020 08:40:52.572 GMT-0500,12.063,12.007000000000001,0.0008,0.002
17.03.2020 08:40:53.413 GMT-0500,12.033,12.007000000000001,0.0008,0.002
17.03.2020 08:40:53.463 GMT-0500,12.072000000000001,12.018,0.0008,0.0008
17.03.2020 08:40:53.572 GMT-0500,12.072000000000001,12.018,0.002,0.002
17.03.2020 08:40:53.913 GMT-0500,12.073,12.027000000000001,0.002,0.002
17.03.2020 08:40:54.190 GMT-0500,12.043,12.027000000000001,0.0008,0.002
17.03.2020 08:40:54.749 GMT-0500,12.043,11.997,0.002,0.002
17.03.2020 08:40:56.300 GMT-0500,12.042000000000002,11.997,0.0008,0.002
17.03.2020 08:40:56.424 GMT-0500,12.033,11.997,0.0008,0.002
17.03.2020 08:40:56.597 GMT-0500,12.032,11.998,0.002,0.002
17.03.2020 08:40:57.737 GMT-0500,12.032,12.018,0.002,0.002
17.03.2020 08:41:00.606 GMT-0500,12.062000000000001,12.037,0.0008,0.002
17.03.2020 08:41:01.106 GMT-0500,12.102,12.037,0.0008,0.002
17.03.2020 08:41:01.157 GMT-0500,12.102,12.047,0.0008,0.002
17.03.2020 08:41:01.663 GMT-0500,12.103,12.047,0.002,0.002
17.03.2020 08:41:01.951 GMT-0500,12.085,12.057,0.0008,0.002
17.03.2020 08:41:02.060 GMT-0500,12.132000000000001,12.058,0.002,0.002
17.03.2020 08:41:02.161 GMT-0500,12.133,12.057,0.002,0.002
17.03.2020 08:41:02.305 GMT-0500,12.132000000000001,12.048,0.0008,0.0008
17.03.2020 08:41:02.376 GMT-0500,12.122,12.048,0.0008,0.002
17.03.2020 08:41:02.426 GMT-0500,12.133,12.057,0.002,0.002
17.03.2020 08:41:02.561 GMT-0500,12.132000000000001,12.058,0.0008,0.0008
17.03.2020 08:41:02.662 GMT-0500,12.133,12.057,0.002,0.002
17.03.2020 08:41:02.712 GMT-0500,12.072000000000001,12.058,0.0008,0.0008
17.03.2020 08:41:02.762 GMT-0500,12.072000000000001,12.047,0.0008,0.002
17.03.2020 08:41:03.140 GMT-0500,12.072000000000001,12.047,0.0008,0.0008
17.03.2020 08:41:03.304 GMT-0500,12.063,12.027000000000001,0.0008,0.002
17.03.2020 08:41:03.432 GMT-0500,12.062000000000001,12.028,0.0008,0.002
17.03.2020 08:41:03.555 GMT-0500,12.063,12.027000000000001,0.002,0.002
17.03.2020 08:41:03.605 GMT-0500,12.062000000000001,12.027000000000001,0.0008,0.002
17.03.2020 08:41:04.136 GMT-0500,12.062000000000001,12.017000000000001,0.0008,0.002
17.03.2020 08:41:05.237 GMT-0500,12.063,12.017000000000001,0.002,0.002
17.03.2020 08:41:05.463 GMT-0500,12.062000000000001,12.038,0.0008,0.0008
17.03.2020 08:41:06.160 GMT-0500,12.062000000000001,12.048,0.002,0.0008
17.03.2020 08:41:06.886 GMT-0500,12.062000000000001,12.018,0.0008,0.0008
17.03.2020 08:41:06.936 GMT-0500,12.052999999999999,12.017000000000001,0.002,0.002
17.03.2020 08:41:07.906 GMT-0500,12.052000000000001,12.018,0.0008,0.0008
17.03.2020 08:41:09.219 GMT-0500,12.052000000000001,12.038,0.002,0.002
17.03.2020 08:41:09.736 GMT-0500,12.06,12.038,0.0008,0.002
17.03.2020 08:41:09.786 GMT-0500,12.102,12.058,0.0008,0.0008
17.03.2020 08:41:09.990 GMT-0500,12.103,12.047,0.002,0.002
17.03.2020 08:41:10.336 GMT-0500,12.123,12.047,0.002,0.002
17.03.2020 08:41:10.420 GMT-0500,12.113,12.047,0.0008,0.002
17.03.2020 08:41:10.588 GMT-0500,12.112,12.047,0.0008,0.002
17.03.2020 08:41:10.722 GMT-0500,12.113,12.057,0.002,0.002
17.03.2020 08:41:11.203 GMT-0500,12.103,12.057,0.0008,0.002
17.03.2020 08:41:11.416 GMT-0500,12.113,12.057,0.002,0.002
17.03.2020 08:41:11.502 GMT-0500,12.113,12.057,0.0008,0.002
17.03.2020 08:41:11.553 GMT-0500,12.143,12.067,0.002,0.002
17.03.2020 08:41:11.666 GMT-0500,12.142000000000001,12.068,0.002,0.002
17.03.2020 08:41:11.717 GMT-0500,12.133,12.057,0.002,0.002
17.03.2020 08:41:11.847 GMT-0500,12.133,12.057,0.0008,0.002
17.03.2020 08:41:11.897 GMT-0500,12.142000000000001,12.068,0.0008,0.0008
17.03.2020 08:41:11.998 GMT-0500,12.082,12.067,0.0008,0.002
17.03.2020 08:41:12.249 GMT-0500,12.083,12.067,0.002,0.002
17.03.2020 08:41:12.299 GMT-0500,12.082,12.048,0.0008,0.0008
17.03.2020 08:41:12.458 GMT-0500,12.122,12.048,0.002,0.002
17.03.2020 08:41:12.738 GMT-0500,12.132000000000001,12.067,0.0008,0.002
17.03.2020 08:41:12.940 GMT-0500,12.133,12.067,0.002,0.002
17.03.2020 08:41:12.991 GMT-0500,12.143,12.067,0.002,0.002
17.03.2020 08:41:13.041 GMT-0500,12.133,12.067,0.002,0.002
17.03.2020 08:41:13.142 GMT-0500,12.143,12.047,0.002,0.002
17.03.2020 08:41:13.590 GMT-0500,12.123,12.047,0.0008,0.002
17.03.2020 08:41:14.003 GMT-0500,12.123,12.047,0.002,0.002
17.03.2020 08:41:14.152 GMT-0500,12.102,12.067,0.0008,0.002
17.03.2020 08:41:14.203 GMT-0500,12.142000000000001,12.068,0.0008,0.0008
17.03.2020 08:41:14.596 GMT-0500,12.142000000000001,12.047,0.0008,0.002
17.03.2020 08:41:14.646 GMT-0500,12.082,12.048,0.002,0.002
17.03.2020 08:41:14.913 GMT-0500,12.082,12.067,0.0008,0.0008
17.03.2020 08:41:15.130 GMT-0500,12.082,12.047,0.0008,0.002
17.03.2020 08:41:15.335 GMT-0500,12.083,12.047,0.002,0.002
17.03.2020 08:41:15.460 GMT-0500,12.082,12.067,0.0008,0.0008
17.03.2020 08:41:15.510 GMT-0500,12.082,12.048,0.002,0.002
17.03.2020 08:41:15.930 GMT-0500,12.082,12.068,0.002,0.0008
17.03.2020 08:41:16.744 GMT-0500,12.088,12.068,0.0008,0.002
17.03.2020 08:41:16.794 GMT-0500,12.133,12.077,0.002,0.002
17.03.2020 08:41:16.844 GMT-0500,12.132000000000001,12.088,0.0008,0.0008
17.03.2020 08:41:17.109 GMT-0500,12.142000000000001,12.088,0.0008,0.0008
17.03.2020 08:41:17.432 GMT-0500,12.143,12.087000000000002,0.002,0.002
17.03.2020 08:41:17.649 GMT-0500,12.132000000000001,12.087000000000002,0.0008,0.002
17.03.2020 08:41:17.854 GMT-0500,12.133,12.087000000000002,0.0008,0.002
17.03.2020 08:41:17.905 GMT-0500,12.143,12.087000000000002,0.002,0.002
17.03.2020 08:41:18.178 GMT-0500,12.142000000000001,12.088,0.0008,0.0008
17.03.2020 08:41:18.397 GMT-0500,12.133,12.087000000000002,0.0008,0.002
17.03.2020 08:41:18.498 GMT-0500,12.143,12.087000000000002,0.002,0.002
17.03.2020 08:41:18.771 GMT-0500,12.105,12.088,0.0008,0.0008
17.03.2020 08:41:19.872 GMT-0500,12.102,12.078,0.002,0.002
17.03.2020 08:41:20.229 GMT-0500,12.102,12.048,0.0008,0.0008
17.03.2020 08:41:20.563 GMT-0500,12.093,12.047,0.0008,0.002
17.03.2020 08:41:20.690 GMT-0500,12.092,12.048,0.0008,0.0008
17.03.2020 08:41:22.333 GMT-0500,12.092,12.068,0.0008,0.0008
17.03.2020 08:41:25.559 GMT-0500,12.133,12.077,0.002,0.002
17.03.2020 08:41:25.609 GMT-0500,12.132000000000001,12.088,0.0008,0.0008
17.03.2020 08:41:26.204 GMT-0500,12.112,12.088,0.0008,0.0008
17.03.2020 08:41:26.388 GMT-0500,12.142000000000001,12.088,0.002,0.002
17.03.2020 08:41:26.558 GMT-0500,12.113,12.088,0.0008,0.0008
17.03.2020 08:41:26.871 GMT-0500,12.113,12.087000000000002,0.002,0.002
17.03.2020 08:41:27.074 GMT-0500,12.112,12.088,0.0008,0.0008
17.03.2020 08:41:28.583 GMT-0500,12.102,12.088,0.0008,0.0008
17.03.2020 08:41:28.633 GMT-0500,12.102,12.078,0.002,0.002
17.03.2020 08:41:28.742 GMT-0500,12.102,12.078,0.0008,0.002
17.03.2020 08:41:28.792 GMT-0500,12.112,12.087000000000002,0.0008,0.002
17.03.2020 08:41:28.842 GMT-0500,12.102,12.078,0.002,0.002
17.03.2020 08:41:31.327 GMT-0500,12.113,12.077,0.002,0.002
17.03.2020 08:41:32.206 GMT-0500,12.132000000000001,12.077,0.0008,0.002
17.03.2020 08:41:32.875 GMT-0500,12.102,12.078,0.0008,0.002
17.03.2020 08:41:33.118 GMT-0500,12.103,12.077,0.0008,0.002
17.03.2020 08:41:33.168 GMT-0500,12.142000000000001,12.077,0.0008,0.002
17.03.2020 08:41:33.234 GMT-0500,12.142000000000001,12.087000000000002,0.0008,0.0008
17.03.2020 08:41:33.490 GMT-0500,12.102,12.078,0.0008,0.002
17.03.2020 08:41:33.540 GMT-0500,12.112,12.078,0.0008,0.0008
17.03.2020 08:41:33.682 GMT-0500,12.113,12.077,0.0008,0.002
17.03.2020 08:41:34.286 GMT-0500,12.103,12.077,0.002,0.002
17.03.2020 08:41:34.671 GMT-0500,12.093,12.077,0.0008,0.0008
17.03.2020 08:41:34.721 GMT-0500,12.083,12.047,0.002,0.002
17.03.2020 08:41:35.190 GMT-0500,12.082,12.048,0.0008,0.0008
17.03.2020 08:41:36.328 GMT-0500,12.082,12.048,0.0008,0.002
17.03.2020 08:41:41.307 GMT-0500,12.082,12.058,0.0008,0.002
17.03.2020 08:41:41.357 GMT-0500,12.093,12.067,0.002,0.002
17.03.2020 08:41:41.863 GMT-0500,12.102,12.067,0.0008,0.002
17.03.2020 08:41:42.286 GMT-0500,12.102,12.078,0.0008,0.0008
17.03.2020 08:41:45.586 GMT-0500,12.103,12.077,0.002,0.002
17.03.2020 08:41:45.812 GMT-0500,12.092,12.067,0.0008,0.0008
17.03.2020 08:41:46.840 GMT-0500,12.063,12.027000000000001,0.002,0.002
17.03.2020 08:41:47.011 GMT-0500,12.062000000000001,12.028,0.0008,0.0008
17.03.2020 08:41:47.352 GMT-0500,12.062000000000001,12.018,0.0008,0.002
17.03.2020 08:41:49.758 GMT-0500,12.062000000000001,12.037,0.0008,0.002
17.03.2020 08:41:49.808 GMT-0500,12.102,12.068,0.002,0.002
17.03.2020 08:41:50.280 GMT-0500,12.103,12.037,0.002,0.002
17.03.2020 08:41:50.885 GMT-0500,12.102,12.037,0.0008,0.002
17.03.2020 08:41:52.023 GMT-0500,12.102,12.077,0.0008,0.002
17.03.2020 08:41:52.331 GMT-0500,12.102,12.048,0.0008,0.0008
17.03.2020 08:41:54.035 GMT-0500,12.102,12.048,0.0008,0.002
17.03.2020 08:41:54.256 GMT-0500,12.102,12.048,0.002,0.002
17.03.2020 08:41:54.805 GMT-0500,12.102,12.048,0.002,0.002
17.03.2020 08:41:55.245 GMT-0500,12.103,12.077,0.002,0.002
17.03.2020 08:41:55.867 GMT-0500,12.103,12.087000000000002,0.002,0.0008
17.03.2020 08:41:55.917 GMT-0500,12.152000000000001,12.097000000000001,0.0008,0.002
17.03.2020 08:41:55.968 GMT-0500,12.152000000000001,12.078,0.002,0.002
17.03.2020 08:41:56.018 GMT-0500,12.153,12.087000000000002,0.002,0.002
17.03.2020 08:41:56.148 GMT-0500,12.152000000000001,12.088,0.0008,0.0008
17.03.2020 08:41:56.249 GMT-0500,12.153,12.087000000000002,0.002,0.002
17.03.2020 08:41:56.397 GMT-0500,12.153,12.087000000000002,0.0008,0.002
17.03.2020 08:41:56.447 GMT-0500,12.172,12.088,0.002,0.002
17.03.2020 08:41:56.818 GMT-0500,12.163,12.088,0.0008,0.0008
17.03.2020 08:41:56.868 GMT-0500,12.162,12.078,0.0008,0.0008
17.03.2020 08:41:56.998 GMT-0500,12.153,12.077,0.002,0.002
17.03.2020 08:41:57.135 GMT-0500,12.162,12.077,0.0008,0.002
17.03.2020 08:41:57.655 GMT-0500,12.152000000000001,12.077,0.0008,0.002
17.03.2020 08:41:58.007 GMT-0500,12.162,12.078,0.002,0.002
17.03.2020 08:41:58.832 GMT-0500,12.152000000000001,12.078,0.0008,0.002
17.03.2020 08:41:58.882 GMT-0500,12.152000000000001,12.048,0.002,0.002
17.03.2020 08:41:59.363 GMT-0500,12.152000000000001,12.048,0.0008,0.002
17.03.2020 08:42:00.335 GMT-0500,12.123,12.048,0.0008,0.0008
17.03.2020 08:42:00.436 GMT-0500,12.132000000000001,12.048,0.0008,0.0008
17.03.2020 08:42:00.672 GMT-0500,12.132000000000001,12.048,0.0008,0.002
17.03.2020 08:42:00.782 GMT-0500,12.088,12.077,0.0008,0.0008
17.03.2020 08:42:00.833 GMT-0500,12.132000000000001,12.058,0.0008,0.0008
17.03.2020 08:42:00.935 GMT-0500,12.083,12.057,0.0008,0.002
17.03.2020 08:42:01.383 GMT-0500,12.082,12.017000000000001,0.0008,0.002
17.03.2020 08:42:02.386 GMT-0500,12.083,12.017000000000001,0.002,0.002
17.03.2020 08:42:02.487 GMT-0500,12.083,12.017000000000001,0.002,0.002
17.03.2020 08:42:03.659 GMT-0500,12.042000000000002,12.017000000000001,0.0008,0.002
17.03.2020 08:42:03.709 GMT-0500,12.072000000000001,12.008,0.002,0.002
17.03.2020 08:42:03.759 GMT-0500,12.083,12.027000000000001,0.002,0.002
17.03.2020 08:42:03.871 GMT-0500,12.082,12.027000000000001,0.0008,0.002
17.03.2020 08:42:05.754 GMT-0500,12.082,12.048,0.0008,0.0008
17.03.2020 08:42:06.125 GMT-0500,12.083,12.047,0.002,0.002
17.03.2020 08:42:06.434 GMT-0500,12.082,12.047,0.0008,0.002
17.03.2020 08:42:07.060 GMT-0500,12.082,12.067,0.0008,0.0008
17.03.2020 08:42:07.479 GMT-0500,12.083,12.067,0.002,0.0008
17.03.2020 08:42:07.529 GMT-0500,12.082,12.058,0.0008,0.0008
17.03.2020 08:42:07.633 GMT-0500,12.082,12.047,0.0008,0.002
17.03.2020 08:42:08.582 GMT-0500,12.083,12.047,0.002,0.002
17.03.2020 08:42:08.686 GMT-0500,12.092,12.077,0.0008,0.002
17.03.2020 08:42:08.736 GMT-0500,12.133,12.077,0.002,0.002
17.03.2020 08:42:08.817 GMT-0500,12.123,12.077,0.0008,0.002
17.03.2020 08:42:08.867 GMT-0500,12.132000000000001,12.078,0.0008,0.0008
17.03.2020 08:42:08.918 GMT-0500,12.132000000000001,12.087000000000002,0.0008,0.0008
17.03.2020 08:42:08.968 GMT-0500,12.132000000000001,12.078,0.002,0.002
17.03.2020 08:42:09.018 GMT-0500,12.132000000000001,12.088,0.002,0.002
17.03.2020 08:42:09.197 GMT-0500,12.152000000000001,12.078,0.0008,0.0008
17.03.2020 08:42:09.350 GMT-0500,12.153,12.047,0.002,0.002
17.03.2020 08:42:09.611 GMT-0500,12.153,12.047,0.002,0.002
17.03.2020 08:42:09.661 GMT-0500,12.152000000000001,12.047,0.0008,0.002
17.03.2020 08:42:09.712 GMT-0500,12.143,12.047,0.002,0.002
17.03.2020 08:42:09.851 GMT-0500,12.152000000000001,12.048,0.002,0.002
17.03.2020 08:42:10.223 GMT-0500,12.152000000000001,12.048,0.0008,0.002
17.03.2020 08:42:10.452 GMT-0500,12.152000000000001,12.088,0.002,0.0008
17.03.2020 08:42:10.503 GMT-0500,12.152000000000001,12.047,0.0008,0.002
17.03.2020 08:42:10.919 GMT-0500,12.142000000000001,12.047,0.0008,0.002
17.03.2020 08:42:11.019 GMT-0500,12.152000000000001,12.048,0.0008,0.0008
17.03.2020 08:42:12.002 GMT-0500,12.142000000000001,12.048,0.0008,0.002
17.03.2020 08:42:12.152 GMT-0500,12.152000000000001,12.048,0.0008,0.0008
17.03.2020 08:42:12.387 GMT-0500,12.153,12.067,0.002,0.002
17.03.2020 08:42:12.622 GMT-0500,12.132000000000001,12.068,0.0008,0.0008
17.03.2020 08:42:14.461 GMT-0500,12.133,12.067,0.002,0.002
17.03.2020 08:42:15.295 GMT-0500,12.132000000000001,12.068,0.0008,0.002
17.03.2020 08:42:15.346 GMT-0500,12.132000000000001,12.068,0.0008,0.0008
17.03.2020 08:42:16.432 GMT-0500,12.132000000000001,12.038,0.002,0.002
17.03.2020 08:42:17.478 GMT-0500,12.132000000000001,12.048,0.002,0.002
17.03.2020 08:42:17.922 GMT-0500,12.123,12.067,0.0008,0.002
17.03.2020 08:42:17.972 GMT-0500,12.132000000000001,12.068,0.002,0.002
17.03.2020 08:42:18.329 GMT-0500,12.132000000000001,12.077,0.0008,0.0008
17.03.2020 08:42:18.846 GMT-0500,12.123,12.077,0.002,0.002
17.03.2020 08:42:18.969 GMT-0500,12.142000000000001,12.047,0.0008,0.002
17.03.2020 08:42:19.473 GMT-0500,12.113,12.047,0.0008,0.002
17.03.2020 08:42:19.795 GMT-0500,12.112,12.057,0.0008,0.002
17.03.2020 08:42:19.901 GMT-0500,12.112,12.067,0.0008,0.002
17.03.2020 08:42:20.047 GMT-0500,12.113,12.057,0.002,0.002
17.03.2020 08:42:20.588 GMT-0500,12.102,12.047,0.0008,0.002
17.03.2020 08:42:20.705 GMT-0500,12.113,12.047,0.002,0.002
17.03.2020 08:42:21.120 GMT-0500,12.112,12.048,0.0008,0.0008
17.03.2020 08:42:21.170 GMT-0500,12.102,12.048,0.002,0.002
17.03.2020 08:42:21.519 GMT-0500,12.112,12.048,0.0008,0.0008
17.03.2020 08:42:22.624 GMT-0500,12.082,12.048,0.0008,0.002
17.03.2020 08:42:24.741 GMT-0500,12.063,12.027000000000001,0.0008,0.002
17.03.2020 08:42:24.793 GMT-0500,12.083,12.017000000000001,0.002,0.002
17.03.2020 08:42:24.844 GMT-0500,12.052000000000001,12.008,0.002,0.002
17.03.2020 08:42:24.895 GMT-0500,12.083,12.007000000000001,0.002,0.002
17.03.2020 08:42:25.040 GMT-0500,12.072000000000001,12.008,0.0008,0.002
17.03.2020 08:42:25.141 GMT-0500,12.082,12.008,0.002,0.002
17.03.2020 08:42:25.328 GMT-0500,12.082,12.008,0.0008,0.002
17.03.2020 08:42:25.546 GMT-0500,12.072000000000001,12.018,0.0008,0.0008
17.03.2020 08:42:25.597 GMT-0500,12.072000000000001,12.007000000000001,0.0008,0.002
17.03.2020 08:42:25.666 GMT-0500,12.062000000000001,12.007000000000001,0.0008,0.002
17.03.2020 08:42:25.767 GMT-0500,12.072000000000001,12.007000000000001,0.0008,0.002
17.03.2020 08:42:26.020 GMT-0500,12.073,11.997,0.002,0.002
17.03.2020 08:42:27.166 GMT-0500,12.073,12.017000000000001,0.002,0.0008
17.03.2020 08:42:27.446 GMT-0500,12.063,12.017000000000001,0.0008,0.002
17.03.2020 08:42:27.601 GMT-0500,12.063,12.017000000000001,0.0008,0.002
17.03.2020 08:42:27.652 GMT-0500,12.073,12.017000000000001,0.002,0.002
17.03.2020 08:42:28.007 GMT-0500,12.072000000000001,12.017000000000001,0.0008,0.002
17.03.2020 08:42:28.936 GMT-0500,12.073,12.017000000000001,0.002,0.002
17.03.2020 08:42:29.456 GMT-0500,12.072000000000001,12.018,0.0008,0.002
17.03.2020 08:42:29.557 GMT-0500,12.083,12.027000000000001,0.002,0.002
17.03.2020 08:42:29.724 GMT-0500,12.082,12.027000000000001,0.0008,0.002
17.03.2020 08:42:30.284 GMT-0500,12.082,12.018,0.002,0.002
17.03.2020 08:42:30.792 GMT-0500,12.052000000000001,12.018,0.0008,0.002
17.03.2020 08:42:30.842 GMT-0500,12.082,12.017000000000001,0.0008,0.002
17.03.2020 08:42:31.795 GMT-0500,12.082,12.018,0.0008,0.002
17.03.2020 08:42:34.742 GMT-0500,12.052999999999999,12.038,0.0008,0.0008
17.03.2020 08:42:34.792 GMT-0500,12.052000000000001,12.028,0.002,0.002
17.03.2020 08:42:35.431 GMT-0500,12.052000000000001,12.038,0.0008,0.0008
17.03.2020 08:42:35.481 GMT-0500,12.082,12.038,0.0008,0.0008
17.03.2020 08:42:36.729 GMT-0500,12.052000000000001,12.028,0.002,0.002
17.03.2020 08:42:37.568 GMT-0500,12.052999999999999,12.017000000000001,0.002,0.002
17.03.2020 08:42:37.901 GMT-0500,12.052000000000001,12.017000000000001,0.0008,0.002
17.03.2020 08:42:38.777 GMT-0500,12.052000000000001,12.038,0.002,0.002
17.03.2020 08:42:43.050 GMT-0500,12.042000000000002,12.037,0.0008,0.0008
17.03.2020 08:42:43.100 GMT-0500,12.052000000000001,12.018,0.0008,0.0008
17.03.2020 08:42:49.902 GMT-0500,12.052999999999999,12.017000000000001,0.002,0.002
17.03.2020 08:42:50.828 GMT-0500,12.052000000000001,12.017000000000001,0.0008,0.002
17.03.2020 08:42:51.117 GMT-0500,12.032,12.017000000000001,0.0008,0.002
17.03.2020 08:42:51.528 GMT-0500,12.033,12.017000000000001,0.002,0.002
17.03.2020 08:42:56.168 GMT-0500,12.032,12.018,0.0008,0.0008
17.03.2020 08:42:57.436 GMT-0500,12.033,12.017000000000001,0.002,0.002
17.03.2020 08:42:57.826 GMT-0500,12.032,12.018,0.002,0.002
