Local time,Ask,Bid,AskVolume,BidVolume
24.03.2020 08:30:01.959 GMT-0500,110.443,110.147,0.002,0.002
24.03.2020 08:30:02.069 GMT-0500,110.42200000000001,110.148,0.0008,0.0008
24.03.2020 08:30:02.170 GMT-0500,110.423,110.087,0.002,0.002
24.03.2020 08:30:02.248 GMT-0500,110.40299999999999,110.087,0.0008,0.002
24.03.2020 08:30:02.603 GMT-0500,110.303,110.088,0.0008,0.0008
24.03.2020 08:30:02.703 GMT-0500,110.39200000000001,110.088,0.0008,0.0008
24.03.2020 08:30:02.862 GMT-0500,110.37200000000001,110.088,0.0008,0.0008
24.03.2020 08:30:03.000 GMT-0500,110.243,110.088,0.0008,0.0008
24.03.2020 08:30:03.053 GMT-0500,110.31200000000001,110.088,0.002,0.002
24.03.2020 08:30:03.203 GMT-0500,110.223,110.088,0.0008,0.0008
24.03.2020 08:30:03.304 GMT-0500,110.14200000000001,109.99799999999999,0.0008,0.0008
24.03.2020 08:30:03.420 GMT-0500,110.283,110.02700000000002,0.002,0.0008
24.03.2020 08:30:03.646 GMT-0500,110.33200000000001,109.99799999999999,0.0008,0.0008
24.03.2020 08:30:05.428 GMT-0500,110.253,109.99799999999999,0.0008,0.0008
24.03.2020 08:30:09.546 GMT-0500,110.242,109.228,0.002,0.002
24.03.2020 08:30:09.656 GMT-0500,110.242,109.238,0.002,0.002
24.03.2020 08:30:10.078 GMT-0500,110.242,109.228,0.0008,0.0008
24.03.2020 08:30:11.565 GMT-0500,110.23299999999999,109.23700000000001,0.0008,0.0008
24.03.2020 08:30:11.824 GMT-0500,110.242,109.228,0.0008,0.0008
24.03.2020 08:30:11.934 GMT-0500,110.23299999999999,109.227,0.0008,0.002
24.03.2020 08:30:12.236 GMT-0500,110.23200000000001,109.228,0.0008,0.0008
24.03.2020 08:30:12.759 GMT-0500,110.223,109.23700000000001,0.0008,0.0008
24.03.2020 08:30:12.859 GMT-0500,110.23299999999999,109.227,0.002,0.002
24.03.2020 08:30:13.580 GMT-0500,110.23200000000001,108.338,0.0008,0.0008
24.03.2020 08:30:14.078 GMT-0500,110.223,108.337,0.002,0.002
24.03.2020 08:30:14.299 GMT-0500,110.23299999999999,108.337,0.002,0.002
24.03.2020 08:30:14.556 GMT-0500,110.23200000000001,109.60799999999999,0.002,0.002
24.03.2020 08:30:15.521 GMT-0500,110.23200000000001,109.618,0.0008,0.0008
24.03.2020 08:30:15.670 GMT-0500,110.23200000000001,109.60799999999999,0.0008,0.0008
24.03.2020 08:30:16.168 GMT-0500,110.23200000000001,109.618,0.002,0.0008
24.03.2020 08:30:16.268 GMT-0500,110.23200000000001,109.60799999999999,0.0008,0.0008
24.03.2020 08:30:16.613 GMT-0500,110.23200000000001,109.787,0.0008,0.0008
24.03.2020 08:30:16.714 GMT-0500,110.23299999999999,109.787,0.002,0.002
24.03.2020 08:30:16.973 GMT-0500,110.053,109.787,0.0008,0.002
24.03.2020 08:30:17.333 GMT-0500,110.052,109.60799999999999,0.002,0.002
24.03.2020 08:30:17.383 GMT-0500,109.98200000000001,109.798,0.002,0.002
24.03.2020 08:30:17.433 GMT-0500,110.052,109.798,0.002,0.002
24.03.2020 08:30:17.735 GMT-0500,110.052,109.60799999999999,0.0008,0.0008
24.03.2020 08:30:17.842 GMT-0500,110.053,109.617,0.002,0.0008
24.03.2020 08:30:17.945 GMT-0500,110.053,109.82700000000001,0.0008,0.0008
24.03.2020 08:30:17.996 GMT-0500,110.25200000000001,109.60799999999999,0.002,0.002
24.03.2020 08:30:18.046 GMT-0500,110.253,109.98700000000001,0.002,0.002
24.03.2020 08:30:18.789 GMT-0500,110.14200000000001,109.98700000000001,0.0008,0.0008
24.03.2020 08:30:18.839 GMT-0500,110.14200000000001,109.93799999999999,0.0008,0.0008
24.03.2020 08:30:18.889 GMT-0500,110.143,109.95700000000001,0.002,0.002
24.03.2020 08:30:19.554 GMT-0500,110.14200000000001,109.95700000000001,0.0008,0.0008
24.03.2020 08:30:20.360 GMT-0500,110.14200000000001,110.007,0.0008,0.0008
24.03.2020 08:30:20.411 GMT-0500,110.12200000000001,109.93799999999999,0.0008,0.0008
24.03.2020 08:30:20.751 GMT-0500,110.12200000000001,108.618,0.0008,0.0008
24.03.2020 08:30:21.016 GMT-0500,110.11200000000001,108.618,0.0008,0.002
24.03.2020 08:30:21.257 GMT-0500,110.12200000000001,109.228,0.0008,0.0008
24.03.2020 08:30:22.505 GMT-0500,110.12200000000001,109.238,0.0008,0.0008
24.03.2020 08:30:22.671 GMT-0500,110.12200000000001,109.228,0.002,0.002
24.03.2020 08:30:24.056 GMT-0500,110.12200000000001,109.238,0.0008,0.0008
24.03.2020 08:30:24.504 GMT-0500,110.12200000000001,109.228,0.0008,0.0008
24.03.2020 08:30:25.067 GMT-0500,110.523,109.23700000000001,0.002,0.002
24.03.2020 08:30:25.118 GMT-0500,110.533,109.227,0.002,0.002
24.03.2020 08:30:25.644 GMT-0500,110.523,109.23700000000001,0.0008,0.0008
24.03.2020 08:30:25.787 GMT-0500,110.522,109.238,0.0008,0.0008
24.03.2020 08:30:25.837 GMT-0500,110.53200000000001,109.228,0.0008,0.0008
24.03.2020 08:30:26.732 GMT-0500,110.523,109.23700000000001,0.0008,0.0008
24.03.2020 08:30:26.833 GMT-0500,110.53200000000001,109.228,0.002,0.002
24.03.2020 08:30:28.934 GMT-0500,110.522,109.228,0.0008,0.0008
24.03.2020 08:30:28.985 GMT-0500,110.53200000000001,108.628,0.0008,0.0008
24.03.2020 08:30:29.102 GMT-0500,110.53200000000001,109.798,0.0008,0.0008
24.03.2020 08:30:29.864 GMT-0500,110.53200000000001,109.81700000000001,0.0008,0.0008
24.03.2020 08:30:30.015 GMT-0500,110.11200000000001,109.818,0.002,0.002
24.03.2020 08:30:30.385 GMT-0500,110.53200000000001,109.818,0.0008,0.0008
24.03.2020 08:30:31.432 GMT-0500,110.522,109.838,0.002,0.002
24.03.2020 08:30:31.607 GMT-0500,110.522,109.85700000000001,0.0008,0.0008
24.03.2020 08:30:31.722 GMT-0500,110.522,109.85799999999999,0.0008,0.002
24.03.2020 08:30:31.772 GMT-0500,110.53200000000001,109.85799999999999,0.0008,0.0008
24.03.2020 08:30:31.884 GMT-0500,110.53200000000001,109.878,0.0008,0.0008
24.03.2020 08:30:32.041 GMT-0500,110.113,109.87700000000001,0.0008,0.002
24.03.2020 08:30:32.220 GMT-0500,109.973,109.645,0.0008,0.0008
24.03.2020 08:30:32.270 GMT-0500,110.11200000000001,109.658,0.002,0.002
24.03.2020 08:30:32.454 GMT-0500,110.053,109.658,0.0008,0.0008
24.03.2020 08:30:33.410 GMT-0500,110.052,109.66799999999999,0.002,0.0008
24.03.2020 08:30:33.511 GMT-0500,110.052,109.658,0.0008,0.0008
24.03.2020 08:30:33.804 GMT-0500,110.052,109.788,0.0008,0.0008
24.03.2020 08:30:34.227 GMT-0500,110.053,109.787,0.0008,0.002
24.03.2020 08:30:34.277 GMT-0500,110.11200000000001,109.80799999999999,0.0008,0.0008
24.03.2020 08:30:34.327 GMT-0500,110.04299999999999,109.80700000000002,0.002,0.002
24.03.2020 08:30:34.378 GMT-0500,110.04299999999999,109.65700000000001,0.002,0.002
24.03.2020 08:30:34.482 GMT-0500,110.04200000000002,109.788,0.0008,0.0008
24.03.2020 08:30:35.142 GMT-0500,110.04299999999999,109.787,0.002,0.0008
24.03.2020 08:30:35.192 GMT-0500,110.04200000000002,109.66799999999999,0.0008,0.0008
24.03.2020 08:30:36.575 GMT-0500,110.04299999999999,109.66700000000002,0.002,0.0008
24.03.2020 08:30:36.676 GMT-0500,110.04200000000002,109.658,0.0008,0.0008
24.03.2020 08:30:37.603 GMT-0500,110.04200000000002,109.66799999999999,0.0008,0.0008
24.03.2020 08:30:37.703 GMT-0500,110.04200000000002,109.658,0.002,0.002
24.03.2020 08:30:38.795 GMT-0500,110.15200000000002,109.91799999999999,0.002,0.002
24.03.2020 08:30:38.845 GMT-0500,110.052,108.618,0.0008,0.0008
24.03.2020 08:30:38.967 GMT-0500,110.052,109.927,0.0008,0.0008
24.03.2020 08:30:39.018 GMT-0500,110.15200000000002,109.928,0.0008,0.0008
24.03.2020 08:30:39.075 GMT-0500,110.15200000000002,108.618,0.0008,0.0008
24.03.2020 08:30:39.220 GMT-0500,110.09200000000001,108.618,0.0008,0.0008
24.03.2020 08:30:39.363 GMT-0500,110.03200000000001,108.618,0.0008,0.0008
24.03.2020 08:30:39.861 GMT-0500,110.03200000000001,109.632,0.0008,0.0008
24.03.2020 08:30:39.912 GMT-0500,110.09200000000001,109.788,0.0008,0.0008
24.03.2020 08:30:39.972 GMT-0500,110.022,109.788,0.0008,0.0008
24.03.2020 08:30:40.864 GMT-0500,110.023,109.787,0.002,0.002
24.03.2020 08:30:40.965 GMT-0500,110.01200000000001,109.788,0.0008,0.0008
24.03.2020 08:30:41.212 GMT-0500,110.01200000000001,109.348,0.0008,0.0008
24.03.2020 08:30:42.288 GMT-0500,110.01200000000001,109.35700000000001,0.0008,0.0008
24.03.2020 08:30:42.338 GMT-0500,110.01200000000001,109.348,0.0008,0.0008
24.03.2020 08:30:43.166 GMT-0500,110.01200000000001,109.35799999999999,0.0008,0.0008
24.03.2020 08:30:43.216 GMT-0500,109.84299999999999,108.617,0.002,0.002
24.03.2020 08:30:43.267 GMT-0500,110.01200000000001,108.618,0.0008,0.0008
24.03.2020 08:30:43.317 GMT-0500,109.76299999999999,108.617,0.002,0.002
24.03.2020 08:30:43.855 GMT-0500,109.76200000000001,109.068,0.0008,0.0008
24.03.2020 08:30:44.274 GMT-0500,109.742,109.068,0.0008,0.002
24.03.2020 08:30:45.219 GMT-0500,109.61200000000001,109.51700000000001,0.0008,0.0008
24.03.2020 08:30:45.754 GMT-0500,110.01200000000001,108.228,0.0008,0.0008
24.03.2020 08:30:45.949 GMT-0500,110.01299999999999,108.65700000000001,0.002,0.0008
24.03.2020 08:30:46.221 GMT-0500,110.00200000000001,108.66799999999999,0.0008,0.0008
24.03.2020 08:30:46.390 GMT-0500,110.003,108.99700000000001,0.002,0.0008
24.03.2020 08:30:46.440 GMT-0500,110.01200000000001,108.99799999999999,0.0008,0.0008
24.03.2020 08:30:46.574 GMT-0500,110.01200000000001,109.048,0.0008,0.0008
24.03.2020 08:30:46.973 GMT-0500,110.01200000000001,109.09700000000001,0.0008,0.0008
24.03.2020 08:30:48.148 GMT-0500,110.01299999999999,109.09700000000001,0.0008,0.002
24.03.2020 08:30:48.199 GMT-0500,110.86200000000001,109.098,0.0008,0.0008
24.03.2020 08:30:48.279 GMT-0500,110.853,109.10700000000001,0.0008,0.0008
24.03.2020 08:30:48.329 GMT-0500,110.86200000000001,109.10799999999999,0.0008,0.0008
24.03.2020 08:30:48.761 GMT-0500,110.04200000000002,109.10799999999999,0.0008,0.0008
24.03.2020 08:30:49.089 GMT-0500,110.03200000000001,109.10799999999999,0.002,0.002
24.03.2020 08:30:49.241 GMT-0500,110.04200000000002,109.10799999999999,0.002,0.002
24.03.2020 08:30:50.790 GMT-0500,110.03200000000001,109.10799999999999,0.0008,0.0008
24.03.2020 08:30:50.998 GMT-0500,110.03200000000001,109.118,0.0008,0.002
24.03.2020 08:30:51.048 GMT-0500,110.04200000000002,109.118,0.0008,0.0008
24.03.2020 08:30:53.351 GMT-0500,110.04299999999999,109.117,0.002,0.002
24.03.2020 08:30:55.343 GMT-0500,110.03200000000001,109.118,0.0008,0.0008
24.03.2020 08:30:55.533 GMT-0500,110.033,109.118,0.0008,0.0008
24.03.2020 08:30:55.583 GMT-0500,110.86200000000001,109.118,0.002,0.002
24.03.2020 08:30:55.664 GMT-0500,110.86200000000001,109.128,0.002,0.0008
24.03.2020 08:30:56.046 GMT-0500,110.072,109.128,0.0008,0.0008
24.03.2020 08:30:56.764 GMT-0500,110.06200000000001,109.13799999999999,0.0008,0.0008
24.03.2020 08:30:56.933 GMT-0500,110.073,109.13700000000001,0.002,0.002
24.03.2020 08:30:57.794 GMT-0500,110.072,109.148,0.0008,0.0008
24.03.2020 08:30:59.532 GMT-0500,110.06299999999999,109.147,0.002,0.002
24.03.2020 08:31:00.851 GMT-0500,110.06299999999999,109.15700000000001,0.0008,0.002
24.03.2020 08:31:00.951 GMT-0500,110.072,109.158,0.002,0.002
24.03.2020 08:31:02.034 GMT-0500,110.06299999999999,109.158,0.0008,0.0008
24.03.2020 08:31:02.134 GMT-0500,110.073,109.15700000000001,0.002,0.002
24.03.2020 08:31:03.936 GMT-0500,110.06299999999999,109.15700000000001,0.002,0.002
24.03.2020 08:31:04.084 GMT-0500,110.073,109.15700000000001,0.002,0.002
24.03.2020 08:31:04.427 GMT-0500,110.072,109.15700000000001,0.0008,0.0008
24.03.2020 08:31:04.478 GMT-0500,110.86200000000001,109.118,0.0008,0.0008
24.03.2020 08:31:04.602 GMT-0500,110.86200000000001,109.38799999999999,0.0008,0.0008
24.03.2020 08:31:05.140 GMT-0500,110.09200000000001,109.38799999999999,0.0008,0.002
24.03.2020 08:31:05.319 GMT-0500,110.083,109.38700000000001,0.0008,0.002
24.03.2020 08:31:05.369 GMT-0500,110.09200000000001,109.38799999999999,0.0008,0.0008
24.03.2020 08:31:05.598 GMT-0500,110.322,109.60799999999999,0.0008,0.0008
24.03.2020 08:31:05.760 GMT-0500,109.75200000000001,109.55799999999999,0.002,0.002
24.03.2020 08:31:05.810 GMT-0500,110.36200000000001,109.55799999999999,0.0008,0.0008
24.03.2020 08:31:05.889 GMT-0500,110.363,109.57700000000001,0.002,0.0008
24.03.2020 08:31:05.989 GMT-0500,110.212,109.398,0.0008,0.0008
24.03.2020 08:31:06.040 GMT-0500,110.212,109.38799999999999,0.0008,0.0008
24.03.2020 08:31:06.241 GMT-0500,109.73200000000001,109.38799999999999,0.002,0.002
24.03.2020 08:31:06.621 GMT-0500,109.73200000000001,109.598,0.002,0.0008
24.03.2020 08:31:06.722 GMT-0500,110.352,109.63799999999999,0.002,0.002
24.03.2020 08:31:07.714 GMT-0500,110.19200000000001,109.63799999999999,0.002,0.002
24.03.2020 08:31:07.848 GMT-0500,110.18200000000002,109.63799999999999,0.002,0.002
24.03.2020 08:31:08.093 GMT-0500,110.19200000000001,109.63799999999999,0.0008,0.0008
24.03.2020 08:31:08.193 GMT-0500,110.36200000000001,109.71799999999999,0.0008,0.0008
24.03.2020 08:31:08.244 GMT-0500,111.23200000000001,109.71799999999999,0.0008,0.0008
24.03.2020 08:31:08.582 GMT-0500,111.23299999999999,109.71700000000001,0.002,0.002
24.03.2020 08:31:08.632 GMT-0500,110.772,109.71799999999999,0.0008,0.0008
24.03.2020 08:31:08.892 GMT-0500,110.65200000000002,109.71799999999999,0.0008,0.0008
24.03.2020 08:31:08.942 GMT-0500,110.662,109.71799999999999,0.002,0.002
24.03.2020 08:31:09.070 GMT-0500,110.272,109.71799999999999,0.0008,0.002
24.03.2020 08:31:10.925 GMT-0500,110.272,109.787,0.0008,0.0008
24.03.2020 08:31:11.221 GMT-0500,110.273,110.06700000000001,0.002,0.002
24.03.2020 08:31:11.272 GMT-0500,110.173,109.68700000000001,0.002,0.002
24.03.2020 08:31:11.420 GMT-0500,110.272,109.698,0.002,0.0008
24.03.2020 08:31:11.736 GMT-0500,110.272,109.71799999999999,0.0008,0.0008
24.03.2020 08:31:12.154 GMT-0500,110.272,109.727,0.0008,0.0008
24.03.2020 08:31:18.407 GMT-0500,110.273,109.73700000000001,0.002,0.0008
24.03.2020 08:31:22.126 GMT-0500,110.272,109.768,0.002,0.0008
24.03.2020 08:31:24.427 GMT-0500,110.25200000000001,109.768,0.0008,0.0008
24.03.2020 08:31:25.924 GMT-0500,110.25200000000001,109.798,0.0008,0.0008
24.03.2020 08:31:26.383 GMT-0500,110.242,109.818,0.0008,0.0008
24.03.2020 08:31:26.635 GMT-0500,110.243,109.81700000000001,0.002,0.002
24.03.2020 08:31:27.224 GMT-0500,110.243,109.837,0.002,0.0008
24.03.2020 08:31:27.490 GMT-0500,110.243,109.848,0.0008,0.0008
24.03.2020 08:31:27.874 GMT-0500,110.23200000000001,109.85799999999999,0.0008,0.0008
24.03.2020 08:31:28.025 GMT-0500,110.23299999999999,109.85700000000001,0.002,0.002
24.03.2020 08:31:28.560 GMT-0500,110.223,109.85700000000001,0.002,0.002
24.03.2020 08:31:28.611 GMT-0500,110.272,109.85799999999999,0.0008,0.0008
24.03.2020 08:31:29.630 GMT-0500,110.23200000000001,109.85799999999999,0.002,0.002
24.03.2020 08:31:31.449 GMT-0500,110.23200000000001,109.87700000000001,0.0008,0.0008
24.03.2020 08:31:31.759 GMT-0500,109.958,109.87700000000001,0.0008,0.0008
24.03.2020 08:31:31.810 GMT-0500,109.993,109.09700000000001,0.002,0.002
24.03.2020 08:31:31.860 GMT-0500,109.992,109.10799999999999,0.002,0.002
24.03.2020 08:31:32.318 GMT-0500,109.98299999999999,109.10700000000001,0.0008,0.0008
24.03.2020 08:31:32.368 GMT-0500,109.98200000000001,108.99799999999999,0.0008,0.0008
24.03.2020 08:31:32.949 GMT-0500,109.98200000000001,109.238,0.0008,0.0008
24.03.2020 08:31:33.067 GMT-0500,109.98200000000001,109.24799999999999,0.0008,0.0008
24.03.2020 08:31:33.908 GMT-0500,110.36200000000001,109.708,0.002,0.002
24.03.2020 08:31:34.037 GMT-0500,110.353,109.70700000000001,0.002,0.002
24.03.2020 08:31:34.087 GMT-0500,110.363,109.70700000000001,0.002,0.002
24.03.2020 08:31:34.703 GMT-0500,110.352,109.708,0.0008,0.0008
24.03.2020 08:31:35.106 GMT-0500,110.353,109.708,0.0008,0.0008
24.03.2020 08:31:35.156 GMT-0500,110.36200000000001,109.708,0.002,0.002
24.03.2020 08:31:35.568 GMT-0500,109.962,109.288,0.002,0.002
24.03.2020 08:31:35.879 GMT-0500,109.962,109.568,0.0008,0.0008
24.03.2020 08:31:36.298 GMT-0500,109.962,109.708,0.002,0.0008
24.03.2020 08:31:36.399 GMT-0500,109.963,109.56700000000001,0.002,0.002
24.03.2020 08:31:36.449 GMT-0500,109.962,109.708,0.0008,0.0008
24.03.2020 08:31:36.509 GMT-0500,109.962,109.568,0.0008,0.0008
24.03.2020 08:31:36.778 GMT-0500,109.962,109.708,0.0008,0.0008
24.03.2020 08:31:36.946 GMT-0500,109.962,109.70700000000001,0.0008,0.0008
24.03.2020 08:31:36.997 GMT-0500,109.962,109.568,0.002,0.002
24.03.2020 08:31:37.047 GMT-0500,109.94200000000001,109.568,0.002,0.002
24.03.2020 08:31:37.625 GMT-0500,109.92200000000001,109.57799999999999,0.0008,0.0008
24.03.2020 08:31:37.675 GMT-0500,109.92200000000001,109.568,0.002,0.002
24.03.2020 08:31:39.143 GMT-0500,109.973,109.65700000000001,0.0008,0.0008
24.03.2020 08:31:39.193 GMT-0500,109.912,109.588,0.0008,0.0008
24.03.2020 08:31:39.300 GMT-0500,109.89200000000001,109.588,0.0008,0.002
24.03.2020 08:31:39.466 GMT-0500,109.89200000000001,109.63799999999999,0.0008,0.0008
24.03.2020 08:31:40.571 GMT-0500,109.89200000000001,109.758,0.0008,0.0008
24.03.2020 08:31:40.672 GMT-0500,109.93200000000002,109.788,0.0008,0.0008
24.03.2020 08:31:41.061 GMT-0500,109.93200000000002,109.68799999999999,0.002,0.002
24.03.2020 08:31:41.161 GMT-0500,109.93200000000002,109.568,0.002,0.002
24.03.2020 08:31:41.212 GMT-0500,110.59200000000001,109.788,0.0008,0.0008
24.03.2020 08:31:41.262 GMT-0500,110.583,109.88700000000001,0.002,0.002
24.03.2020 08:31:41.385 GMT-0500,111.052,109.88799999999999,0.0008,0.0008
24.03.2020 08:31:41.551 GMT-0500,111.052,109.24799999999999,0.0008,0.0008
24.03.2020 08:31:41.752 GMT-0500,110.70299999999999,109.46700000000001,0.0008,0.0008
24.03.2020 08:31:42.701 GMT-0500,110.693,109.477,0.0008,0.0008
24.03.2020 08:31:43.380 GMT-0500,110.25200000000001,109.477,0.0008,0.0008
24.03.2020 08:31:43.557 GMT-0500,110.253,109.477,0.002,0.002
24.03.2020 08:31:44.231 GMT-0500,110.25200000000001,109.48700000000001,0.0008,0.0008
24.03.2020 08:31:44.636 GMT-0500,110.25200000000001,109.46799999999999,0.0008,0.0008
24.03.2020 08:31:46.472 GMT-0500,110.25200000000001,109.478,0.0008,0.0008
24.03.2020 08:31:46.522 GMT-0500,110.69200000000001,109.478,0.0008,0.0008
24.03.2020 08:31:46.573 GMT-0500,110.70200000000001,109.898,0.0008,0.0008
24.03.2020 08:31:47.970 GMT-0500,110.70200000000001,109.99799999999999,0.0008,0.0008
24.03.2020 08:31:48.129 GMT-0500,110.69200000000001,109.99799999999999,0.0008,0.0008
24.03.2020 08:31:48.420 GMT-0500,110.693,109.99700000000001,0.002,0.002
24.03.2020 08:31:48.725 GMT-0500,110.70299999999999,109.99700000000001,0.002,0.002
24.03.2020 08:31:51.400 GMT-0500,110.69200000000001,109.99799999999999,0.0008,0.0008
24.03.2020 08:31:51.570 GMT-0500,110.693,109.99700000000001,0.0008,0.002
24.03.2020 08:31:51.621 GMT-0500,110.70200000000001,109.99799999999999,0.0008,0.0008
24.03.2020 08:31:52.021 GMT-0500,110.70200000000001,110.018,0.002,0.0008
24.03.2020 08:31:52.156 GMT-0500,110.693,110.197,0.0008,0.0008
24.03.2020 08:31:52.206 GMT-0500,110.893,110.197,0.002,0.002
24.03.2020 08:31:52.322 GMT-0500,111.53200000000001,110.198,0.0008,0.0008
24.03.2020 08:31:52.673 GMT-0500,110.943,110.198,0.0008,0.0008
24.03.2020 08:31:52.795 GMT-0500,110.93200000000002,110.198,0.0008,0.0008
24.03.2020 08:31:52.846 GMT-0500,110.94200000000001,110.198,0.0008,0.0008
24.03.2020 08:31:53.171 GMT-0500,110.94200000000001,110.21799999999999,0.002,0.0008
24.03.2020 08:31:53.451 GMT-0500,110.94200000000001,110.23700000000001,0.0008,0.0008
24.03.2020 08:31:53.501 GMT-0500,111.12200000000001,110.238,0.0008,0.0008
24.03.2020 08:31:54.000 GMT-0500,111.113,110.23700000000001,0.0008,0.002
24.03.2020 08:31:54.288 GMT-0500,111.11200000000001,110.238,0.0008,0.0008
24.03.2020 08:31:55.044 GMT-0500,110.893,110.23700000000001,0.0008,0.0008
24.03.2020 08:31:55.095 GMT-0500,110.89200000000001,110.178,0.002,0.002
24.03.2020 08:31:55.651 GMT-0500,110.883,110.197,0.0008,0.0008
24.03.2020 08:31:55.781 GMT-0500,110.89200000000001,110.198,0.0008,0.0008
24.03.2020 08:31:55.905 GMT-0500,110.89200000000001,110.21799999999999,0.0008,0.0008
24.03.2020 08:31:56.254 GMT-0500,110.89200000000001,110.158,0.0008,0.0008
24.03.2020 08:31:57.042 GMT-0500,110.883,110.177,0.0008,0.0008
24.03.2020 08:31:57.190 GMT-0500,110.883,110.178,0.0008,0.0008
24.03.2020 08:31:57.241 GMT-0500,110.89200000000001,110.178,0.002,0.002
24.03.2020 08:31:58.328 GMT-0500,110.882,110.178,0.0008,0.002
24.03.2020 08:31:58.631 GMT-0500,110.89200000000001,110.178,0.0008,0.0008
24.03.2020 08:31:59.875 GMT-0500,110.883,110.197,0.0008,0.0008
24.03.2020 08:31:59.976 GMT-0500,110.893,110.197,0.002,0.002
24.03.2020 08:32:00.519 GMT-0500,110.882,110.21799999999999,0.0008,0.0008
24.03.2020 08:32:00.639 GMT-0500,111.04200000000002,110.38799999999999,0.002,0.002
24.03.2020 08:32:00.866 GMT-0500,110.963,110.38799999999999,0.0008,0.0008
24.03.2020 08:32:01.064 GMT-0500,110.963,110.337,0.002,0.002
24.03.2020 08:32:01.209 GMT-0500,111.113,110.337,0.002,0.002
24.03.2020 08:32:01.482 GMT-0500,111.103,110.337,0.0008,0.002
24.03.2020 08:32:01.586 GMT-0500,111.102,110.338,0.0008,0.0008
24.03.2020 08:32:01.728 GMT-0500,110.853,110.45700000000001,0.0008,0.0008
24.03.2020 08:32:01.829 GMT-0500,110.863,110.46700000000001,0.002,0.002
24.03.2020 08:32:02.205 GMT-0500,110.87200000000001,110.46799999999999,0.0008,0.0008
24.03.2020 08:32:03.433 GMT-0500,110.852,110.46799999999999,0.0008,0.0008
24.03.2020 08:32:04.605 GMT-0500,110.853,110.46799999999999,0.0008,0.0008
24.03.2020 08:32:04.656 GMT-0500,110.95200000000001,110.46799999999999,0.002,0.002
24.03.2020 08:32:05.256 GMT-0500,111.302,110.46799999999999,0.0008,0.0008
24.03.2020 08:32:05.451 GMT-0500,111.04299999999999,110.46700000000001,0.0008,0.002
24.03.2020 08:32:05.611 GMT-0500,110.95299999999999,110.46700000000001,0.0008,0.002
24.03.2020 08:32:06.031 GMT-0500,110.94200000000001,110.46799999999999,0.002,0.002
24.03.2020 08:32:06.101 GMT-0500,110.95200000000001,110.46799999999999,0.0008,0.0008
24.03.2020 08:32:06.391 GMT-0500,110.912,110.46799999999999,0.002,0.002
24.03.2020 08:32:06.676 GMT-0500,110.923,110.46700000000001,0.002,0.002
24.03.2020 08:32:08.445 GMT-0500,110.923,110.46799999999999,0.0008,0.0008
24.03.2020 08:32:09.066 GMT-0500,110.81200000000001,110.46799999999999,0.0008,0.002
24.03.2020 08:32:10.080 GMT-0500,110.802,110.46799999999999,0.0008,0.0008
24.03.2020 08:32:10.297 GMT-0500,110.79299999999999,110.46700000000001,0.0008,0.0008
24.03.2020 08:32:10.347 GMT-0500,110.79200000000002,109.85799999999999,0.002,0.002
24.03.2020 08:32:10.635 GMT-0500,110.79299999999999,109.70700000000001,0.002,0.002
24.03.2020 08:32:10.719 GMT-0500,110.772,109.71799999999999,0.0008,0.0008
24.03.2020 08:32:10.843 GMT-0500,110.742,109.98700000000001,0.0008,0.0008
24.03.2020 08:32:11.080 GMT-0500,111.29200000000002,110.338,0.0008,0.0008
24.03.2020 08:32:11.313 GMT-0500,110.70299999999999,110.338,0.0008,0.0008
24.03.2020 08:32:11.861 GMT-0500,110.802,110.338,0.0008,0.0008
24.03.2020 08:32:11.974 GMT-0500,111.14200000000001,110.338,0.002,0.002
24.03.2020 08:32:12.321 GMT-0500,111.132,110.338,0.0008,0.002
24.03.2020 08:32:12.459 GMT-0500,111.133,110.348,0.0008,0.0008
24.03.2020 08:32:12.509 GMT-0500,111.29200000000002,110.348,0.002,0.002
24.03.2020 08:32:12.985 GMT-0500,111.242,110.348,0.0008,0.002
24.03.2020 08:32:13.139 GMT-0500,111.23299999999999,110.348,0.0008,0.0008
24.03.2020 08:32:13.287 GMT-0500,111.23200000000001,110.348,0.0008,0.0008
24.03.2020 08:32:13.627 GMT-0500,111.23200000000001,110.538,0.0008,0.0008
24.03.2020 08:32:14.422 GMT-0500,110.78200000000001,110.35799999999999,0.0008,0.0008
24.03.2020 08:32:14.994 GMT-0500,110.79299999999999,110.35700000000001,0.002,0.002
24.03.2020 08:32:15.172 GMT-0500,110.79200000000002,110.368,0.0008,0.0008
24.03.2020 08:32:15.395 GMT-0500,110.79200000000002,110.35799999999999,0.0008,0.0008
24.03.2020 08:32:16.455 GMT-0500,110.79200000000002,110.368,0.002,0.0008
24.03.2020 08:32:16.678 GMT-0500,110.79200000000002,110.338,0.0008,0.0008
24.03.2020 08:32:17.681 GMT-0500,110.79200000000002,110.008,0.0008,0.0008
24.03.2020 08:32:18.618 GMT-0500,110.79200000000002,110.018,0.002,0.0008
24.03.2020 08:32:19.389 GMT-0500,110.773,110.02700000000002,0.002,0.002
24.03.2020 08:32:19.548 GMT-0500,110.772,110.448,0.0008,0.0008
24.03.2020 08:32:19.649 GMT-0500,110.76200000000001,110.448,0.0008,0.0008
24.03.2020 08:32:20.123 GMT-0500,110.742,110.448,0.0008,0.0008
24.03.2020 08:32:20.224 GMT-0500,110.75200000000001,110.448,0.002,0.002
24.03.2020 08:32:22.179 GMT-0500,110.743,110.448,0.0008,0.0008
24.03.2020 08:32:22.230 GMT-0500,110.75200000000001,110.448,0.0008,0.0008
24.03.2020 08:32:23.641 GMT-0500,110.772,110.448,0.0008,0.0008
24.03.2020 08:32:28.644 GMT-0500,110.772,110.538,0.0008,0.0008
24.03.2020 08:32:28.695 GMT-0500,110.78200000000001,110.538,0.0008,0.0008
24.03.2020 08:32:30.278 GMT-0500,110.783,110.537,0.002,0.0008
24.03.2020 08:32:30.556 GMT-0500,110.78200000000001,110.537,0.0008,0.0008
24.03.2020 08:32:30.656 GMT-0500,110.783,110.447,0.002,0.002
24.03.2020 08:32:31.295 GMT-0500,110.78200000000001,110.478,0.0008,0.0008
24.03.2020 08:32:32.321 GMT-0500,110.78200000000001,110.49700000000001,0.0008,0.0008
24.03.2020 08:32:33.479 GMT-0500,110.78200000000001,110.518,0.002,0.0008
24.03.2020 08:32:34.178 GMT-0500,110.783,110.51700000000001,0.002,0.0008
24.03.2020 08:32:34.229 GMT-0500,110.783,110.48700000000001,0.002,0.002
24.03.2020 08:32:34.398 GMT-0500,110.783,110.52700000000002,0.002,0.0008
24.03.2020 08:32:34.693 GMT-0500,110.78200000000001,110.52700000000002,0.0008,0.0008
24.03.2020 08:32:34.744 GMT-0500,110.78200000000001,110.488,0.0008,0.0008
24.03.2020 08:32:35.020 GMT-0500,110.783,110.48700000000001,0.0008,0.002
24.03.2020 08:32:35.121 GMT-0500,111.14200000000001,110.46799999999999,0.0008,0.0008
24.03.2020 08:32:35.171 GMT-0500,110.70299999999999,110.46700000000001,0.002,0.002
24.03.2020 08:32:35.299 GMT-0500,110.632,110.46799999999999,0.0008,0.0008
24.03.2020 08:32:35.350 GMT-0500,111.12299999999999,110.177,0.002,0.002
24.03.2020 08:32:35.579 GMT-0500,111.12200000000001,110.177,0.0008,0.0008
24.03.2020 08:32:36.229 GMT-0500,110.58200000000001,109.99799999999999,0.002,0.002
24.03.2020 08:32:36.412 GMT-0500,110.58200000000001,110.007,0.0008,0.0008
24.03.2020 08:32:36.689 GMT-0500,110.58200000000001,110.16700000000002,0.0008,0.0008
24.03.2020 08:32:37.443 GMT-0500,110.58200000000001,110.18799999999999,0.0008,0.0008
24.03.2020 08:32:37.900 GMT-0500,110.58200000000001,110.20700000000001,0.0008,0.0008
24.03.2020 08:32:38.820 GMT-0500,110.583,110.20700000000001,0.002,0.002
24.03.2020 08:32:40.851 GMT-0500,110.58200000000001,110.228,0.0008,0.0008
24.03.2020 08:32:41.215 GMT-0500,110.58200000000001,110.24799999999999,0.002,0.0008
24.03.2020 08:32:41.557 GMT-0500,110.58200000000001,110.26700000000001,0.0008,0.0008
24.03.2020 08:32:42.381 GMT-0500,110.583,110.287,0.002,0.002
24.03.2020 08:32:43.374 GMT-0500,110.58200000000001,110.348,0.002,0.0008
24.03.2020 08:32:43.506 GMT-0500,110.58200000000001,110.38799999999999,0.002,0.002
24.03.2020 08:32:43.609 GMT-0500,110.625,110.52700000000002,0.0008,0.0008
24.03.2020 08:32:43.660 GMT-0500,110.992,110.41799999999999,0.002,0.002
24.03.2020 08:32:44.123 GMT-0500,111.003,110.43700000000001,0.002,0.002
24.03.2020 08:32:44.423 GMT-0500,111.00200000000001,110.458,0.0008,0.0008
24.03.2020 08:32:44.615 GMT-0500,111.00200000000001,110.477,0.0008,0.0008
24.03.2020 08:32:44.970 GMT-0500,111.00200000000001,110.478,0.0008,0.0008
24.03.2020 08:32:45.320 GMT-0500,111.00200000000001,110.518,0.0008,0.0008
24.03.2020 08:32:45.493 GMT-0500,110.993,110.51700000000001,0.0008,0.002
24.03.2020 08:32:45.767 GMT-0500,110.993,110.52799999999999,0.0008,0.0008
24.03.2020 08:32:45.817 GMT-0500,111.00200000000001,110.52799999999999,0.002,0.002
24.03.2020 08:32:46.317 GMT-0500,111.003,110.52700000000002,0.002,0.002
24.03.2020 08:32:46.491 GMT-0500,111.00200000000001,110.538,0.0008,0.0008
24.03.2020 08:32:46.803 GMT-0500,111.003,110.537,0.002,0.002
24.03.2020 08:32:47.977 GMT-0500,110.992,110.538,0.0008,0.0008
24.03.2020 08:32:48.050 GMT-0500,111.003,110.537,0.002,0.002
24.03.2020 08:32:48.765 GMT-0500,110.993,110.537,0.0008,0.002
24.03.2020 08:32:48.978 GMT-0500,110.993,110.538,0.0008,0.0008
24.03.2020 08:32:49.028 GMT-0500,111.00200000000001,110.538,0.0008,0.0008
24.03.2020 08:32:49.320 GMT-0500,111.00200000000001,110.60799999999999,0.002,0.002
24.03.2020 08:32:49.371 GMT-0500,110.98299999999999,110.10700000000001,0.002,0.002
24.03.2020 08:32:49.530 GMT-0500,110.97200000000001,109.99799999999999,0.0008,0.0008
24.03.2020 08:32:49.581 GMT-0500,110.98299999999999,109.99700000000001,0.002,0.002
24.03.2020 08:32:50.241 GMT-0500,110.973,110.007,0.0008,0.0008
24.03.2020 08:32:50.341 GMT-0500,110.98200000000001,109.99799999999999,0.0008,0.0008
24.03.2020 08:32:50.392 GMT-0500,111.00200000000001,109.99799999999999,0.0008,0.0008
24.03.2020 08:32:51.090 GMT-0500,111.003,109.99700000000001,0.0008,0.002
24.03.2020 08:32:51.848 GMT-0500,111.193,110.007,0.0008,0.0008
24.03.2020 08:32:51.899 GMT-0500,111.20200000000001,109.99799999999999,0.0008,0.0008
24.03.2020 08:32:52.437 GMT-0500,111.193,110.007,0.0008,0.0008
24.03.2020 08:32:52.487 GMT-0500,111.19200000000001,109.99799999999999,0.002,0.002
24.03.2020 08:32:53.604 GMT-0500,111.18299999999999,110.007,0.0008,0.0008
24.03.2020 08:32:53.757 GMT-0500,111.18299999999999,109.99700000000001,0.002,0.002
24.03.2020 08:32:53.807 GMT-0500,111.18200000000002,110.16799999999999,0.0008,0.0008
24.03.2020 08:32:55.018 GMT-0500,111.173,110.16700000000002,0.0008,0.002
24.03.2020 08:32:55.268 GMT-0500,111.17200000000001,110.178,0.0008,0.0008
24.03.2020 08:32:56.146 GMT-0500,111.162,110.178,0.0008,0.002
24.03.2020 08:32:56.247 GMT-0500,111.17200000000001,110.178,0.0008,0.0008
24.03.2020 08:32:58.167 GMT-0500,111.17200000000001,109.99799999999999,0.0008,0.0008
24.03.2020 08:32:58.302 GMT-0500,111.163,110.007,0.0008,0.0008
24.03.2020 08:32:59.484 GMT-0500,111.162,110.18799999999999,0.0008,0.0008
24.03.2020 08:32:59.585 GMT-0500,111.19200000000001,110.18799999999999,0.002,0.002
24.03.2020 08:33:00.267 GMT-0500,111.19200000000001,110.208,0.002,0.0008
24.03.2020 08:33:01.395 GMT-0500,111.19200000000001,110.228,0.0008,0.0008
24.03.2020 08:33:01.446 GMT-0500,111.20200000000001,110.228,0.002,0.002
24.03.2020 08:33:01.496 GMT-0500,111.19200000000001,110.228,0.0008,0.0008
24.03.2020 08:33:01.547 GMT-0500,111.20299999999999,110.227,0.002,0.002
24.03.2020 08:33:02.323 GMT-0500,111.19200000000001,110.24799999999999,0.0008,0.0008
24.03.2020 08:33:02.516 GMT-0500,111.20299999999999,110.27700000000002,0.002,0.002
24.03.2020 08:33:02.983 GMT-0500,111.20299999999999,110.29700000000001,0.002,0.0008
24.03.2020 08:33:05.391 GMT-0500,111.20200000000001,110.31700000000001,0.0008,0.0008
24.03.2020 08:33:05.504 GMT-0500,111.20200000000001,110.338,0.0008,0.0008
24.03.2020 08:33:07.514 GMT-0500,111.193,110.338,0.0008,0.0008
24.03.2020 08:33:07.564 GMT-0500,111.193,110.27700000000002,0.002,0.002
24.03.2020 08:33:08.436 GMT-0500,110.87299999999999,110.287,0.0008,0.0008
24.03.2020 08:33:08.487 GMT-0500,110.87299999999999,110.27700000000002,0.002,0.002
24.03.2020 08:33:10.683 GMT-0500,110.87200000000001,110.158,0.0008,0.0008
24.03.2020 08:33:10.793 GMT-0500,110.87299999999999,110.16700000000002,0.002,0.0008
24.03.2020 08:33:11.263 GMT-0500,110.87200000000001,110.618,0.0008,0.0008
24.03.2020 08:33:11.313 GMT-0500,110.882,110.618,0.002,0.002
24.03.2020 08:33:11.539 GMT-0500,111.29200000000002,110.618,0.0008,0.0008
24.03.2020 08:33:11.592 GMT-0500,110.882,110.618,0.0008,0.0008
24.03.2020 08:33:11.758 GMT-0500,110.883,110.618,0.0008,0.0008
24.03.2020 08:33:11.808 GMT-0500,111.29200000000002,110.618,0.0008,0.0008
24.03.2020 08:33:12.327 GMT-0500,110.883,110.618,0.0008,0.0008
24.03.2020 08:33:13.328 GMT-0500,110.79299999999999,110.617,0.0008,0.0008
24.03.2020 08:33:13.379 GMT-0500,110.79200000000002,110.568,0.0008,0.0008
24.03.2020 08:33:16.542 GMT-0500,110.79200000000002,110.628,0.002,0.0008
24.03.2020 08:33:17.577 GMT-0500,110.79200000000002,110.65700000000001,0.0008,0.0008
24.03.2020 08:33:17.627 GMT-0500,110.79299999999999,110.56700000000001,0.002,0.002
24.03.2020 08:33:17.830 GMT-0500,110.79299999999999,110.62700000000001,0.002,0.0008
24.03.2020 08:33:18.217 GMT-0500,110.79200000000002,110.648,0.0008,0.0008
24.03.2020 08:33:19.423 GMT-0500,111.283,110.727,0.002,0.002
24.03.2020 08:33:19.529 GMT-0500,111.28200000000001,110.728,0.0008,0.0008
24.03.2020 08:33:19.580 GMT-0500,111.48200000000001,110.68799999999999,0.0008,0.0008
24.03.2020 08:33:19.982 GMT-0500,111.34299999999999,110.68700000000001,0.002,0.002
24.03.2020 08:33:22.410 GMT-0500,111.33200000000001,110.788,0.0008,0.0008
24.03.2020 08:33:22.546 GMT-0500,111.33200000000001,110.818,0.0008,0.0008
24.03.2020 08:33:22.597 GMT-0500,111.48299999999999,110.81700000000001,0.002,0.002
24.03.2020 08:33:23.045 GMT-0500,111.44200000000001,110.818,0.0008,0.0008
24.03.2020 08:33:23.197 GMT-0500,111.43200000000002,110.818,0.0008,0.0008
24.03.2020 08:33:23.324 GMT-0500,111.44200000000001,110.77799999999999,0.0008,0.0008
24.03.2020 08:33:24.254 GMT-0500,111.43299999999999,110.77700000000002,0.0008,0.002
24.03.2020 08:33:24.663 GMT-0500,110.993,110.397,0.002,0.0008
24.03.2020 08:33:24.904 GMT-0500,110.992,110.38799999999999,0.0008,0.0008
24.03.2020 08:33:25.591 GMT-0500,110.992,110.398,0.0008,0.0008
24.03.2020 08:33:25.692 GMT-0500,111.023,110.77700000000002,0.002,0.002
24.03.2020 08:33:32.853 GMT-0500,111.022,110.798,0.0008,0.0008
24.03.2020 08:33:33.873 GMT-0500,111.023,110.81700000000001,0.002,0.0008
24.03.2020 08:33:33.973 GMT-0500,111.42200000000001,110.958,0.0008,0.0008
24.03.2020 08:33:34.024 GMT-0500,111.48299999999999,110.95700000000001,0.002,0.002
24.03.2020 08:33:34.153 GMT-0500,111.743,110.977,0.002,0.002
24.03.2020 08:33:34.550 GMT-0500,111.68299999999999,110.977,0.0008,0.002
24.03.2020 08:33:34.836 GMT-0500,111.67200000000001,110.99799999999999,0.0008,0.0008
24.03.2020 08:33:35.069 GMT-0500,111.673,110.99799999999999,0.0008,0.0008
24.03.2020 08:33:35.119 GMT-0500,111.68200000000002,110.99799999999999,0.002,0.002
24.03.2020 08:33:36.237 GMT-0500,111.68200000000002,110.958,0.0008,0.0008
24.03.2020 08:33:36.288 GMT-0500,111.673,110.977,0.002,0.002
24.03.2020 08:33:36.581 GMT-0500,111.67200000000001,110.978,0.0008,0.0008
24.03.2020 08:33:37.093 GMT-0500,111.673,110.947,0.002,0.002
24.03.2020 08:33:37.197 GMT-0500,111.663,110.947,0.0008,0.002
24.03.2020 08:33:37.336 GMT-0500,111.662,110.948,0.0008,0.0008
24.03.2020 08:33:37.632 GMT-0500,111.662,111.008,0.0008,0.0008
24.03.2020 08:33:38.342 GMT-0500,111.65299999999999,111.007,0.0008,0.002
24.03.2020 08:33:38.574 GMT-0500,111.65200000000002,111.008,0.0008,0.0008
24.03.2020 08:33:39.205 GMT-0500,111.64200000000001,111.008,0.0008,0.0008
24.03.2020 08:33:39.431 GMT-0500,111.643,111.007,0.002,0.002
24.03.2020 08:33:40.591 GMT-0500,111.198,111.007,0.0008,0.0008
24.03.2020 08:33:40.641 GMT-0500,111.19200000000001,110.948,0.002,0.002
24.03.2020 08:33:41.602 GMT-0500,111.073,110.88,0.0008,0.0008
24.03.2020 08:33:41.653 GMT-0500,111.17200000000001,110.948,0.0008,0.0008
24.03.2020 08:33:41.760 GMT-0500,111.17200000000001,110.80799999999999,0.002,0.0008
24.03.2020 08:33:41.941 GMT-0500,111.17200000000001,110.81700000000001,0.0008,0.0008
24.03.2020 08:33:42.252 GMT-0500,111.173,110.838,0.0008,0.0008
24.03.2020 08:33:42.302 GMT-0500,111.22200000000001,110.838,0.002,0.002
24.03.2020 08:33:43.900 GMT-0500,111.223,110.81700000000001,0.002,0.002
24.03.2020 08:33:44.336 GMT-0500,111.22200000000001,110.82799999999999,0.0008,0.0008
24.03.2020 08:33:44.619 GMT-0500,111.22200000000001,110.85799999999999,0.0008,0.0008
24.03.2020 08:33:45.138 GMT-0500,111.223,110.82700000000001,0.002,0.002
24.03.2020 08:33:46.079 GMT-0500,111.22200000000001,110.838,0.0008,0.0008
24.03.2020 08:33:46.417 GMT-0500,111.143,110.84700000000001,0.002,0.002
24.03.2020 08:33:46.467 GMT-0500,111.14200000000001,110.82799999999999,0.002,0.002
24.03.2020 08:33:46.756 GMT-0500,111.14200000000001,110.867,0.0008,0.0008
24.03.2020 08:33:46.807 GMT-0500,111.22200000000001,110.868,0.0008,0.0008
24.03.2020 08:33:46.969 GMT-0500,111.223,110.867,0.002,0.002
24.03.2020 08:33:47.019 GMT-0500,111.162,110.868,0.0008,0.0008
24.03.2020 08:33:47.139 GMT-0500,111.14200000000001,110.88799999999999,0.0008,0.0008
24.03.2020 08:33:47.189 GMT-0500,111.14200000000001,110.82799999999999,0.0008,0.0008
24.03.2020 08:33:48.368 GMT-0500,111.143,110.898,0.0008,0.0008
24.03.2020 08:33:48.418 GMT-0500,111.22200000000001,110.898,0.002,0.002
24.03.2020 08:33:48.493 GMT-0500,111.212,110.898,0.0008,0.002
24.03.2020 08:33:48.543 GMT-0500,111.22200000000001,110.898,0.0008,0.0008
24.03.2020 08:33:48.789 GMT-0500,111.223,110.91700000000002,0.002,0.0008
24.03.2020 08:33:49.305 GMT-0500,111.212,110.93799999999999,0.0008,0.0008
24.03.2020 08:33:49.405 GMT-0500,111.22200000000001,110.93799999999999,0.0008,0.0008
24.03.2020 08:33:49.840 GMT-0500,111.22200000000001,110.95700000000001,0.0008,0.0008
24.03.2020 08:33:52.679 GMT-0500,111.162,110.978,0.0008,0.0008
24.03.2020 08:33:54.204 GMT-0500,111.12200000000001,110.99799999999999,0.002,0.002
24.03.2020 08:33:54.254 GMT-0500,111.223,110.93700000000001,0.002,0.002
24.03.2020 08:33:54.331 GMT-0500,111.223,111.04700000000001,0.002,0.0008
24.03.2020 08:33:55.939 GMT-0500,111.258,111.118,0.0008,0.0008
24.03.2020 08:33:55.990 GMT-0500,111.67200000000001,111.05799999999999,0.0008,0.0008
24.03.2020 08:33:56.047 GMT-0500,111.68200000000002,111.068,0.002,0.002
24.03.2020 08:33:56.221 GMT-0500,111.68200000000002,111.178,0.002,0.0008
24.03.2020 08:33:56.344 GMT-0500,111.78200000000001,111.178,0.002,0.002
24.03.2020 08:33:56.498 GMT-0500,111.86200000000001,111.178,0.002,0.002
24.03.2020 08:33:56.601 GMT-0500,111.853,111.178,0.0008,0.0008
24.03.2020 08:33:56.802 GMT-0500,111.852,111.178,0.0008,0.0008
24.03.2020 08:33:57.794 GMT-0500,111.84200000000001,111.178,0.0008,0.002
24.03.2020 08:34:01.147 GMT-0500,111.83200000000001,111.178,0.0008,0.0008
24.03.2020 08:34:01.528 GMT-0500,111.412,111.128,0.0008,0.0008
24.03.2020 08:34:01.629 GMT-0500,111.352,111.128,0.0008,0.0008
24.03.2020 08:34:02.069 GMT-0500,111.83200000000001,111.128,0.0008,0.0008
24.03.2020 08:34:02.916 GMT-0500,111.83200000000001,111.18799999999999,0.002,0.0008
24.03.2020 08:34:04.234 GMT-0500,111.822,111.18799999999999,0.0008,0.002
24.03.2020 08:34:04.621 GMT-0500,111.823,111.18700000000001,0.002,0.002
24.03.2020 08:34:04.849 GMT-0500,111.823,111.18799999999999,0.0008,0.0008
24.03.2020 08:34:04.900 GMT-0500,111.83200000000001,111.18799999999999,0.0008,0.0008
24.03.2020 08:34:05.165 GMT-0500,111.822,111.18799999999999,0.0008,0.0008
24.03.2020 08:34:05.272 GMT-0500,111.823,111.18799999999999,0.0008,0.0008
24.03.2020 08:34:05.322 GMT-0500,111.83200000000001,111.18799999999999,0.0008,0.0008
24.03.2020 08:34:07.168 GMT-0500,111.822,111.18799999999999,0.0008,0.0008
24.03.2020 08:34:07.424 GMT-0500,111.83200000000001,111.18799999999999,0.0008,0.0008
24.03.2020 08:34:07.531 GMT-0500,111.473,111.18700000000001,0.002,0.002
24.03.2020 08:34:10.828 GMT-0500,111.443,111.20700000000001,0.0008,0.0008
24.03.2020 08:34:10.879 GMT-0500,111.47200000000001,111.208,0.002,0.002
24.03.2020 08:34:13.786 GMT-0500,111.47200000000001,111.227,0.0008,0.0008
24.03.2020 08:34:14.356 GMT-0500,111.47200000000001,111.24799999999999,0.0008,0.0008
24.03.2020 08:34:14.550 GMT-0500,111.473,111.30700000000002,0.002,0.0008
24.03.2020 08:34:14.714 GMT-0500,111.47200000000001,111.398,0.0008,0.0008
24.03.2020 08:34:14.765 GMT-0500,111.81200000000001,111.238,0.0008,0.0008
24.03.2020 08:34:14.815 GMT-0500,111.822,111.258,0.0008,0.0008
24.03.2020 08:34:14.865 GMT-0500,111.90200000000002,111.30799999999999,0.0008,0.0008
24.03.2020 08:34:14.916 GMT-0500,112.00200000000001,111.30799999999999,0.002,0.002
24.03.2020 08:34:16.114 GMT-0500,112.00200000000001,111.398,0.002,0.0008
24.03.2020 08:34:16.701 GMT-0500,112.003,111.427,0.002,0.0008
24.03.2020 08:34:16.852 GMT-0500,112.00200000000001,111.428,0.002,0.002
24.03.2020 08:34:18.324 GMT-0500,111.992,111.428,0.0008,0.002
24.03.2020 08:34:18.885 GMT-0500,111.783,111.427,0.0008,0.002
24.03.2020 08:34:18.935 GMT-0500,112.00200000000001,111.428,0.002,0.002
24.03.2020 08:34:20.211 GMT-0500,111.78200000000001,111.428,0.0008,0.002
24.03.2020 08:34:20.452 GMT-0500,112.003,111.427,0.002,0.002
24.03.2020 08:34:20.557 GMT-0500,112.00200000000001,111.448,0.0008,0.0008
24.03.2020 08:34:20.850 GMT-0500,112.00200000000001,111.46799999999999,0.0008,0.0008
24.03.2020 08:34:21.148 GMT-0500,112.00200000000001,111.488,0.0008,0.0008
24.03.2020 08:34:21.716 GMT-0500,111.993,111.48700000000001,0.002,0.002
24.03.2020 08:34:22.106 GMT-0500,112.00200000000001,111.488,0.002,0.002
24.03.2020 08:34:22.596 GMT-0500,111.992,111.488,0.0008,0.002
24.03.2020 08:34:22.697 GMT-0500,112.003,111.48700000000001,0.002,0.002
24.03.2020 08:34:22.747 GMT-0500,112.00200000000001,111.52799999999999,0.002,0.002
24.03.2020 08:34:23.214 GMT-0500,111.992,111.548,0.002,0.002
24.03.2020 08:34:23.264 GMT-0500,112.00200000000001,111.548,0.002,0.002
24.03.2020 08:34:24.177 GMT-0500,111.992,111.548,0.0008,0.002
24.03.2020 08:34:24.281 GMT-0500,112.00200000000001,111.548,0.0008,0.0008
24.03.2020 08:34:24.476 GMT-0500,112.00200000000001,111.588,0.002,0.0008
24.03.2020 08:34:24.577 GMT-0500,112.00200000000001,111.658,0.002,0.002
24.03.2020 08:34:24.977 GMT-0500,112.00200000000001,111.66799999999999,0.0008,0.0008
24.03.2020 08:34:25.078 GMT-0500,112.003,111.70700000000001,0.002,0.002
24.03.2020 08:34:25.186 GMT-0500,112.00200000000001,111.68799999999999,0.0008,0.0008
24.03.2020 08:34:25.236 GMT-0500,112.00200000000001,111.708,0.0008,0.0008
24.03.2020 08:34:25.451 GMT-0500,112.003,111.70700000000001,0.002,0.002
24.03.2020 08:34:25.552 GMT-0500,112.00200000000001,111.71799999999999,0.0008,0.0008
24.03.2020 08:34:25.953 GMT-0500,111.993,111.71700000000001,0.0008,0.002
24.03.2020 08:34:26.116 GMT-0500,112.00200000000001,111.71799999999999,0.0008,0.0008
24.03.2020 08:34:26.249 GMT-0500,112.003,111.73700000000001,0.002,0.0008
24.03.2020 08:34:27.665 GMT-0500,111.943,111.73700000000001,0.002,0.0008
24.03.2020 08:34:27.717 GMT-0500,111.90200000000002,111.628,0.0008,0.0008
24.03.2020 08:34:27.961 GMT-0500,111.90299999999999,111.63700000000001,0.0008,0.0008
24.03.2020 08:34:28.012 GMT-0500,111.943,111.63700000000001,0.002,0.002
24.03.2020 08:34:28.130 GMT-0500,111.943,111.74700000000001,0.002,0.0008
24.03.2020 08:34:29.437 GMT-0500,111.94200000000001,111.728,0.0008,0.0008
24.03.2020 08:34:30.044 GMT-0500,111.90299999999999,111.728,0.0008,0.0008
24.03.2020 08:34:30.144 GMT-0500,111.90200000000002,111.628,0.002,0.002
24.03.2020 08:34:30.541 GMT-0500,111.883,111.628,0.0008,0.0008
24.03.2020 08:34:31.513 GMT-0500,111.882,111.698,0.0008,0.0008
24.03.2020 08:34:32.889 GMT-0500,111.882,111.68799999999999,0.002,0.002
24.03.2020 08:34:34.883 GMT-0500,111.94200000000001,111.68799999999999,0.0008,0.0008
24.03.2020 08:34:34.933 GMT-0500,111.90299999999999,111.68700000000001,0.002,0.002
24.03.2020 08:34:35.112 GMT-0500,111.90299999999999,111.70700000000001,0.0008,0.0008
24.03.2020 08:34:35.163 GMT-0500,111.94200000000001,111.68799999999999,0.002,0.002
24.03.2020 08:34:36.241 GMT-0500,111.94200000000001,111.71799999999999,0.002,0.0008
24.03.2020 08:34:36.624 GMT-0500,111.94200000000001,111.74700000000001,0.0008,0.0008
24.03.2020 08:34:36.674 GMT-0500,111.94200000000001,111.738,0.0008,0.0008
24.03.2020 08:34:36.861 GMT-0500,111.94200000000001,111.74700000000001,0.0008,0.0008
24.03.2020 08:34:37.130 GMT-0500,111.943,111.76700000000001,0.002,0.002
24.03.2020 08:34:37.350 GMT-0500,111.94200000000001,111.728,0.0008,0.0008
24.03.2020 08:34:38.338 GMT-0500,111.94200000000001,111.74799999999999,0.002,0.0008
24.03.2020 08:34:38.388 GMT-0500,111.94200000000001,111.738,0.002,0.002
24.03.2020 08:34:38.637 GMT-0500,111.94200000000001,111.758,0.002,0.0008
24.03.2020 08:34:38.792 GMT-0500,111.94200000000001,111.738,0.0008,0.0008
24.03.2020 08:34:38.893 GMT-0500,111.943,111.76700000000001,0.002,0.002
24.03.2020 08:34:38.974 GMT-0500,111.94200000000001,111.738,0.002,0.002
24.03.2020 08:34:39.556 GMT-0500,111.94200000000001,111.837,0.0008,0.0008
24.03.2020 08:34:39.606 GMT-0500,111.94200000000001,111.318,0.0008,0.0008
24.03.2020 08:34:39.656 GMT-0500,111.94200000000001,111.738,0.0008,0.0008
24.03.2020 08:34:40.948 GMT-0500,111.943,111.76700000000001,0.002,0.0008
24.03.2020 08:34:40.999 GMT-0500,111.94200000000001,111.738,0.002,0.002
24.03.2020 08:34:42.312 GMT-0500,111.94200000000001,111.708,0.0008,0.0008
24.03.2020 08:34:43.819 GMT-0500,111.863,111.70700000000001,0.0008,0.002
24.03.2020 08:34:44.286 GMT-0500,111.863,111.708,0.0008,0.0008
24.03.2020 08:34:44.336 GMT-0500,111.94200000000001,111.708,0.002,0.002
24.03.2020 08:34:44.386 GMT-0500,111.93200000000002,111.708,0.002,0.002
24.03.2020 08:34:44.656 GMT-0500,111.94200000000001,111.708,0.0008,0.0008
24.03.2020 08:34:45.228 GMT-0500,111.93299999999999,111.708,0.0008,0.0008
24.03.2020 08:34:45.478 GMT-0500,111.94200000000001,111.708,0.0008,0.0008
24.03.2020 08:34:46.357 GMT-0500,111.943,111.76700000000001,0.002,0.0008
24.03.2020 08:34:46.734 GMT-0500,111.943,111.787,0.002,0.002
24.03.2020 08:34:46.837 GMT-0500,111.94200000000001,111.787,0.0008,0.0008
24.03.2020 08:34:46.887 GMT-0500,111.943,111.76700000000001,0.002,0.002
24.03.2020 08:34:46.990 GMT-0500,111.943,111.77700000000002,0.002,0.0008
24.03.2020 08:34:47.141 GMT-0500,111.94200000000001,111.788,0.0008,0.0008
24.03.2020 08:34:47.244 GMT-0500,111.94200000000001,111.798,0.002,0.002
24.03.2020 08:34:47.368 GMT-0500,111.94200000000001,111.818,0.0008,0.0008
24.03.2020 08:34:48.230 GMT-0500,111.94200000000001,111.788,0.0008,0.0008
24.03.2020 08:34:48.281 GMT-0500,111.94200000000001,111.82799999999999,0.0008,0.0008
24.03.2020 08:34:48.467 GMT-0500,112.003,111.81700000000001,0.002,0.002
24.03.2020 08:34:49.315 GMT-0500,112.003,111.76700000000001,0.002,0.002
24.03.2020 08:34:52.291 GMT-0500,111.993,111.76700000000001,0.0008,0.002
24.03.2020 08:34:52.341 GMT-0500,112.00200000000001,111.768,0.0008,0.0008
24.03.2020 08:34:54.965 GMT-0500,112.00200000000001,111.82799999999999,0.0008,0.0008
24.03.2020 08:34:55.233 GMT-0500,112.00200000000001,111.878,0.0008,0.0008
24.03.2020 08:34:55.283 GMT-0500,112.00200000000001,111.768,0.0008,0.0008
24.03.2020 08:34:55.346 GMT-0500,112.00200000000001,111.838,0.002,0.0008
24.03.2020 08:34:55.579 GMT-0500,112.003,111.76700000000001,0.002,0.002
24.03.2020 08:34:57.056 GMT-0500,112.00200000000001,111.848,0.0008,0.0008
24.03.2020 08:34:58.235 GMT-0500,111.992,111.848,0.0008,0.0008
24.03.2020 08:34:58.285 GMT-0500,111.992,111.768,0.0008,0.0008
24.03.2020 08:34:59.002 GMT-0500,111.993,111.91799999999999,0.0008,0.0008
24.03.2020 08:34:59.053 GMT-0500,112.283,111.76700000000001,0.002,0.002
24.03.2020 08:34:59.139 GMT-0500,112.28200000000001,112.02799999999999,0.0008,0.0008
24.03.2020 08:34:59.189 GMT-0500,112.28200000000001,111.96799999999999,0.002,0.002
24.03.2020 08:34:59.648 GMT-0500,112.273,111.96799999999999,0.0008,0.0008
24.03.2020 08:34:59.871 GMT-0500,112.273,111.96700000000001,0.0008,0.002
24.03.2020 08:34:59.921 GMT-0500,112.283,111.96700000000001,0.002,0.002
24.03.2020 08:35:00.156 GMT-0500,112.28200000000001,112.098,0.0008,0.0008
24.03.2020 08:35:00.206 GMT-0500,112.28200000000001,111.768,0.0008,0.0008
24.03.2020 08:35:00.257 GMT-0500,112.28200000000001,112.05799999999999,0.002,0.002
24.03.2020 08:35:00.307 GMT-0500,112.28200000000001,111.768,0.0008,0.0008
24.03.2020 08:35:00.393 GMT-0500,112.28200000000001,112.05799999999999,0.002,0.0008
24.03.2020 08:35:00.524 GMT-0500,112.28200000000001,112.128,0.0008,0.0008
24.03.2020 08:35:00.574 GMT-0500,112.26200000000001,112.018,0.0008,0.0008
24.03.2020 08:35:00.652 GMT-0500,112.26200000000001,112.177,0.0008,0.0008
24.03.2020 08:35:00.702 GMT-0500,112.283,112.13700000000001,0.002,0.002
24.03.2020 08:35:02.564 GMT-0500,112.28200000000001,112.13700000000001,0.0008,0.0008
24.03.2020 08:35:02.615 GMT-0500,112.28200000000001,112.02799999999999,0.0008,0.0008
24.03.2020 08:35:02.726 GMT-0500,112.28200000000001,112.018,0.0008,0.0008
24.03.2020 08:35:03.291 GMT-0500,112.283,112.147,0.002,0.0008
24.03.2020 08:35:03.493 GMT-0500,112.26299999999999,112.147,0.0008,0.0008
24.03.2020 08:35:03.543 GMT-0500,112.26299999999999,112.07700000000001,0.002,0.002
24.03.2020 08:35:03.710 GMT-0500,112.28200000000001,112.07799999999999,0.0008,0.0008
24.03.2020 08:35:04.531 GMT-0500,112.283,112.09700000000001,0.002,0.0008
24.03.2020 08:35:04.632 GMT-0500,112.26200000000001,112.098,0.002,0.002
24.03.2020 08:35:04.682 GMT-0500,112.28200000000001,112.098,0.0008,0.0008
24.03.2020 08:35:04.946 GMT-0500,112.28200000000001,112.158,0.002,0.0008
24.03.2020 08:35:11.030 GMT-0500,112.213,112.15700000000001,0.0008,0.002
24.03.2020 08:35:11.080 GMT-0500,112.133,112.01700000000001,0.002,0.002
24.03.2020 08:35:11.131 GMT-0500,112.162,112.018,0.0008,0.0008
24.03.2020 08:35:11.333 GMT-0500,112.12200000000001,112.018,0.0008,0.002
24.03.2020 08:35:11.384 GMT-0500,112.15200000000002,111.77799999999999,0.002,0.002
24.03.2020 08:35:11.671 GMT-0500,112.15200000000002,111.758,0.0008,0.0008
24.03.2020 08:35:11.771 GMT-0500,112.15200000000002,111.74799999999999,0.002,0.002
24.03.2020 08:35:12.112 GMT-0500,112.132,111.74799999999999,0.0008,0.002
24.03.2020 08:35:12.627 GMT-0500,112.113,111.74799999999999,0.0008,0.0008
24.03.2020 08:35:12.786 GMT-0500,112.11200000000001,111.758,0.002,0.0008
24.03.2020 08:35:12.836 GMT-0500,112.11200000000001,111.74799999999999,0.002,0.002
24.03.2020 08:35:13.378 GMT-0500,112.212,111.908,0.002,0.002
24.03.2020 08:35:13.547 GMT-0500,112.17200000000001,111.908,0.0008,0.002
24.03.2020 08:35:13.904 GMT-0500,112.18200000000002,111.74799999999999,0.002,0.002
24.03.2020 08:35:14.178 GMT-0500,112.173,111.74700000000001,0.002,0.002
24.03.2020 08:35:14.672 GMT-0500,112.17200000000001,112.008,0.0008,0.0008
24.03.2020 08:35:15.434 GMT-0500,112.17200000000001,112.02799999999999,0.002,0.0008
24.03.2020 08:35:15.534 GMT-0500,112.18299999999999,112.02700000000002,0.002,0.002
24.03.2020 08:35:15.678 GMT-0500,112.18200000000002,112.02700000000002,0.0008,0.0008
24.03.2020 08:35:15.729 GMT-0500,112.18200000000002,111.74799999999999,0.0008,0.0008
24.03.2020 08:35:15.971 GMT-0500,112.18200000000002,111.757,0.0008,0.0008
24.03.2020 08:35:16.022 GMT-0500,112.18200000000002,111.74799999999999,0.0008,0.0008
24.03.2020 08:35:16.259 GMT-0500,112.18299999999999,112.037,0.002,0.0008
24.03.2020 08:35:16.493 GMT-0500,112.283,112.07700000000001,0.002,0.002
24.03.2020 08:35:16.553 GMT-0500,112.26200000000001,112.07799999999999,0.0008,0.0008
24.03.2020 08:35:17.386 GMT-0500,112.26299999999999,112.07700000000001,0.0008,0.002
24.03.2020 08:35:17.487 GMT-0500,112.242,111.80799999999999,0.0008,0.0008
24.03.2020 08:35:17.721 GMT-0500,112.243,111.95700000000001,0.002,0.0008
24.03.2020 08:35:18.258 GMT-0500,112.18200000000002,111.958,0.0008,0.0008
24.03.2020 08:35:18.446 GMT-0500,112.143,111.95700000000001,0.002,0.002
24.03.2020 08:35:19.918 GMT-0500,112.12299999999999,111.95700000000001,0.0008,0.002
24.03.2020 08:35:19.968 GMT-0500,112.08200000000001,111.74799999999999,0.0008,0.0008
24.03.2020 08:35:20.303 GMT-0500,112.28200000000001,111.74799999999999,0.0008,0.0008
24.03.2020 08:35:20.424 GMT-0500,112.273,111.74799999999999,0.0008,0.0008
24.03.2020 08:35:20.475 GMT-0500,112.283,111.74700000000001,0.002,0.002
24.03.2020 08:35:20.530 GMT-0500,112.28200000000001,111.758,0.0008,0.0008
24.03.2020 08:35:20.580 GMT-0500,112.28200000000001,111.74799999999999,0.0008,0.0008
24.03.2020 08:35:21.058 GMT-0500,112.28200000000001,111.99700000000001,0.0008,0.0008
24.03.2020 08:35:21.423 GMT-0500,112.273,111.99700000000001,0.0008,0.002
24.03.2020 08:35:21.552 GMT-0500,112.273,111.99799999999999,0.0008,0.0008
24.03.2020 08:35:21.602 GMT-0500,112.28200000000001,111.99799999999999,0.002,0.002
24.03.2020 08:35:22.275 GMT-0500,112.213,111.99799999999999,0.0008,0.0008
24.03.2020 08:35:23.183 GMT-0500,112.133,111.99700000000001,0.002,0.002
24.03.2020 08:35:23.350 GMT-0500,112.113,111.99700000000001,0.0008,0.002
24.03.2020 08:35:23.450 GMT-0500,112.052,111.758,0.002,0.002
24.03.2020 08:35:23.501 GMT-0500,112.053,111.74700000000001,0.002,0.002
24.03.2020 08:35:23.911 GMT-0500,111.95200000000001,111.74799999999999,0.0008,0.0008
24.03.2020 08:35:24.012 GMT-0500,112.01299999999999,111.74700000000001,0.002,0.002
24.03.2020 08:35:24.074 GMT-0500,111.993,111.74700000000001,0.0008,0.002
24.03.2020 08:35:24.178 GMT-0500,112.212,111.74799999999999,0.0008,0.0008
24.03.2020 08:35:24.354 GMT-0500,111.993,111.757,0.0008,0.0008
24.03.2020 08:35:24.455 GMT-0500,112.212,111.758,0.0008,0.0008
24.03.2020 08:35:24.505 GMT-0500,112.212,111.91799999999999,0.002,0.002
24.03.2020 08:35:24.556 GMT-0500,112.212,111.74799999999999,0.002,0.002
24.03.2020 08:35:24.606 GMT-0500,112.132,111.74799999999999,0.002,0.002
24.03.2020 08:35:24.750 GMT-0500,112.12200000000001,111.798,0.0008,0.0008
24.03.2020 08:35:24.851 GMT-0500,112.083,111.79700000000001,0.002,0.002
24.03.2020 08:35:25.021 GMT-0500,112.132,111.798,0.002,0.002
24.03.2020 08:35:25.284 GMT-0500,112.033,111.79700000000001,0.002,0.002
24.03.2020 08:35:25.411 GMT-0500,112.01200000000001,111.798,0.0008,0.0008
24.03.2020 08:35:25.663 GMT-0500,112.06200000000001,111.798,0.002,0.002
24.03.2020 08:35:26.060 GMT-0500,112.132,111.798,0.0008,0.0008
24.03.2020 08:35:26.111 GMT-0500,112.12200000000001,111.74799999999999,0.002,0.002
24.03.2020 08:35:26.236 GMT-0500,112.132,111.74799999999999,0.0008,0.0008
24.03.2020 08:35:26.624 GMT-0500,112.12200000000001,111.74799999999999,0.002,0.002
24.03.2020 08:35:26.674 GMT-0500,112.133,111.74700000000001,0.002,0.002
24.03.2020 08:35:26.990 GMT-0500,112.06299999999999,111.757,0.002,0.002
24.03.2020 08:35:27.180 GMT-0500,112.06200000000001,111.757,0.0008,0.0008
24.03.2020 08:35:27.230 GMT-0500,112.06200000000001,111.74799999999999,0.0008,0.0008
24.03.2020 08:35:27.437 GMT-0500,112.04299999999999,111.74700000000001,0.0008,0.002
24.03.2020 08:35:27.682 GMT-0500,112.00200000000001,111.74799999999999,0.0008,0.0008
24.03.2020 08:35:28.458 GMT-0500,111.98200000000001,111.758,0.0008,0.0008
24.03.2020 08:35:28.558 GMT-0500,111.75200000000001,111.648,0.002,0.002
24.03.2020 08:35:28.609 GMT-0500,111.92200000000001,111.648,0.0008,0.0008
24.03.2020 08:35:28.659 GMT-0500,111.92200000000001,111.658,0.0008,0.0008
24.03.2020 08:35:28.879 GMT-0500,111.923,111.65700000000001,0.0008,0.002
24.03.2020 08:35:28.931 GMT-0500,112.01200000000001,111.658,0.0008,0.0008
24.03.2020 08:35:28.981 GMT-0500,112.01299999999999,111.677,0.002,0.002
24.03.2020 08:35:29.207 GMT-0500,112.01200000000001,111.698,0.0008,0.0008
24.03.2020 08:35:29.308 GMT-0500,112.01299999999999,111.65700000000001,0.002,0.002
24.03.2020 08:35:29.813 GMT-0500,112.00200000000001,111.658,0.0008,0.0008
24.03.2020 08:35:29.863 GMT-0500,112.01200000000001,111.658,0.0008,0.0008
24.03.2020 08:35:30.322 GMT-0500,112.003,111.65700000000001,0.002,0.002
24.03.2020 08:35:30.670 GMT-0500,112.01200000000001,111.658,0.0008,0.0008
24.03.2020 08:35:31.359 GMT-0500,112.00200000000001,111.658,0.0008,0.0008
24.03.2020 08:35:31.410 GMT-0500,112.003,111.647,0.002,0.002
24.03.2020 08:35:31.944 GMT-0500,112.01200000000001,111.66799999999999,0.0008,0.0008
24.03.2020 08:35:32.822 GMT-0500,111.95299999999999,111.66799999999999,0.0008,0.0008
24.03.2020 08:35:32.873 GMT-0500,112.01200000000001,111.66799999999999,0.002,0.002
24.03.2020 08:35:33.171 GMT-0500,111.90200000000002,111.66799999999999,0.0008,0.0008
24.03.2020 08:35:33.222 GMT-0500,111.90200000000002,111.508,0.002,0.002
24.03.2020 08:35:34.042 GMT-0500,111.90200000000002,111.678,0.002,0.0008
24.03.2020 08:35:34.531 GMT-0500,112.103,111.677,0.002,0.002
24.03.2020 08:35:34.619 GMT-0500,112.09200000000001,111.678,0.0008,0.0008
24.03.2020 08:35:34.720 GMT-0500,112.102,111.678,0.002,0.002
24.03.2020 08:35:35.316 GMT-0500,112.09200000000001,111.678,0.0008,0.002
24.03.2020 08:35:35.522 GMT-0500,112.09200000000001,111.838,0.002,0.002
24.03.2020 08:35:35.623 GMT-0500,112.103,111.77700000000002,0.002,0.002
24.03.2020 08:35:36.060 GMT-0500,112.102,111.798,0.0008,0.0008
24.03.2020 08:35:36.394 GMT-0500,112.102,111.398,0.0008,0.0008
24.03.2020 08:35:36.585 GMT-0500,112.103,111.875,0.002,0.0008
24.03.2020 08:35:36.819 GMT-0500,112.09299999999999,111.52700000000002,0.002,0.002
24.03.2020 08:35:36.870 GMT-0500,112.102,111.52799999999999,0.0008,0.0008
24.03.2020 08:35:37.853 GMT-0500,112.09200000000001,111.52799999999999,0.0008,0.0008
24.03.2020 08:35:37.954 GMT-0500,112.102,111.52799999999999,0.0008,0.0008
24.03.2020 08:35:38.360 GMT-0500,112.003,111.52799999999999,0.0008,0.0008
24.03.2020 08:35:38.461 GMT-0500,112.00200000000001,111.52799999999999,0.002,0.002
24.03.2020 08:35:39.447 GMT-0500,112.00200000000001,111.758,0.002,0.0008
24.03.2020 08:35:39.558 GMT-0500,112.09299999999999,111.908,0.0008,0.0008
24.03.2020 08:35:39.609 GMT-0500,112.102,111.908,0.002,0.002
24.03.2020 08:35:40.447 GMT-0500,112.09299999999999,111.90700000000001,0.002,0.002
24.03.2020 08:35:40.774 GMT-0500,112.09299999999999,111.977,0.0008,0.0008
24.03.2020 08:35:40.825 GMT-0500,112.102,111.978,0.0008,0.0008
24.03.2020 08:35:41.634 GMT-0500,112.103,111.95200000000001,0.002,0.0008
24.03.2020 08:35:41.685 GMT-0500,112.102,111.548,0.002,0.002
24.03.2020 08:35:41.790 GMT-0500,112.102,111.398,0.0008,0.0008
24.03.2020 08:35:42.250 GMT-0500,112.102,111.478,0.0008,0.0008
24.03.2020 08:35:43.033 GMT-0500,112.08200000000001,111.538,0.0008,0.0008
24.03.2020 08:35:43.670 GMT-0500,112.09299999999999,111.537,0.002,0.002
24.03.2020 08:35:43.720 GMT-0500,112.09200000000001,111.55799999999999,0.0008,0.0008
24.03.2020 08:35:43.999 GMT-0500,112.09200000000001,111.915,0.0008,0.0008
24.03.2020 08:35:44.337 GMT-0500,112.09200000000001,111.55799999999999,0.0008,0.0008
24.03.2020 08:35:45.102 GMT-0500,112.09299999999999,111.91700000000002,0.002,0.0008
24.03.2020 08:35:45.391 GMT-0500,112.102,111.928,0.0008,0.0008
24.03.2020 08:35:46.357 GMT-0500,112.09299999999999,111.927,0.0008,0.002
24.03.2020 08:35:46.408 GMT-0500,112.102,111.928,0.002,0.002
24.03.2020 08:35:46.992 GMT-0500,112.09200000000001,111.928,0.0008,0.002
24.03.2020 08:35:47.433 GMT-0500,112.102,111.928,0.002,0.002
24.03.2020 08:35:49.532 GMT-0500,112.102,112.007,0.0008,0.0008
24.03.2020 08:35:49.582 GMT-0500,112.212,112.088,0.0008,0.0008
24.03.2020 08:35:49.703 GMT-0500,112.212,111.978,0.0008,0.0008
24.03.2020 08:35:50.376 GMT-0500,112.19200000000001,111.977,0.0008,0.0008
24.03.2020 08:35:50.426 GMT-0500,112.19200000000001,111.63799999999999,0.002,0.002
24.03.2020 08:35:50.629 GMT-0500,112.19200000000001,111.647,0.0008,0.0008
24.03.2020 08:35:50.779 GMT-0500,112.19200000000001,111.648,0.0008,0.0008
24.03.2020 08:35:51.138 GMT-0500,112.19200000000001,111.988,0.002,0.0008
24.03.2020 08:35:51.513 GMT-0500,112.212,111.988,0.002,0.002
24.03.2020 08:35:51.605 GMT-0500,112.212,111.948,0.0008,0.0008
24.03.2020 08:35:51.754 GMT-0500,112.213,112.15,0.0008,0.0008
24.03.2020 08:35:51.804 GMT-0500,112.28200000000001,112.148,0.002,0.002
24.03.2020 08:35:51.855 GMT-0500,112.28200000000001,111.948,0.002,0.002
24.03.2020 08:35:52.244 GMT-0500,112.28200000000001,112.158,0.0008,0.0008
24.03.2020 08:35:52.295 GMT-0500,112.492,112.208,0.0008,0.0008
24.03.2020 08:35:52.395 GMT-0500,112.503,111.99700000000001,0.002,0.002
24.03.2020 08:35:52.727 GMT-0500,112.50200000000001,112.098,0.0008,0.0008
24.03.2020 08:35:52.929 GMT-0500,112.492,112.348,0.002,0.002
24.03.2020 08:35:52.979 GMT-0500,112.443,112.09700000000001,0.002,0.002
24.03.2020 08:35:53.146 GMT-0500,112.42200000000001,112.098,0.0008,0.0008
24.03.2020 08:35:53.298 GMT-0500,112.40299999999999,112.098,0.0008,0.0008
24.03.2020 08:35:53.602 GMT-0500,112.40200000000002,112.10799999999999,0.002,0.0008
24.03.2020 08:35:53.706 GMT-0500,112.382,112.10799999999999,0.0008,0.0008
24.03.2020 08:35:53.757 GMT-0500,112.382,112.098,0.002,0.002
24.03.2020 08:35:54.196 GMT-0500,112.37299999999999,111.99799999999999,0.0008,0.0008
24.03.2020 08:35:54.395 GMT-0500,112.37299999999999,112.02700000000002,0.002,0.0008
24.03.2020 08:35:54.966 GMT-0500,112.40299999999999,112.02700000000002,0.002,0.002
24.03.2020 08:35:55.834 GMT-0500,112.39200000000001,112.02799999999999,0.0008,0.0008
24.03.2020 08:35:55.934 GMT-0500,112.393,111.99700000000001,0.002,0.002
24.03.2020 08:35:56.848 GMT-0500,112.37200000000001,111.99799999999999,0.0008,0.0008
24.03.2020 08:35:57.313 GMT-0500,112.37200000000001,111.948,0.0008,0.0008
24.03.2020 08:35:57.996 GMT-0500,112.37200000000001,112.02799999999999,0.002,0.0008
24.03.2020 08:35:58.312 GMT-0500,112.40299999999999,112.02700000000002,0.002,0.002
24.03.2020 08:35:59.560 GMT-0500,112.33200000000001,112.02799999999999,0.0008,0.0008
24.03.2020 08:35:59.702 GMT-0500,112.303,112.02700000000002,0.0008,0.002
24.03.2020 08:35:59.875 GMT-0500,112.40299999999999,112.02700000000002,0.002,0.002
24.03.2020 08:36:00.542 GMT-0500,112.40200000000002,112.02799999999999,0.0008,0.0008
24.03.2020 08:36:01.603 GMT-0500,112.40200000000002,112.04700000000001,0.0008,0.0008
24.03.2020 08:36:02.563 GMT-0500,112.39200000000001,112.02799999999999,0.002,0.002
24.03.2020 08:36:02.613 GMT-0500,112.40200000000002,112.048,0.002,0.002
24.03.2020 08:36:03.432 GMT-0500,112.393,111.947,0.002,0.002
24.03.2020 08:36:03.482 GMT-0500,112.39200000000001,111.958,0.0008,0.0008
24.03.2020 08:36:03.674 GMT-0500,112.40200000000002,111.948,0.0008,0.0008
24.03.2020 08:36:04.920 GMT-0500,112.40200000000002,112.05799999999999,0.002,0.0008
24.03.2020 08:36:06.129 GMT-0500,112.40299999999999,111.947,0.002,0.002
24.03.2020 08:36:06.480 GMT-0500,112.39200000000001,111.958,0.0008,0.0008
24.03.2020 08:36:06.582 GMT-0500,112.40200000000002,111.948,0.002,0.002
24.03.2020 08:36:07.084 GMT-0500,112.40200000000002,111.958,0.002,0.0008
24.03.2020 08:36:07.383 GMT-0500,112.40200000000002,111.948,0.002,0.002
24.03.2020 08:36:07.940 GMT-0500,112.393,111.95700000000001,0.0008,0.0008
24.03.2020 08:36:08.148 GMT-0500,112.40200000000002,111.958,0.0008,0.0008
24.03.2020 08:36:08.267 GMT-0500,112.40200000000002,111.948,0.0008,0.0008
24.03.2020 08:36:09.661 GMT-0500,112.423,112.397,0.0008,0.0008
24.03.2020 08:36:09.712 GMT-0500,112.882,112.318,0.0008,0.0008
24.03.2020 08:36:10.825 GMT-0500,112.59200000000001,112.318,0.0008,0.0008
24.03.2020 08:36:10.988 GMT-0500,112.59299999999999,112.31700000000001,0.002,0.002
24.03.2020 08:36:11.101 GMT-0500,112.882,112.318,0.0008,0.0008
24.03.2020 08:36:11.673 GMT-0500,112.87200000000001,112.318,0.002,0.002
24.03.2020 08:36:11.784 GMT-0500,112.87299999999999,112.31700000000001,0.002,0.002
24.03.2020 08:36:12.139 GMT-0500,112.87299999999999,112.34700000000001,0.0008,0.0008
24.03.2020 08:36:12.190 GMT-0500,112.883,112.34700000000001,0.002,0.002
24.03.2020 08:36:12.557 GMT-0500,112.87200000000001,112.348,0.0008,0.0008
24.03.2020 08:36:13.118 GMT-0500,112.87200000000001,112.368,0.0008,0.0008
24.03.2020 08:36:13.330 GMT-0500,112.86200000000001,112.38799999999999,0.0008,0.0008
24.03.2020 08:36:13.742 GMT-0500,112.86200000000001,112.21799999999999,0.0008,0.0008
24.03.2020 08:36:14.518 GMT-0500,112.852,112.228,0.002,0.002
24.03.2020 08:36:14.632 GMT-0500,112.86200000000001,112.21799999999999,0.002,0.002
24.03.2020 08:36:14.749 GMT-0500,112.553,112.21799999999999,0.0008,0.0008
24.03.2020 08:36:14.914 GMT-0500,112.443,112.21700000000001,0.0008,0.002
24.03.2020 08:36:15.345 GMT-0500,112.44200000000001,112.21799999999999,0.0008,0.0008
24.03.2020 08:36:15.899 GMT-0500,112.863,112.21700000000001,0.002,0.002
24.03.2020 08:36:16.994 GMT-0500,112.863,112.287,0.002,0.0008
24.03.2020 08:36:17.109 GMT-0500,112.463,112.287,0.0008,0.0008
24.03.2020 08:36:17.159 GMT-0500,112.462,112.21799999999999,0.0008,0.0008
24.03.2020 08:36:18.198 GMT-0500,112.462,112.29700000000001,0.0008,0.0008
24.03.2020 08:36:18.713 GMT-0500,112.49000000000001,112.34700000000001,0.0008,0.0008
24.03.2020 08:36:18.764 GMT-0500,112.87200000000001,112.288,0.0008,0.0008
24.03.2020 08:36:19.209 GMT-0500,112.51299999999999,112.21700000000001,0.002,0.002
24.03.2020 08:36:19.259 GMT-0500,112.87299999999999,112.21700000000001,0.002,0.002
24.03.2020 08:36:19.589 GMT-0500,112.87200000000001,112.288,0.0008,0.0008
24.03.2020 08:36:19.993 GMT-0500,112.863,112.287,0.002,0.002
24.03.2020 08:36:21.854 GMT-0500,112.86200000000001,112.35700000000001,0.0008,0.0008
24.03.2020 08:36:22.216 GMT-0500,112.863,112.428,0.0008,0.0008
24.03.2020 08:36:22.266 GMT-0500,113.03200000000001,112.428,0.0008,0.0008
24.03.2020 08:36:22.670 GMT-0500,113.022,112.428,0.002,0.002
24.03.2020 08:36:22.861 GMT-0500,113.01299999999999,112.428,0.0008,0.0008
24.03.2020 08:36:23.132 GMT-0500,113.01299999999999,112.427,0.002,0.002
24.03.2020 08:36:23.232 GMT-0500,113.023,112.35700000000001,0.002,0.002
24.03.2020 08:36:23.283 GMT-0500,113.022,112.348,0.002,0.002
24.03.2020 08:36:23.385 GMT-0500,113.022,112.507,0.0008,0.0008
24.03.2020 08:36:23.590 GMT-0500,112.81200000000001,112.52799999999999,0.0008,0.0008
24.03.2020 08:36:24.294 GMT-0500,113.26200000000001,112.52799999999999,0.002,0.002
24.03.2020 08:36:24.616 GMT-0500,112.81299999999999,112.52799999999999,0.0008,0.0008
24.03.2020 08:36:24.917 GMT-0500,112.81200000000001,112.52799999999999,0.0008,0.0008
24.03.2020 08:36:24.967 GMT-0500,113.253,112.477,0.002,0.002
24.03.2020 08:36:25.088 GMT-0500,113.25200000000001,112.478,0.0008,0.0008
24.03.2020 08:36:25.556 GMT-0500,112.772,112.478,0.0008,0.0008
24.03.2020 08:36:26.100 GMT-0500,113.22200000000001,112.478,0.0008,0.0008
24.03.2020 08:36:26.150 GMT-0500,112.773,112.477,0.002,0.002
24.03.2020 08:36:26.851 GMT-0500,112.753,112.477,0.002,0.002
24.03.2020 08:36:26.901 GMT-0500,113.242,112.55799999999999,0.0008,0.0008
24.03.2020 08:36:27.039 GMT-0500,113.25200000000001,112.55799999999999,0.0008,0.0008
24.03.2020 08:36:27.356 GMT-0500,113.242,112.55700000000002,0.0008,0.0008
24.03.2020 08:36:27.947 GMT-0500,113.243,112.477,0.002,0.002
24.03.2020 08:36:27.998 GMT-0500,113.23200000000001,112.488,0.0008,0.0008
24.03.2020 08:36:28.052 GMT-0500,113.242,112.478,0.0008,0.0008
24.03.2020 08:36:28.538 GMT-0500,112.81200000000001,112.478,0.0008,0.0008
24.03.2020 08:36:28.749 GMT-0500,113.242,112.478,0.0008,0.0008
24.03.2020 08:36:30.091 GMT-0500,113.23200000000001,112.488,0.0008,0.0008
24.03.2020 08:36:30.191 GMT-0500,113.23299999999999,112.477,0.002,0.002
24.03.2020 08:36:30.989 GMT-0500,112.84299999999999,112.477,0.0008,0.002
24.03.2020 08:36:31.090 GMT-0500,113.22200000000001,112.698,0.0008,0.0008
24.03.2020 08:36:31.190 GMT-0500,113.23200000000001,112.478,0.0008,0.0008
24.03.2020 08:36:31.295 GMT-0500,112.90299999999999,112.477,0.002,0.002
24.03.2020 08:36:32.166 GMT-0500,112.90200000000002,112.488,0.0008,0.0008
24.03.2020 08:36:32.267 GMT-0500,112.90200000000002,112.478,0.002,0.002
24.03.2020 08:36:32.974 GMT-0500,112.90200000000002,112.60700000000001,0.0008,0.0008
24.03.2020 08:36:33.195 GMT-0500,112.90299999999999,112.617,0.002,0.0008
24.03.2020 08:36:33.324 GMT-0500,112.90200000000002,112.618,0.0008,0.0008
24.03.2020 08:36:33.374 GMT-0500,112.90299999999999,112.60700000000001,0.002,0.002
24.03.2020 08:36:33.917 GMT-0500,112.90299999999999,112.74700000000001,0.002,0.0008
24.03.2020 08:36:34.031 GMT-0500,112.973,112.897,0.0008,0.0008
24.03.2020 08:36:34.081 GMT-0500,113.34200000000001,112.60799999999999,0.002,0.002
24.03.2020 08:36:34.313 GMT-0500,112.963,112.60799999999999,0.0008,0.0008
24.03.2020 08:36:34.454 GMT-0500,112.962,112.618,0.002,0.002
24.03.2020 08:36:34.504 GMT-0500,112.962,112.60799999999999,0.002,0.002
24.03.2020 08:36:34.554 GMT-0500,112.943,112.60700000000001,0.002,0.002
24.03.2020 08:36:35.099 GMT-0500,112.943,112.60799999999999,0.0008,0.0008
24.03.2020 08:36:35.149 GMT-0500,112.95200000000001,112.60799999999999,0.002,0.002
24.03.2020 08:36:35.392 GMT-0500,112.95200000000001,112.618,0.002,0.0008
24.03.2020 08:36:35.442 GMT-0500,113.34200000000001,112.77799999999999,0.0008,0.0008
24.03.2020 08:36:35.689 GMT-0500,112.95200000000001,112.77799999999999,0.0008,0.0008
24.03.2020 08:36:35.740 GMT-0500,112.95200000000001,112.60799999999999,0.002,0.002
24.03.2020 08:36:36.116 GMT-0500,113.34200000000001,112.60799999999999,0.0008,0.0008
24.03.2020 08:36:36.184 GMT-0500,113.34200000000001,112.787,0.0008,0.0008
24.03.2020 08:36:36.411 GMT-0500,113.34200000000001,112.60799999999999,0.0008,0.0008
24.03.2020 08:36:36.461 GMT-0500,113.33200000000001,112.60799999999999,0.002,0.002
24.03.2020 08:36:36.972 GMT-0500,112.95200000000001,112.60799999999999,0.0008,0.002
24.03.2020 08:36:37.270 GMT-0500,112.95200000000001,112.87700000000001,0.0008,0.0008
24.03.2020 08:36:37.322 GMT-0500,113.34200000000001,112.91799999999999,0.0008,0.0008
24.03.2020 08:36:37.940 GMT-0500,113.34200000000001,112.60799999999999,0.0008,0.0008
24.03.2020 08:36:38.401 GMT-0500,113.33200000000001,112.52799999999999,0.002,0.002
24.03.2020 08:36:38.510 GMT-0500,113.34200000000001,112.928,0.0008,0.0008
24.03.2020 08:36:40.083 GMT-0500,113.34200000000001,112.948,0.0008,0.0008
24.03.2020 08:36:40.193 GMT-0500,113.333,112.948,0.0008,0.0008
24.03.2020 08:36:40.374 GMT-0500,113.34200000000001,112.948,0.002,0.002
24.03.2020 08:36:40.424 GMT-0500,113.34200000000001,112.988,0.002,0.002
24.03.2020 08:36:41.271 GMT-0500,113.33200000000001,112.988,0.0008,0.0008
24.03.2020 08:36:41.434 GMT-0500,113.34299999999999,112.98700000000001,0.002,0.002
24.03.2020 08:36:41.646 GMT-0500,113.34200000000001,112.98700000000001,0.0008,0.0008
24.03.2020 08:36:41.747 GMT-0500,113.34299999999999,112.85700000000001,0.002,0.002
24.03.2020 08:36:42.614 GMT-0500,113.333,112.85700000000001,0.0008,0.002
24.03.2020 08:36:42.749 GMT-0500,113.33200000000001,112.85799999999999,0.0008,0.0008
24.03.2020 08:36:42.800 GMT-0500,113.34299999999999,112.85700000000001,0.002,0.002
24.03.2020 08:36:43.290 GMT-0500,113.34200000000001,112.88799999999999,0.0008,0.0008
24.03.2020 08:36:43.411 GMT-0500,113.33200000000001,112.898,0.0008,0.0008
24.03.2020 08:36:43.461 GMT-0500,113.34200000000001,112.88799999999999,0.0008,0.0008
24.03.2020 08:36:43.511 GMT-0500,113.242,112.88799999999999,0.0008,0.0008
24.03.2020 08:36:43.737 GMT-0500,113.242,112.93799999999999,0.0008,0.0008
24.03.2020 08:36:43.862 GMT-0500,113.02,112.88700000000001,0.0008,0.0008
24.03.2020 08:36:43.963 GMT-0500,112.84299999999999,112.60700000000001,0.002,0.002
24.03.2020 08:36:44.013 GMT-0500,112.883,112.60700000000001,0.002,0.002
24.03.2020 08:36:44.478 GMT-0500,112.882,112.478,0.002,0.002
24.03.2020 08:36:44.897 GMT-0500,112.882,112.617,0.0008,0.0008
24.03.2020 08:36:44.947 GMT-0500,113.31299999999999,112.617,0.002,0.002
24.03.2020 08:36:45.103 GMT-0500,113.303,112.617,0.0008,0.002
24.03.2020 08:36:45.278 GMT-0500,113.302,112.618,0.0008,0.0008
24.03.2020 08:36:46.722 GMT-0500,113.31200000000001,112.618,0.0008,0.0008
24.03.2020 08:36:47.054 GMT-0500,112.883,112.617,0.0008,0.0008
24.03.2020 08:36:47.105 GMT-0500,113.31200000000001,112.478,0.0008,0.0008
24.03.2020 08:36:47.519 GMT-0500,113.302,112.488,0.0008,0.0008
24.03.2020 08:36:47.664 GMT-0500,113.31299999999999,112.477,0.002,0.002
24.03.2020 08:36:47.768 GMT-0500,112.883,112.477,0.0008,0.002
24.03.2020 08:36:48.023 GMT-0500,112.882,112.588,0.0008,0.0008
24.03.2020 08:36:53.142 GMT-0500,112.882,112.60700000000001,0.0008,0.0008
24.03.2020 08:36:53.711 GMT-0500,112.882,112.60799999999999,0.0008,0.0008
24.03.2020 08:36:54.290 GMT-0500,113.31200000000001,112.60799999999999,0.002,0.002
24.03.2020 08:36:54.616 GMT-0500,112.87200000000001,112.60799999999999,0.0008,0.0008
24.03.2020 08:36:55.731 GMT-0500,112.87299999999999,112.618,0.0008,0.0008
24.03.2020 08:36:55.781 GMT-0500,113.302,112.618,0.002,0.002
24.03.2020 08:36:56.814 GMT-0500,113.29200000000002,112.618,0.0008,0.002
24.03.2020 08:36:57.493 GMT-0500,113.283,112.618,0.0008,0.0008
24.03.2020 08:36:57.594 GMT-0500,113.003,112.787,0.002,0.002
24.03.2020 08:36:57.947 GMT-0500,113.00200000000001,112.74799999999999,0.0008,0.0008
24.03.2020 08:36:58.300 GMT-0500,112.962,112.74799999999999,0.0008,0.0008
24.03.2020 08:36:59.473 GMT-0500,112.923,112.74700000000001,0.0008,0.002
24.03.2020 08:36:59.610 GMT-0500,112.923,112.837,0.0008,0.0008
24.03.2020 08:36:59.660 GMT-0500,112.92200000000001,112.74799999999999,0.0008,0.0008
24.03.2020 08:36:59.711 GMT-0500,112.962,112.758,0.0008,0.0008
24.03.2020 08:37:00.178 GMT-0500,112.92200000000001,112.758,0.0008,0.0008
24.03.2020 08:37:00.279 GMT-0500,112.962,112.758,0.002,0.002
24.03.2020 08:37:00.330 GMT-0500,112.962,112.768,0.0008,0.0008
24.03.2020 08:37:00.521 GMT-0500,112.923,112.768,0.0008,0.0008
24.03.2020 08:37:00.677 GMT-0500,112.92200000000001,112.768,0.0008,0.0008
24.03.2020 08:37:00.728 GMT-0500,112.962,112.77799999999999,0.0008,0.0008
24.03.2020 08:37:01.299 GMT-0500,112.962,112.87700000000001,0.0008,0.0008
24.03.2020 08:37:01.400 GMT-0500,112.963,112.77700000000002,0.002,0.002
24.03.2020 08:37:01.510 GMT-0500,112.962,112.838,0.0008,0.0008
24.03.2020 08:37:03.643 GMT-0500,112.963,112.477,0.002,0.002
24.03.2020 08:37:04.060 GMT-0500,112.962,112.628,0.0008,0.0008
24.03.2020 08:37:05.271 GMT-0500,112.962,112.66799999999999,0.0008,0.0008
24.03.2020 08:37:06.927 GMT-0500,112.83200000000001,112.66799999999999,0.0008,0.002
24.03.2020 08:37:10.020 GMT-0500,112.833,112.66700000000002,0.002,0.002
24.03.2020 08:37:10.070 GMT-0500,112.73200000000001,112.478,0.002,0.002
24.03.2020 08:37:10.232 GMT-0500,112.75200000000001,112.488,0.0008,0.002
24.03.2020 08:37:10.283 GMT-0500,112.81200000000001,112.478,0.002,0.002
24.03.2020 08:37:10.835 GMT-0500,112.86200000000001,112.478,0.0008,0.0008
24.03.2020 08:37:11.037 GMT-0500,112.863,112.48700000000001,0.002,0.0008
24.03.2020 08:37:11.205 GMT-0500,112.86200000000001,112.48700000000001,0.0008,0.0008
24.03.2020 08:37:11.256 GMT-0500,112.86200000000001,112.478,0.0008,0.0008
24.03.2020 08:37:11.373 GMT-0500,112.86200000000001,112.587,0.0008,0.0008
24.03.2020 08:37:12.005 GMT-0500,112.86200000000001,112.588,0.0008,0.0008
24.03.2020 08:37:12.343 GMT-0500,112.86200000000001,112.60700000000001,0.0008,0.0008
24.03.2020 08:37:12.393 GMT-0500,112.962,112.60799999999999,0.0008,0.0008
24.03.2020 08:37:14.202 GMT-0500,112.962,112.65700000000001,0.0008,0.0008
24.03.2020 08:37:14.678 GMT-0500,112.962,112.66799999999999,0.002,0.002
24.03.2020 08:37:15.224 GMT-0500,112.962,112.82799999999999,0.0008,0.0008
24.03.2020 08:37:15.274 GMT-0500,113.00200000000001,112.838,0.0008,0.0008
24.03.2020 08:37:15.566 GMT-0500,113.06,112.93799999999999,0.0008,0.0008
24.03.2020 08:37:15.616 GMT-0500,113.44200000000001,112.93799999999999,0.0008,0.0008
24.03.2020 08:37:15.667 GMT-0500,113.40200000000002,112.93799999999999,0.002,0.002
24.03.2020 08:37:15.807 GMT-0500,113.23299999999999,112.84700000000001,0.002,0.002
24.03.2020 08:37:16.122 GMT-0500,113.29200000000002,112.588,0.002,0.002
24.03.2020 08:37:16.239 GMT-0500,113.302,112.588,0.002,0.002
24.03.2020 08:37:18.616 GMT-0500,113.69200000000001,112.588,0.0008,0.0008
24.03.2020 08:37:19.045 GMT-0500,113.68200000000002,112.588,0.0008,0.0008
24.03.2020 08:37:20.873 GMT-0500,113.69200000000001,112.598,0.0008,0.0008
24.03.2020 08:37:21.478 GMT-0500,113.693,112.70700000000001,0.002,0.0008
24.03.2020 08:37:22.655 GMT-0500,113.673,112.708,0.0008,0.0008
24.03.2020 08:37:22.862 GMT-0500,113.67200000000001,112.708,0.0008,0.0008
24.03.2020 08:37:22.913 GMT-0500,113.68299999999999,112.70700000000001,0.002,0.002
24.03.2020 08:37:23.499 GMT-0500,113.243,112.70700000000001,0.0008,0.002
24.03.2020 08:37:26.322 GMT-0500,113.242,112.838,0.0008,0.0008
24.03.2020 08:37:27.359 GMT-0500,113.23299999999999,112.838,0.0008,0.0008
24.03.2020 08:37:27.598 GMT-0500,113.213,112.837,0.0008,0.002
24.03.2020 08:37:27.863 GMT-0500,113.213,112.838,0.0008,0.0008
24.03.2020 08:37:27.913 GMT-0500,113.22200000000001,112.838,0.0008,0.0008
24.03.2020 08:37:28.168 GMT-0500,113.242,112.838,0.0008,0.0008
24.03.2020 08:37:28.489 GMT-0500,113.213,112.837,0.0008,0.002
24.03.2020 08:37:28.935 GMT-0500,113.19200000000001,112.838,0.0008,0.002
24.03.2020 08:37:29.086 GMT-0500,113.17200000000001,112.838,0.0008,0.0008
24.03.2020 08:37:29.187 GMT-0500,113.58200000000001,112.838,0.0008,0.0008
24.03.2020 08:37:29.237 GMT-0500,113.15200000000002,112.838,0.002,0.002
24.03.2020 08:37:29.401 GMT-0500,113.17200000000001,112.838,0.002,0.002
24.03.2020 08:37:29.951 GMT-0500,113.15299999999999,112.838,0.0008,0.0008
24.03.2020 08:37:30.535 GMT-0500,113.462,112.838,0.0008,0.0008
24.03.2020 08:37:30.833 GMT-0500,113.572,112.838,0.0008,0.0008
24.03.2020 08:37:30.883 GMT-0500,113.462,112.838,0.0008,0.0008
24.03.2020 08:37:30.984 GMT-0500,113.15200000000002,112.838,0.0008,0.0008
24.03.2020 08:37:31.086 GMT-0500,112.98200000000001,112.848,0.002,0.0008
24.03.2020 08:37:31.898 GMT-0500,112.962,112.848,0.0008,0.002
24.03.2020 08:37:32.133 GMT-0500,112.98200000000001,112.848,0.0008,0.0008
24.03.2020 08:37:32.187 GMT-0500,112.962,112.848,0.0008,0.0008
24.03.2020 08:37:32.972 GMT-0500,112.90299999999999,112.8,0.0008,0.0008
24.03.2020 08:37:33.026 GMT-0500,112.852,112.478,0.0008,0.0008
24.03.2020 08:37:33.076 GMT-0500,112.84299999999999,112.477,0.002,0.002
24.03.2020 08:37:33.657 GMT-0500,112.84299999999999,112.478,0.0008,0.0008
24.03.2020 08:37:34.580 GMT-0500,112.83200000000001,112.488,0.002,0.0008
24.03.2020 08:37:34.681 GMT-0500,112.83200000000001,112.478,0.0008,0.0008
24.03.2020 08:37:35.367 GMT-0500,112.83200000000001,112.488,0.0008,0.0008
24.03.2020 08:37:35.617 GMT-0500,112.81200000000001,112.598,0.0008,0.002
24.03.2020 08:37:35.874 GMT-0500,112.81299999999999,112.60700000000001,0.002,0.0008
24.03.2020 08:37:38.059 GMT-0500,112.81299999999999,112.62700000000001,0.002,0.0008
24.03.2020 08:37:38.110 GMT-0500,112.81299999999999,112.617,0.002,0.002
24.03.2020 08:37:38.215 GMT-0500,112.802,112.618,0.0008,0.0008
24.03.2020 08:37:39.333 GMT-0500,112.78200000000001,112.618,0.0008,0.002
24.03.2020 08:37:40.094 GMT-0500,112.98200000000001,112.618,0.0008,0.0008
24.03.2020 08:37:40.144 GMT-0500,112.98200000000001,112.628,0.002,0.002
24.03.2020 08:37:40.297 GMT-0500,112.97200000000001,112.628,0.0008,0.002
24.03.2020 08:37:40.530 GMT-0500,112.98299999999999,112.62700000000001,0.002,0.002
24.03.2020 08:37:40.608 GMT-0500,112.98299999999999,112.647,0.002,0.0008
24.03.2020 08:37:40.759 GMT-0500,112.98200000000001,112.628,0.0008,0.0008
24.03.2020 08:37:40.888 GMT-0500,112.98200000000001,112.71799999999999,0.0008,0.0008
24.03.2020 08:37:41.081 GMT-0500,112.973,112.71700000000001,0.0008,0.0008
24.03.2020 08:37:41.132 GMT-0500,112.98200000000001,112.708,0.0008,0.0008
24.03.2020 08:37:41.575 GMT-0500,112.98299999999999,112.71700000000001,0.002,0.002
24.03.2020 08:37:41.755 GMT-0500,112.98299999999999,112.70700000000001,0.002,0.002
24.03.2020 08:37:41.842 GMT-0500,112.97200000000001,112.708,0.0008,0.0008
24.03.2020 08:37:41.892 GMT-0500,112.98200000000001,112.708,0.0008,0.0008
24.03.2020 08:37:42.233 GMT-0500,112.98200000000001,112.71799999999999,0.0008,0.0008
24.03.2020 08:37:42.840 GMT-0500,112.98200000000001,112.76700000000001,0.0008,0.0008
24.03.2020 08:37:42.941 GMT-0500,112.98200000000001,112.80799999999999,0.0008,0.0008
24.03.2020 08:37:43.198 GMT-0500,112.98299999999999,112.82700000000001,0.002,0.0008
24.03.2020 08:37:43.579 GMT-0500,112.98200000000001,112.82799999999999,0.0008,0.0008
24.03.2020 08:37:43.629 GMT-0500,112.94200000000001,112.488,0.0008,0.0008
24.03.2020 08:37:43.680 GMT-0500,112.852,112.488,0.0008,0.0008
24.03.2020 08:37:43.730 GMT-0500,112.90200000000002,112.488,0.002,0.002
24.03.2020 08:37:43.920 GMT-0500,112.98200000000001,112.488,0.0008,0.0008
24.03.2020 08:37:43.971 GMT-0500,112.723,112.477,0.002,0.002
24.03.2020 08:37:44.086 GMT-0500,112.72200000000001,112.46799999999999,0.0008,0.0008
24.03.2020 08:37:44.543 GMT-0500,112.98200000000001,112.46799999999999,0.0008,0.0008
24.03.2020 08:37:45.687 GMT-0500,112.98299999999999,112.46700000000001,0.002,0.002
24.03.2020 08:37:47.749 GMT-0500,112.98200000000001,112.46799999999999,0.0008,0.0008
24.03.2020 08:37:48.792 GMT-0500,112.713,112.46700000000001,0.0008,0.0008
24.03.2020 08:37:48.893 GMT-0500,112.56299999999999,112.34700000000001,0.002,0.002
24.03.2020 08:37:49.182 GMT-0500,112.56299999999999,112.348,0.0008,0.0008
24.03.2020 08:37:49.233 GMT-0500,112.98200000000001,112.348,0.002,0.002
24.03.2020 08:37:49.957 GMT-0500,112.98299999999999,112.34700000000001,0.002,0.002
24.03.2020 08:37:50.918 GMT-0500,112.98200000000001,112.348,0.0008,0.0008
24.03.2020 08:37:50.969 GMT-0500,112.97200000000001,112.348,0.0008,0.0008
24.03.2020 08:37:51.267 GMT-0500,112.95200000000001,112.348,0.0008,0.002
24.03.2020 08:37:52.162 GMT-0500,112.93299999999999,112.348,0.0008,0.0008
24.03.2020 08:37:53.828 GMT-0500,112.913,112.34700000000001,0.0008,0.002
24.03.2020 08:37:55.459 GMT-0500,112.89200000000001,112.348,0.0008,0.0008
24.03.2020 08:37:55.689 GMT-0500,112.882,112.348,0.002,0.002
24.03.2020 08:37:55.968 GMT-0500,112.87299999999999,112.348,0.0008,0.0008
24.03.2020 08:37:56.068 GMT-0500,112.882,112.348,0.0008,0.0008
24.03.2020 08:37:56.238 GMT-0500,112.98200000000001,112.348,0.0008,0.0008
24.03.2020 08:37:56.297 GMT-0500,112.98200000000001,112.59700000000001,0.0008,0.0008
24.03.2020 08:37:56.450 GMT-0500,112.633,112.598,0.0008,0.0008
24.03.2020 08:37:56.501 GMT-0500,112.602,112.348,0.002,0.002
24.03.2020 08:37:56.942 GMT-0500,112.602,112.35799999999999,0.002,0.0008
24.03.2020 08:37:56.992 GMT-0500,112.603,112.34700000000001,0.002,0.002
24.03.2020 08:37:57.213 GMT-0500,112.603,112.348,0.0008,0.0008
24.03.2020 08:37:57.264 GMT-0500,112.98200000000001,112.348,0.0008,0.0008
24.03.2020 08:37:57.791 GMT-0500,112.87299999999999,112.348,0.0008,0.0008
24.03.2020 08:37:58.010 GMT-0500,112.87200000000001,112.35799999999999,0.0008,0.0008
24.03.2020 08:37:58.061 GMT-0500,112.97200000000001,112.35799999999999,0.0008,0.0008
24.03.2020 08:37:58.372 GMT-0500,112.973,112.35700000000001,0.0008,0.0008
24.03.2020 08:37:58.570 GMT-0500,112.852,112.348,0.0008,0.0008
24.03.2020 08:37:58.770 GMT-0500,112.59299999999999,112.348,0.0008,0.0008
24.03.2020 08:38:00.093 GMT-0500,112.83200000000001,112.348,0.0008,0.0008
24.03.2020 08:38:00.962 GMT-0500,112.81299999999999,112.34700000000001,0.0008,0.002
24.03.2020 08:38:01.110 GMT-0500,112.81299999999999,112.348,0.0008,0.0008
24.03.2020 08:38:01.161 GMT-0500,112.98200000000001,112.348,0.002,0.002
24.03.2020 08:38:01.701 GMT-0500,112.742,112.348,0.0008,0.002
24.03.2020 08:38:02.058 GMT-0500,112.73200000000001,112.348,0.0008,0.0008
24.03.2020 08:38:03.178 GMT-0500,112.712,112.348,0.0008,0.0008
24.03.2020 08:38:03.983 GMT-0500,112.743,112.35700000000001,0.002,0.002
24.03.2020 08:38:04.095 GMT-0500,112.742,112.368,0.0008,0.0008
24.03.2020 08:38:04.264 GMT-0500,112.673,112.368,0.0008,0.0008
24.03.2020 08:38:04.574 GMT-0500,112.632,112.368,0.0008,0.002
24.03.2020 08:38:04.674 GMT-0500,112.632,112.348,0.0008,0.0008
24.03.2020 08:38:07.691 GMT-0500,112.613,112.34700000000001,0.0008,0.002
24.03.2020 08:38:09.100 GMT-0500,112.613,112.348,0.0008,0.0008
24.03.2020 08:38:09.151 GMT-0500,113.052,112.348,0.002,0.002
24.03.2020 08:38:09.277 GMT-0500,112.61200000000001,112.348,0.0008,0.0008
24.03.2020 08:38:09.554 GMT-0500,112.61200000000001,112.368,0.0008,0.0008
24.03.2020 08:38:09.604 GMT-0500,113.052,112.368,0.0008,0.0008
24.03.2020 08:38:09.720 GMT-0500,113.052,112.348,0.0008,0.0008
24.03.2020 08:38:09.854 GMT-0500,113.04299999999999,112.348,0.0008,0.0008
24.03.2020 08:38:09.955 GMT-0500,112.62200000000001,112.348,0.0008,0.0008
24.03.2020 08:38:10.142 GMT-0500,112.602,112.348,0.0008,0.002
24.03.2020 08:38:10.327 GMT-0500,112.58200000000001,112.348,0.0008,0.002
24.03.2020 08:38:11.972 GMT-0500,113.03200000000001,112.348,0.0008,0.0008
24.03.2020 08:38:12.075 GMT-0500,112.51200000000001,112.348,0.0008,0.0008
24.03.2020 08:38:13.050 GMT-0500,112.352,112.208,0.0008,0.0008
24.03.2020 08:38:13.101 GMT-0500,112.353,112.197,0.002,0.002
24.03.2020 08:38:13.164 GMT-0500,112.34200000000001,112.198,0.0008,0.0008
24.03.2020 08:38:14.996 GMT-0500,112.375,112.198,0.0008,0.0008
24.03.2020 08:38:15.047 GMT-0500,112.76200000000001,112.198,0.0008,0.0008
24.03.2020 08:38:15.533 GMT-0500,112.76200000000001,112.208,0.0008,0.0008
24.03.2020 08:38:15.585 GMT-0500,113.03200000000001,112.198,0.0008,0.0008
24.03.2020 08:38:15.640 GMT-0500,112.993,112.197,0.0008,0.002
24.03.2020 08:38:16.144 GMT-0500,112.98299999999999,112.197,0.002,0.002
24.03.2020 08:38:16.288 GMT-0500,112.992,112.198,0.0008,0.0008
24.03.2020 08:38:16.441 GMT-0500,112.802,112.198,0.0008,0.002
24.03.2020 08:38:16.807 GMT-0500,112.802,112.208,0.0008,0.0008
24.03.2020 08:38:16.935 GMT-0500,112.79200000000002,112.198,0.0008,0.0008
24.03.2020 08:38:16.985 GMT-0500,113.03200000000001,112.198,0.002,0.002
24.03.2020 08:38:17.447 GMT-0500,112.90200000000002,112.198,0.002,0.002
24.03.2020 08:38:18.078 GMT-0500,112.45200000000001,112.208,0.0008,0.0008
24.03.2020 08:38:19.107 GMT-0500,112.45200000000001,112.20700000000001,0.0008,0.0008
24.03.2020 08:38:19.157 GMT-0500,112.31200000000001,111.568,0.0008,0.0008
24.03.2020 08:38:19.207 GMT-0500,112.34200000000001,111.598,0.002,0.002
24.03.2020 08:38:19.287 GMT-0500,112.962,111.598,0.002,0.002
24.03.2020 08:38:19.388 GMT-0500,112.992,111.568,0.0008,0.0008
24.03.2020 08:38:19.608 GMT-0500,112.992,111.56700000000001,0.0008,0.0008
24.03.2020 08:38:19.659 GMT-0500,112.992,111.478,0.002,0.002
24.03.2020 08:38:19.727 GMT-0500,112.992,111.537,0.0008,0.0008
24.03.2020 08:38:19.777 GMT-0500,113.033,111.537,0.002,0.002
24.03.2020 08:38:19.842 GMT-0500,112.89200000000001,111.538,0.0008,0.0008
24.03.2020 08:38:20.146 GMT-0500,112.883,111.54700000000001,0.0008,0.0008
24.03.2020 08:38:20.352 GMT-0500,112.893,111.537,0.002,0.002
24.03.2020 08:38:21.019 GMT-0500,112.882,111.548,0.0008,0.0008
24.03.2020 08:38:21.097 GMT-0500,112.89200000000001,111.538,0.0008,0.0008
24.03.2020 08:38:21.440 GMT-0500,112.89200000000001,111.978,0.002,0.0008
24.03.2020 08:38:22.192 GMT-0500,112.882,111.978,0.0008,0.0008
24.03.2020 08:38:22.353 GMT-0500,112.893,111.977,0.002,0.002
24.03.2020 08:38:22.936 GMT-0500,112.89200000000001,111.988,0.0008,0.0008
24.03.2020 08:38:23.812 GMT-0500,112.882,111.988,0.0008,0.002
24.03.2020 08:38:23.926 GMT-0500,112.883,111.988,0.0008,0.0008
24.03.2020 08:38:23.976 GMT-0500,112.89200000000001,111.988,0.002,0.002
24.03.2020 08:38:24.826 GMT-0500,112.882,111.988,0.0008,0.002
24.03.2020 08:38:24.927 GMT-0500,112.893,111.98700000000001,0.002,0.002
24.03.2020 08:38:25.805 GMT-0500,112.893,111.988,0.0008,0.0008
24.03.2020 08:38:25.856 GMT-0500,113.03200000000001,111.988,0.002,0.002
24.03.2020 08:38:26.076 GMT-0500,113.022,111.99799999999999,0.0008,0.0008
24.03.2020 08:38:26.367 GMT-0500,113.03200000000001,111.988,0.0008,0.0008
24.03.2020 08:38:26.825 GMT-0500,113.023,111.99700000000001,0.0008,0.0008
24.03.2020 08:38:26.875 GMT-0500,113.033,111.98700000000001,0.002,0.002
24.03.2020 08:38:27.658 GMT-0500,112.443,111.98700000000001,0.0008,0.002
24.03.2020 08:38:27.759 GMT-0500,113.03200000000001,111.988,0.0008,0.0008
24.03.2020 08:38:28.221 GMT-0500,112.423,111.98700000000001,0.0008,0.002
24.03.2020 08:38:28.322 GMT-0500,112.42200000000001,112.10799999999999,0.0008,0.0008
24.03.2020 08:38:28.774 GMT-0500,113.03200000000001,112.10799999999999,0.0008,0.0008
24.03.2020 08:38:29.327 GMT-0500,112.87200000000001,112.10799999999999,0.0008,0.0008
24.03.2020 08:38:29.936 GMT-0500,112.87299999999999,112.10799999999999,0.0008,0.0008
24.03.2020 08:38:29.986 GMT-0500,113.03200000000001,112.10799999999999,0.002,0.002
24.03.2020 08:38:30.284 GMT-0500,113.03200000000001,111.77799999999999,0.002,0.002
24.03.2020 08:38:31.617 GMT-0500,113.022,111.788,0.002,0.002
24.03.2020 08:38:31.794 GMT-0500,112.602,112.32700000000001,0.0008,0.0008
24.03.2020 08:38:31.845 GMT-0500,112.602,112.27799999999999,0.0008,0.0008
24.03.2020 08:38:32.188 GMT-0500,112.603,111.60700000000001,0.002,0.002
24.03.2020 08:38:32.803 GMT-0500,112.602,111.77799999999999,0.0008,0.0008
24.03.2020 08:38:33.745 GMT-0500,112.59299999999999,111.787,0.0008,0.0008
24.03.2020 08:38:33.845 GMT-0500,112.602,111.77799999999999,0.0008,0.0008
24.03.2020 08:38:34.347 GMT-0500,112.59299999999999,111.787,0.0008,0.0008
24.03.2020 08:38:34.448 GMT-0500,112.602,111.788,0.0008,0.0008
24.03.2020 08:38:34.500 GMT-0500,112.602,112.10799999999999,0.002,0.0008
24.03.2020 08:38:35.221 GMT-0500,112.59200000000001,112.118,0.0008,0.0008
24.03.2020 08:38:35.322 GMT-0500,112.602,112.10799999999999,0.0008,0.0008
24.03.2020 08:38:35.706 GMT-0500,112.36200000000001,112.10799999999999,0.0008,0.002
24.03.2020 08:38:35.757 GMT-0500,112.602,112.10799999999999,0.0008,0.0008
24.03.2020 08:38:36.070 GMT-0500,112.40299999999999,112.10799999999999,0.0008,0.0008
24.03.2020 08:38:36.121 GMT-0500,112.602,112.10799999999999,0.0008,0.0008
24.03.2020 08:38:36.221 GMT-0500,112.28200000000001,111.568,0.002,0.002
24.03.2020 08:38:36.272 GMT-0500,112.28200000000001,111.478,0.0008,0.0008
24.03.2020 08:38:36.992 GMT-0500,112.603,111.477,0.002,0.002
24.03.2020 08:38:37.183 GMT-0500,112.242,111.478,0.0008,0.0008
24.03.2020 08:38:37.541 GMT-0500,112.242,111.538,0.0008,0.002
24.03.2020 08:38:37.591 GMT-0500,112.602,111.538,0.002,0.002
24.03.2020 08:38:37.835 GMT-0500,112.413,111.538,0.0008,0.0008
24.03.2020 08:38:38.586 GMT-0500,112.37200000000001,111.99799999999999,0.002,0.002
24.03.2020 08:38:38.687 GMT-0500,112.29299999999999,112.007,0.002,0.002
24.03.2020 08:38:39.993 GMT-0500,112.29299999999999,112.008,0.0008,0.0008
24.03.2020 08:38:40.043 GMT-0500,112.59200000000001,112.008,0.002,0.002
24.03.2020 08:38:40.094 GMT-0500,112.602,112.008,0.0008,0.0008
24.03.2020 08:38:40.790 GMT-0500,112.26200000000001,112.008,0.0008,0.0008
24.03.2020 08:38:41.709 GMT-0500,112.22200000000001,112.008,0.0008,0.002
24.03.2020 08:38:41.859 GMT-0500,112.163,112.007,0.002,0.002
24.03.2020 08:38:41.910 GMT-0500,112.602,112.008,0.0008,0.0008
24.03.2020 08:38:41.960 GMT-0500,112.18299999999999,112.007,0.002,0.002
24.03.2020 08:38:42.576 GMT-0500,112.19500000000001,112.008,0.0008,0.002
24.03.2020 08:38:42.626 GMT-0500,112.17200000000001,111.57799999999999,0.0008,0.0008
24.03.2020 08:38:42.676 GMT-0500,112.15200000000002,111.57799999999999,0.002,0.002
24.03.2020 08:38:42.784 GMT-0500,112.15200000000002,111.568,0.0008,0.0008
24.03.2020 08:38:42.934 GMT-0500,112.602,111.568,0.0008,0.0008
24.03.2020 08:38:42.985 GMT-0500,112.302,111.568,0.0008,0.0008
24.03.2020 08:38:43.118 GMT-0500,112.29299999999999,111.56700000000001,0.0008,0.002
24.03.2020 08:38:43.220 GMT-0500,112.302,111.568,0.002,0.002
24.03.2020 08:38:43.301 GMT-0500,112.113,111.56700000000001,0.002,0.002
24.03.2020 08:38:43.509 GMT-0500,112.06299999999999,111.56700000000001,0.0008,0.002
24.03.2020 08:38:43.559 GMT-0500,112.03200000000001,111.43799999999999,0.0008,0.0008
24.03.2020 08:38:43.683 GMT-0500,112.033,111.31700000000001,0.002,0.002
24.03.2020 08:38:43.888 GMT-0500,112.113,111.367,0.002,0.002
24.03.2020 08:38:44.036 GMT-0500,112.01200000000001,111.38799999999999,0.0008,0.0008
24.03.2020 08:38:44.087 GMT-0500,112.113,111.38700000000001,0.002,0.002
24.03.2020 08:38:44.304 GMT-0500,111.912,111.398,0.0008,0.0008
24.03.2020 08:38:44.355 GMT-0500,112.11200000000001,111.368,0.0008,0.0008
24.03.2020 08:38:45.016 GMT-0500,112.102,111.378,0.0008,0.0008
24.03.2020 08:38:45.179 GMT-0500,112.103,111.37700000000001,0.0008,0.0008
24.03.2020 08:38:45.229 GMT-0500,112.113,111.31700000000001,0.002,0.002
24.03.2020 08:38:45.302 GMT-0500,112.04299999999999,111.31700000000001,0.0008,0.002
24.03.2020 08:38:46.295 GMT-0500,112.04200000000002,111.318,0.0008,0.0008
24.03.2020 08:38:46.412 GMT-0500,112.04299999999999,111.32700000000001,0.002,0.0008
24.03.2020 08:38:46.513 GMT-0500,112.04200000000002,111.32799999999999,0.0008,0.0008
24.03.2020 08:38:46.658 GMT-0500,112.04200000000002,111.318,0.0008,0.0008
24.03.2020 08:38:47.008 GMT-0500,111.993,111.318,0.0008,0.0008
24.03.2020 08:38:47.109 GMT-0500,112.04299999999999,111.30700000000002,0.002,0.002
24.03.2020 08:38:47.169 GMT-0500,111.912,111.30799999999999,0.0008,0.0008
24.03.2020 08:38:47.219 GMT-0500,111.913,111.29700000000001,0.002,0.002
24.03.2020 08:38:47.288 GMT-0500,112.04200000000002,111.298,0.0008,0.0008
24.03.2020 08:38:47.339 GMT-0500,111.93200000000002,111.298,0.0008,0.0008
24.03.2020 08:38:47.588 GMT-0500,111.93200000000002,111.49799999999999,0.002,0.0008
24.03.2020 08:38:47.925 GMT-0500,111.93299999999999,111.507,0.002,0.0008
24.03.2020 08:38:48.026 GMT-0500,111.93200000000002,111.508,0.0008,0.0008
24.03.2020 08:38:48.263 GMT-0500,111.93200000000002,111.55799999999999,0.0008,0.0008
24.03.2020 08:38:48.467 GMT-0500,111.93200000000002,111.71799999999999,0.0008,0.0008
24.03.2020 08:38:49.715 GMT-0500,111.93200000000002,111.55799999999999,0.0008,0.0008
24.03.2020 08:38:50.423 GMT-0500,111.93200000000002,111.568,0.0008,0.0008
24.03.2020 08:38:50.559 GMT-0500,111.93200000000002,111.55799999999999,0.0008,0.0008
24.03.2020 08:38:50.689 GMT-0500,111.93299999999999,111.70700000000001,0.002,0.0008
24.03.2020 08:38:50.985 GMT-0500,111.923,111.70700000000001,0.0008,0.002
24.03.2020 08:38:51.085 GMT-0500,111.93200000000002,111.708,0.002,0.002
24.03.2020 08:38:51.176 GMT-0500,111.822,111.708,0.0008,0.002
24.03.2020 08:38:51.226 GMT-0500,111.93200000000002,111.708,0.002,0.002
24.03.2020 08:38:51.277 GMT-0500,111.92200000000001,111.708,0.0008,0.0008
24.03.2020 08:38:51.327 GMT-0500,111.93299999999999,111.70700000000001,0.002,0.002
24.03.2020 08:38:51.671 GMT-0500,111.923,111.70700000000001,0.0008,0.002
24.03.2020 08:38:51.855 GMT-0500,111.92200000000001,111.708,0.0008,0.0008
24.03.2020 08:38:51.906 GMT-0500,111.93299999999999,111.70700000000001,0.002,0.002
24.03.2020 08:38:52.023 GMT-0500,111.93200000000002,111.71799999999999,0.0008,0.0008
24.03.2020 08:38:52.342 GMT-0500,111.95200000000001,111.71799999999999,0.002,0.002
24.03.2020 08:38:53.857 GMT-0500,111.94200000000001,111.55799999999999,0.002,0.002
24.03.2020 08:38:54.872 GMT-0500,111.94200000000001,111.727,0.0008,0.0008
24.03.2020 08:38:54.922 GMT-0500,111.95299999999999,111.727,0.002,0.002
24.03.2020 08:38:55.307 GMT-0500,111.94200000000001,111.727,0.0008,0.0008
24.03.2020 08:38:55.357 GMT-0500,111.95200000000001,111.55799999999999,0.0008,0.0008
24.03.2020 08:38:55.442 GMT-0500,111.78200000000001,111.55799999999999,0.0008,0.0008
24.03.2020 08:38:55.492 GMT-0500,111.94200000000001,111.55799999999999,0.002,0.002
24.03.2020 08:38:55.553 GMT-0500,111.712,111.55799999999999,0.0008,0.002
24.03.2020 08:38:57.303 GMT-0500,111.693,111.55700000000002,0.0008,0.002
24.03.2020 08:38:57.353 GMT-0500,111.712,111.55799999999999,0.0008,0.0008
24.03.2020 08:38:57.840 GMT-0500,111.713,111.70200000000001,0.0008,0.0008
24.03.2020 08:38:57.890 GMT-0500,111.833,111.70700000000001,0.002,0.002
24.03.2020 08:38:58.271 GMT-0500,111.772,111.618,0.0008,0.0008
24.03.2020 08:38:58.322 GMT-0500,111.98299999999999,111.55700000000002,0.002,0.002
24.03.2020 08:38:58.709 GMT-0500,111.70299999999999,111.55700000000002,0.0008,0.002
24.03.2020 08:38:59.853 GMT-0500,111.70299999999999,111.568,0.0008,0.0008
24.03.2020 08:38:59.903 GMT-0500,111.97200000000001,111.568,0.002,0.002
24.03.2020 08:39:00.014 GMT-0500,111.98200000000001,111.568,0.0008,0.0008
24.03.2020 08:39:00.114 GMT-0500,111.98200000000001,111.628,0.0008,0.0008
24.03.2020 08:39:00.238 GMT-0500,111.89200000000001,111.55799999999999,0.0008,0.0008
24.03.2020 08:39:00.288 GMT-0500,111.98200000000001,111.568,0.0008,0.0008
24.03.2020 08:39:00.791 GMT-0500,111.973,111.56700000000001,0.002,0.002
24.03.2020 08:39:01.094 GMT-0500,111.98200000000001,111.568,0.0008,0.0008
24.03.2020 08:39:01.530 GMT-0500,111.823,111.568,0.0008,0.0008
24.03.2020 08:39:01.631 GMT-0500,111.98299999999999,111.56700000000001,0.002,0.002
24.03.2020 08:39:01.838 GMT-0500,111.83200000000001,111.568,0.0008,0.0008
24.03.2020 08:39:01.957 GMT-0500,111.833,111.568,0.0008,0.0008
24.03.2020 08:39:02.008 GMT-0500,111.98200000000001,111.568,0.002,0.002
24.03.2020 08:39:02.101 GMT-0500,111.98200000000001,111.71799999999999,0.002,0.0008
24.03.2020 08:39:02.252 GMT-0500,111.89200000000001,111.63799999999999,0.0008,0.0008
24.03.2020 08:39:02.665 GMT-0500,111.89200000000001,111.63700000000001,0.0008,0.0008
24.03.2020 08:39:02.715 GMT-0500,111.89200000000001,111.568,0.002,0.002
24.03.2020 08:39:02.768 GMT-0500,111.822,111.568,0.002,0.002
24.03.2020 08:39:02.990 GMT-0500,111.83200000000001,111.618,0.0008,0.0008
24.03.2020 08:39:04.425 GMT-0500,111.822,111.618,0.0008,0.0008
24.03.2020 08:39:04.475 GMT-0500,111.822,111.57799999999999,0.002,0.002
24.03.2020 08:39:04.996 GMT-0500,111.802,111.538,0.0008,0.0008
24.03.2020 08:39:05.047 GMT-0500,111.823,111.537,0.002,0.002
24.03.2020 08:39:06.555 GMT-0500,111.802,111.538,0.0008,0.0008
24.03.2020 08:39:06.605 GMT-0500,111.822,111.538,0.002,0.002
24.03.2020 08:39:07.039 GMT-0500,111.69200000000001,111.538,0.0008,0.002
24.03.2020 08:39:07.090 GMT-0500,111.95299999999999,111.41700000000002,0.002,0.002
24.03.2020 08:39:07.140 GMT-0500,111.61200000000001,111.41799999999999,0.0008,0.0008
24.03.2020 08:39:07.250 GMT-0500,111.76200000000001,111.41799999999999,0.002,0.002
24.03.2020 08:39:07.301 GMT-0500,111.68200000000002,111.41799999999999,0.0008,0.0008
24.03.2020 08:39:07.351 GMT-0500,111.73200000000001,111.41799999999999,0.002,0.002
24.03.2020 08:39:07.401 GMT-0500,111.67200000000001,111.41799999999999,0.0008,0.0008
24.03.2020 08:39:07.574 GMT-0500,111.76200000000001,111.41799999999999,0.0008,0.0008
24.03.2020 08:39:07.625 GMT-0500,111.68200000000002,111.41799999999999,0.0008,0.0008
24.03.2020 08:39:08.569 GMT-0500,111.67200000000001,111.507,0.0008,0.0008
24.03.2020 08:39:09.264 GMT-0500,111.67200000000001,111.41799999999999,0.002,0.002
24.03.2020 08:39:09.424 GMT-0500,111.75200000000001,111.41799999999999,0.002,0.002
24.03.2020 08:39:09.474 GMT-0500,111.662,111.41799999999999,0.0008,0.0008
24.03.2020 08:39:09.524 GMT-0500,111.75200000000001,111.41799999999999,0.002,0.002
24.03.2020 08:39:10.199 GMT-0500,111.68299999999999,111.41799999999999,0.0008,0.0008
24.03.2020 08:39:10.350 GMT-0500,111.382,111.018,0.0008,0.0008
24.03.2020 08:39:10.450 GMT-0500,111.61200000000001,110.518,0.0008,0.0008
24.03.2020 08:39:10.646 GMT-0500,111.61200000000001,110.678,0.0008,0.0008
24.03.2020 08:39:10.697 GMT-0500,111.633,110.677,0.002,0.002
24.03.2020 08:39:11.811 GMT-0500,111.632,110.71799999999999,0.0008,0.0008
24.03.2020 08:39:12.251 GMT-0500,111.632,110.728,0.002,0.002
24.03.2020 08:39:12.409 GMT-0500,111.633,110.71700000000001,0.002,0.002
24.03.2020 08:39:13.459 GMT-0500,111.632,110.728,0.0008,0.0008
24.03.2020 08:39:13.726 GMT-0500,111.632,111.068,0.002,0.002
24.03.2020 08:39:17.604 GMT-0500,111.423,111.068,0.0008,0.0008
24.03.2020 08:39:17.715 GMT-0500,111.632,111.068,0.002,0.002
24.03.2020 08:39:17.793 GMT-0500,111.382,111.068,0.0008,0.002
24.03.2020 08:39:18.125 GMT-0500,111.632,111.068,0.0008,0.0008
24.03.2020 08:39:18.196 GMT-0500,111.632,111.37700000000001,0.0008,0.0008
24.03.2020 08:39:18.297 GMT-0500,111.62200000000001,111.378,0.0008,0.0008
24.03.2020 08:39:18.564 GMT-0500,111.62200000000001,111.068,0.0008,0.0008
24.03.2020 08:39:18.934 GMT-0500,111.59299999999999,111.068,0.0008,0.0008
24.03.2020 08:39:18.985 GMT-0500,111.62200000000001,111.07799999999999,0.0008,0.0008
24.03.2020 08:39:19.109 GMT-0500,111.62200000000001,111.068,0.002,0.002
24.03.2020 08:39:19.308 GMT-0500,111.62200000000001,111.38799999999999,0.002,0.0008
24.03.2020 08:39:19.545 GMT-0500,111.62200000000001,111.068,0.0008,0.0008
24.03.2020 08:39:19.787 GMT-0500,111.523,111.06700000000001,0.0008,0.002
24.03.2020 08:39:20.075 GMT-0500,111.492,111.068,0.0008,0.0008
24.03.2020 08:39:20.126 GMT-0500,111.51200000000001,111.068,0.0008,0.0008
24.03.2020 08:39:20.545 GMT-0500,111.54299999999999,111.06700000000001,0.002,0.002
24.03.2020 08:39:20.669 GMT-0500,111.54299999999999,111.07700000000001,0.002,0.0008
24.03.2020 08:39:20.719 GMT-0500,111.65200000000002,111.068,0.0008,0.0008
24.03.2020 08:39:21.028 GMT-0500,111.62200000000001,111.068,0.002,0.002
24.03.2020 08:39:21.129 GMT-0500,111.62299999999999,111.06700000000001,0.002,0.002
24.03.2020 08:39:21.278 GMT-0500,111.43200000000002,111.068,0.0008,0.0008
24.03.2020 08:39:21.329 GMT-0500,111.553,111.06700000000001,0.002,0.002
24.03.2020 08:39:21.474 GMT-0500,111.552,111.05799999999999,0.0008,0.0008
24.03.2020 08:39:21.525 GMT-0500,111.493,111.05700000000002,0.002,0.002
24.03.2020 08:39:21.575 GMT-0500,111.98200000000001,111.05799999999999,0.0008,0.0008
24.03.2020 08:39:21.687 GMT-0500,111.533,111.05799999999999,0.0008,0.0008
24.03.2020 08:39:22.662 GMT-0500,111.533,111.06700000000001,0.002,0.002
24.03.2020 08:39:22.770 GMT-0500,111.53200000000001,111.068,0.002,0.002
24.03.2020 08:39:22.915 GMT-0500,111.53200000000001,111.348,0.0008,0.0008
24.03.2020 08:39:22.966 GMT-0500,111.65200000000002,111.05799999999999,0.0008,0.0008
24.03.2020 08:39:23.016 GMT-0500,111.56200000000001,111.05799999999999,0.0008,0.0008
