Local time,Ask,Bid,AskVolume,BidVolume
19.03.2020 08:30:00.030 GMT-0500,122.323,120.397,0.0008,0.002
19.03.2020 08:30:00.137 GMT-0500,122.31200000000001,120.398,0.0008,0.0008
19.03.2020 08:30:01.742 GMT-0500,121.912,121.008,0.0008,0.0008
19.03.2020 08:30:01.969 GMT-0500,121.90299999999999,121.007,0.0008,0.002
19.03.2020 08:30:02.119 GMT-0500,121.89200000000001,121.008,0.0008,0.0008
19.03.2020 08:30:02.220 GMT-0500,121.912,121.008,0.0008,0.0008
19.03.2020 08:30:06.101 GMT-0500,121.662,121.088,0.002,0.002
19.03.2020 08:30:06.386 GMT-0500,121.67200000000001,121.088,0.002,0.002
19.03.2020 08:30:07.223 GMT-0500,121.67200000000001,121.31700000000001,0.0008,0.0008
19.03.2020 08:30:07.274 GMT-0500,122.923,121.117,0.002,0.002
19.03.2020 08:30:07.753 GMT-0500,121.693,121.117,0.002,0.002
19.03.2020 08:30:08.300 GMT-0500,121.68299999999999,121.117,0.0008,0.002
19.03.2020 08:30:08.561 GMT-0500,121.693,121.117,0.002,0.002
19.03.2020 08:30:09.472 GMT-0500,121.69200000000001,121.117,0.0008,0.0008
19.03.2020 08:30:09.523 GMT-0500,121.69200000000001,121.068,0.0008,0.0008
19.03.2020 08:30:09.573 GMT-0500,121.212,121.068,0.002,0.002
19.03.2020 08:30:09.623 GMT-0500,122.92200000000001,121.148,0.0008,0.0008
19.03.2020 08:30:09.674 GMT-0500,121.572,121.068,0.002,0.002
19.03.2020 08:30:10.770 GMT-0500,121.56200000000001,121.068,0.0008,0.002
19.03.2020 08:30:10.871 GMT-0500,121.56299999999999,121.06700000000001,0.002,0.002
19.03.2020 08:30:11.828 GMT-0500,121.56200000000001,121.068,0.0008,0.0008
19.03.2020 08:30:12.353 GMT-0500,121.572,121.068,0.0008,0.0008
19.03.2020 08:30:13.781 GMT-0500,122.052,121.068,0.0008,0.0008
19.03.2020 08:30:14.507 GMT-0500,122.04299999999999,121.068,0.0008,0.0008
19.03.2020 08:30:14.870 GMT-0500,122.052,121.068,0.002,0.002
19.03.2020 08:30:14.920 GMT-0500,121.69200000000001,121.068,0.002,0.002
19.03.2020 08:30:15.091 GMT-0500,122.052,121.068,0.002,0.002
19.03.2020 08:30:16.908 GMT-0500,121.53200000000001,121.068,0.0008,0.002
19.03.2020 08:30:17.509 GMT-0500,121.53200000000001,121.07799999999999,0.002,0.0008
19.03.2020 08:30:20.003 GMT-0500,121.53200000000001,121.447,0.0008,0.0008
19.03.2020 08:30:20.053 GMT-0500,122.912,121.32799999999999,0.0008,0.0008
19.03.2020 08:30:20.157 GMT-0500,122.923,121.32700000000001,0.002,0.002
19.03.2020 08:30:20.342 GMT-0500,122.92200000000001,121.32799999999999,0.0008,0.0008
19.03.2020 08:30:20.582 GMT-0500,122.913,121.32700000000001,0.0008,0.002
19.03.2020 08:30:20.759 GMT-0500,122.102,121.32799999999999,0.0008,0.0008
19.03.2020 08:30:22.008 GMT-0500,122.09200000000001,121.32799999999999,0.0008,0.002
19.03.2020 08:30:22.194 GMT-0500,122.102,121.32799999999999,0.0008,0.0008
19.03.2020 08:30:23.232 GMT-0500,122.09200000000001,121.32799999999999,0.002,0.002
19.03.2020 08:30:23.565 GMT-0500,122.103,121.32700000000001,0.002,0.002
19.03.2020 08:30:24.013 GMT-0500,122.04200000000002,121.518,0.0008,0.0008
19.03.2020 08:30:24.123 GMT-0500,122.03200000000001,121.518,0.0008,0.002
19.03.2020 08:30:24.174 GMT-0500,122.04200000000002,121.518,0.002,0.002
19.03.2020 08:30:25.870 GMT-0500,122.03200000000001,121.518,0.0008,0.002
19.03.2020 08:30:26.058 GMT-0500,122.04200000000002,121.518,0.0008,0.0008
19.03.2020 08:30:27.421 GMT-0500,121.98200000000001,121.518,0.0008,0.0008
19.03.2020 08:30:32.185 GMT-0500,121.98299999999999,121.51700000000001,0.002,0.002
19.03.2020 08:30:32.794 GMT-0500,121.98200000000001,121.518,0.0008,0.0008
19.03.2020 08:30:34.186 GMT-0500,121.98200000000001,121.52799999999999,0.002,0.0008
19.03.2020 08:30:34.236 GMT-0500,121.98200000000001,121.518,0.0008,0.0008
19.03.2020 08:30:34.322 GMT-0500,121.913,121.51700000000001,0.0008,0.002
19.03.2020 08:30:34.722 GMT-0500,121.912,121.46799999999999,0.0008,0.0008
19.03.2020 08:30:36.758 GMT-0500,121.81200000000001,121.46799999999999,0.002,0.002
19.03.2020 08:30:36.809 GMT-0500,121.913,121.46700000000001,0.002,0.002
19.03.2020 08:30:44.413 GMT-0500,121.723,121.46700000000001,0.0008,0.002
19.03.2020 08:30:44.463 GMT-0500,121.822,121.46799999999999,0.002,0.002
19.03.2020 08:30:45.990 GMT-0500,121.753,121.46799999999999,0.0008,0.0008
19.03.2020 08:30:47.018 GMT-0500,121.99799999999999,121.52700000000002,0.0008,0.0008
19.03.2020 08:30:47.068 GMT-0500,123.23200000000001,121.488,0.0008,0.0008
19.03.2020 08:30:47.605 GMT-0500,122.393,121.488,0.0008,0.0008
19.03.2020 08:30:48.875 GMT-0500,121.90200000000002,121.488,0.0008,0.0008
19.03.2020 08:30:56.363 GMT-0500,121.90200000000002,121.46799999999999,0.0008,0.0008
19.03.2020 08:31:02.192 GMT-0500,121.90299999999999,121.46700000000001,0.002,0.002
19.03.2020 08:31:04.201 GMT-0500,121.90200000000002,121.46799999999999,0.002,0.002
19.03.2020 08:31:04.716 GMT-0500,121.803,121.46799999999999,0.0008,0.0008
19.03.2020 08:31:05.977 GMT-0500,121.803,121.518,0.0008,0.0008
19.03.2020 08:31:06.027 GMT-0500,121.90200000000002,121.46799999999999,0.0008,0.0008
19.03.2020 08:31:06.868 GMT-0500,121.90299999999999,121.537,0.002,0.0008
19.03.2020 08:31:07.236 GMT-0500,121.90200000000002,121.538,0.002,0.0008
19.03.2020 08:31:07.286 GMT-0500,121.90200000000002,121.46799999999999,0.002,0.002
19.03.2020 08:31:08.065 GMT-0500,121.90200000000002,121.54700000000001,0.0008,0.0008
19.03.2020 08:31:08.394 GMT-0500,121.90299999999999,121.54700000000001,0.0008,0.002
19.03.2020 08:31:08.444 GMT-0500,122.023,121.54700000000001,0.002,0.002
19.03.2020 08:31:08.739 GMT-0500,122.023,121.548,0.0008,0.0008
19.03.2020 08:31:08.839 GMT-0500,122.36200000000001,121.548,0.0008,0.0008
19.03.2020 08:31:09.040 GMT-0500,122.36200000000001,121.46799999999999,0.0008,0.0008
19.03.2020 08:31:09.439 GMT-0500,121.912,121.46799999999999,0.0008,0.002
19.03.2020 08:31:09.843 GMT-0500,122.363,121.46700000000001,0.002,0.002
19.03.2020 08:31:09.997 GMT-0500,122.253,121.46700000000001,0.0008,0.002
19.03.2020 08:31:10.292 GMT-0500,121.89200000000001,121.46799999999999,0.0008,0.0008
19.03.2020 08:31:10.590 GMT-0500,121.882,121.46799999999999,0.0008,0.002
19.03.2020 08:31:10.756 GMT-0500,121.89200000000001,121.46799999999999,0.002,0.002
19.03.2020 08:31:11.222 GMT-0500,121.75200000000001,121.46799999999999,0.002,0.002
19.03.2020 08:31:11.434 GMT-0500,121.882,121.46799999999999,0.0008,0.0008
19.03.2020 08:31:11.540 GMT-0500,121.893,121.46700000000001,0.002,0.002
19.03.2020 08:31:11.715 GMT-0500,121.75200000000001,121.46799999999999,0.0008,0.0008
19.03.2020 08:31:12.471 GMT-0500,121.753,121.46700000000001,0.0008,0.002
19.03.2020 08:31:12.521 GMT-0500,121.773,121.46700000000001,0.002,0.002
19.03.2020 08:31:13.161 GMT-0500,121.73200000000001,121.46799999999999,0.0008,0.0008
19.03.2020 08:31:13.212 GMT-0500,121.773,121.46700000000001,0.002,0.002
19.03.2020 08:31:13.444 GMT-0500,121.773,121.46799999999999,0.0008,0.0008
19.03.2020 08:31:13.495 GMT-0500,121.89200000000001,121.46799999999999,0.0008,0.0008
19.03.2020 08:31:13.545 GMT-0500,121.89200000000001,121.508,0.0008,0.0008
19.03.2020 08:31:13.646 GMT-0500,121.882,121.508,0.0008,0.0008
19.03.2020 08:31:13.864 GMT-0500,121.883,121.507,0.0008,0.002
19.03.2020 08:31:13.914 GMT-0500,122.253,121.507,0.002,0.002
19.03.2020 08:31:14.449 GMT-0500,121.893,121.507,0.0008,0.002
19.03.2020 08:31:14.745 GMT-0500,121.81200000000001,121.507,0.0008,0.0008
19.03.2020 08:31:14.795 GMT-0500,121.81200000000001,121.46799999999999,0.002,0.002
19.03.2020 08:31:15.599 GMT-0500,121.89200000000001,121.518,0.0008,0.0008
19.03.2020 08:31:15.916 GMT-0500,121.89200000000001,121.51700000000001,0.0008,0.0008
19.03.2020 08:31:17.954 GMT-0500,121.89200000000001,121.52700000000002,0.0008,0.0008
19.03.2020 08:31:18.400 GMT-0500,121.89200000000001,121.52799999999999,0.002,0.002
19.03.2020 08:31:18.800 GMT-0500,121.893,121.52700000000002,0.0008,0.002
19.03.2020 08:31:18.850 GMT-0500,122.253,121.52700000000002,0.002,0.002
19.03.2020 08:31:19.069 GMT-0500,122.243,121.52700000000002,0.002,0.002
19.03.2020 08:31:20.037 GMT-0500,121.883,121.52700000000002,0.0008,0.002
19.03.2020 08:31:20.711 GMT-0500,122.243,121.52700000000002,0.002,0.002
19.03.2020 08:31:20.762 GMT-0500,122.23200000000001,121.52799999999999,0.002,0.002
19.03.2020 08:31:21.347 GMT-0500,121.87200000000001,121.52799999999999,0.0008,0.0008
19.03.2020 08:31:21.495 GMT-0500,121.87200000000001,121.46799999999999,0.0008,0.0008
19.03.2020 08:31:22.866 GMT-0500,121.87200000000001,121.478,0.0008,0.0008
19.03.2020 08:31:23.145 GMT-0500,121.87200000000001,121.448,0.0008,0.0008
19.03.2020 08:31:23.799 GMT-0500,122.23200000000001,121.448,0.002,0.002
19.03.2020 08:31:24.503 GMT-0500,121.86200000000001,121.448,0.002,0.002
19.03.2020 08:31:24.959 GMT-0500,121.86200000000001,121.598,0.002,0.002
19.03.2020 08:31:25.150 GMT-0500,121.852,121.598,0.0008,0.002
19.03.2020 08:31:25.200 GMT-0500,121.86200000000001,121.598,0.002,0.002
19.03.2020 08:31:28.290 GMT-0500,121.863,121.59700000000001,0.002,0.002
19.03.2020 08:31:30.900 GMT-0500,121.853,121.59700000000001,0.0008,0.002
19.03.2020 08:31:31.010 GMT-0500,121.852,121.598,0.0008,0.0008
19.03.2020 08:31:31.060 GMT-0500,121.863,121.59700000000001,0.002,0.002
19.03.2020 08:31:31.411 GMT-0500,121.86200000000001,121.598,0.0008,0.0008
19.03.2020 08:31:31.804 GMT-0500,121.853,121.59700000000001,0.0008,0.002
19.03.2020 08:31:31.854 GMT-0500,121.86200000000001,121.598,0.0008,0.0008
19.03.2020 08:31:35.565 GMT-0500,121.863,121.447,0.002,0.002
19.03.2020 08:31:37.184 GMT-0500,121.863,121.45700000000001,0.002,0.0008
19.03.2020 08:31:37.235 GMT-0500,121.86200000000001,121.448,0.0008,0.0008
19.03.2020 08:31:37.726 GMT-0500,121.863,121.62700000000001,0.002,0.0008
19.03.2020 08:31:39.407 GMT-0500,121.86200000000001,121.628,0.002,0.0008
19.03.2020 08:31:39.458 GMT-0500,121.863,121.45700000000001,0.002,0.002
19.03.2020 08:31:39.539 GMT-0500,121.863,121.447,0.002,0.002
19.03.2020 08:31:39.754 GMT-0500,122.223,121.447,0.002,0.002
19.03.2020 08:31:39.941 GMT-0500,122.23200000000001,121.63799999999999,0.0008,0.0008
19.03.2020 08:31:40.325 GMT-0500,122.23299999999999,121.63700000000001,0.0008,0.002
19.03.2020 08:31:40.375 GMT-0500,122.322,121.63799999999999,0.0008,0.0008
19.03.2020 08:31:40.426 GMT-0500,122.31200000000001,121.63799999999999,0.002,0.002
19.03.2020 08:31:40.639 GMT-0500,122.323,121.63700000000001,0.002,0.002
19.03.2020 08:31:41.826 GMT-0500,122.31200000000001,121.63799999999999,0.0008,0.0008
19.03.2020 08:31:42.031 GMT-0500,122.322,121.63799999999999,0.0008,0.0008
19.03.2020 08:31:42.290 GMT-0500,122.322,121.65700000000001,0.0008,0.0008
19.03.2020 08:31:42.560 GMT-0500,122.352,121.74799999999999,0.0008,0.0008
19.03.2020 08:31:43.044 GMT-0500,122.34200000000001,121.74799999999999,0.0008,0.002
19.03.2020 08:31:43.094 GMT-0500,122.34200000000001,121.448,0.0008,0.0008
19.03.2020 08:31:43.145 GMT-0500,122.272,121.678,0.002,0.002
19.03.2020 08:31:43.247 GMT-0500,122.26299999999999,121.677,0.002,0.002
19.03.2020 08:31:43.369 GMT-0500,122.26200000000001,121.678,0.0008,0.0008
19.03.2020 08:31:43.651 GMT-0500,121.868,121.678,0.0008,0.0008
19.03.2020 08:31:45.414 GMT-0500,121.86500000000001,121.677,0.0008,0.002
19.03.2020 08:31:45.465 GMT-0500,122.253,121.677,0.002,0.002
19.03.2020 08:31:46.189 GMT-0500,122.022,121.678,0.0008,0.0008
19.03.2020 08:31:47.193 GMT-0500,121.75200000000001,121.458,0.002,0.002
19.03.2020 08:31:47.243 GMT-0500,121.87299999999999,121.45700000000001,0.002,0.002
19.03.2020 08:31:47.294 GMT-0500,121.87200000000001,121.448,0.0008,0.0008
19.03.2020 08:31:47.804 GMT-0500,121.87299999999999,121.448,0.0008,0.0008
19.03.2020 08:31:47.908 GMT-0500,122.322,121.458,0.0008,0.0008
19.03.2020 08:31:48.822 GMT-0500,121.87299999999999,121.448,0.0008,0.0008
19.03.2020 08:31:50.201 GMT-0500,121.87299999999999,121.45700000000001,0.002,0.002
19.03.2020 08:31:50.440 GMT-0500,121.87200000000001,121.448,0.0008,0.0008
19.03.2020 08:31:51.625 GMT-0500,121.87200000000001,121.458,0.002,0.002
19.03.2020 08:31:51.828 GMT-0500,121.87299999999999,121.447,0.002,0.002
19.03.2020 08:31:51.878 GMT-0500,121.86200000000001,121.448,0.0008,0.0008
19.03.2020 08:31:52.305 GMT-0500,121.86200000000001,121.678,0.002,0.0008
19.03.2020 08:31:52.355 GMT-0500,122.31200000000001,121.628,0.0008,0.0008
19.03.2020 08:31:52.474 GMT-0500,122.333,121.62700000000001,0.002,0.002
19.03.2020 08:31:54.481 GMT-0500,121.883,121.62700000000001,0.002,0.002
19.03.2020 08:31:57.070 GMT-0500,121.882,121.448,0.002,0.002
19.03.2020 08:31:57.206 GMT-0500,121.87200000000001,121.458,0.0008,0.0008
19.03.2020 08:31:57.256 GMT-0500,121.87299999999999,121.26700000000001,0.002,0.002
19.03.2020 08:31:57.459 GMT-0500,121.78200000000001,121.268,0.0008,0.0008
19.03.2020 08:31:58.055 GMT-0500,121.78200000000001,121.27799999999999,0.0008,0.0008
19.03.2020 08:31:59.970 GMT-0500,121.78200000000001,121.288,0.0008,0.0008
19.03.2020 08:32:00.241 GMT-0500,121.78200000000001,121.43700000000001,0.0008,0.0008
19.03.2020 08:32:00.885 GMT-0500,121.78200000000001,121.447,0.0008,0.0008
19.03.2020 08:32:01.096 GMT-0500,121.78200000000001,121.43799999999999,0.002,0.002
19.03.2020 08:32:02.100 GMT-0500,121.78200000000001,121.447,0.0008,0.0008
19.03.2020 08:32:02.303 GMT-0500,121.753,121.43700000000001,0.002,0.002
19.03.2020 08:32:04.059 GMT-0500,121.743,121.447,0.0008,0.0008
19.03.2020 08:32:04.110 GMT-0500,121.822,121.428,0.002,0.002
19.03.2020 08:32:04.642 GMT-0500,121.81299999999999,121.27700000000002,0.0008,0.0008
19.03.2020 08:32:04.743 GMT-0500,121.822,121.268,0.0008,0.0008
19.03.2020 08:32:05.226 GMT-0500,121.81299999999999,121.537,0.0008,0.0008
19.03.2020 08:32:05.276 GMT-0500,121.81200000000001,121.27799999999999,0.0008,0.0008
19.03.2020 08:32:05.327 GMT-0500,121.822,121.268,0.0008,0.0008
19.03.2020 08:32:06.442 GMT-0500,121.81200000000001,121.27799999999999,0.0008,0.0008
19.03.2020 08:32:06.492 GMT-0500,121.823,121.26700000000001,0.002,0.002
19.03.2020 08:32:07.743 GMT-0500,121.81200000000001,121.27799999999999,0.002,0.002
19.03.2020 08:32:07.856 GMT-0500,121.822,121.268,0.0008,0.0008
19.03.2020 08:32:11.673 GMT-0500,121.81299999999999,121.27700000000002,0.0008,0.0008
19.03.2020 08:32:12.067 GMT-0500,121.78200000000001,121.268,0.0008,0.0008
19.03.2020 08:32:12.119 GMT-0500,121.823,121.13700000000001,0.002,0.002
19.03.2020 08:32:12.496 GMT-0500,121.81200000000001,121.148,0.0008,0.0008
19.03.2020 08:32:12.638 GMT-0500,121.81200000000001,121.13799999999999,0.0008,0.0008
19.03.2020 08:32:13.846 GMT-0500,121.803,121.147,0.0008,0.0008
19.03.2020 08:32:14.199 GMT-0500,121.802,121.147,0.0008,0.0008
19.03.2020 08:32:14.249 GMT-0500,121.802,121.13799999999999,0.0008,0.0008
19.03.2020 08:32:14.737 GMT-0500,121.822,121.13799999999999,0.0008,0.0008
19.03.2020 08:32:15.504 GMT-0500,121.81299999999999,121.147,0.002,0.002
19.03.2020 08:32:15.632 GMT-0500,121.822,121.13799999999999,0.0008,0.0008
19.03.2020 08:32:16.116 GMT-0500,121.81200000000001,121.148,0.0008,0.0008
19.03.2020 08:32:16.227 GMT-0500,121.81200000000001,121.398,0.002,0.0008
19.03.2020 08:32:16.328 GMT-0500,121.81200000000001,121.13799999999999,0.0008,0.0008
19.03.2020 08:32:16.932 GMT-0500,121.81299999999999,121.147,0.0008,0.0008
19.03.2020 08:32:17.033 GMT-0500,121.823,121.13700000000001,0.002,0.002
19.03.2020 08:32:17.284 GMT-0500,121.823,121.41700000000002,0.002,0.0008
19.03.2020 08:32:17.384 GMT-0500,121.822,121.13799999999999,0.002,0.002
19.03.2020 08:32:17.607 GMT-0500,121.81299999999999,121.37700000000001,0.0008,0.0008
19.03.2020 08:32:17.658 GMT-0500,121.81200000000001,121.13799999999999,0.0008,0.0008
19.03.2020 08:32:18.126 GMT-0500,121.802,121.13799999999999,0.0008,0.0008
19.03.2020 08:32:18.738 GMT-0500,121.79200000000002,121.148,0.0008,0.0008
19.03.2020 08:32:18.838 GMT-0500,121.79200000000002,121.13799999999999,0.0008,0.0008
19.03.2020 08:32:20.401 GMT-0500,121.783,121.37700000000001,0.0008,0.0008
19.03.2020 08:32:20.552 GMT-0500,121.802,121.13799999999999,0.0008,0.0008
19.03.2020 08:32:20.807 GMT-0500,121.822,121.13799999999999,0.0008,0.0008
19.03.2020 08:32:21.192 GMT-0500,121.81299999999999,121.147,0.0008,0.0008
19.03.2020 08:32:21.622 GMT-0500,121.822,121.13799999999999,0.0008,0.0008
19.03.2020 08:32:22.565 GMT-0500,121.81299999999999,121.147,0.0008,0.0008
19.03.2020 08:32:22.867 GMT-0500,121.81200000000001,121.35799999999999,0.0008,0.0008
19.03.2020 08:32:23.005 GMT-0500,121.81200000000001,121.43700000000001,0.0008,0.0008
19.03.2020 08:32:23.056 GMT-0500,121.823,121.35700000000001,0.002,0.002
19.03.2020 08:32:23.746 GMT-0500,121.81299999999999,121.367,0.0008,0.0008
19.03.2020 08:32:23.862 GMT-0500,121.822,121.35799999999999,0.0008,0.0008
19.03.2020 08:32:25.858 GMT-0500,121.802,121.35799999999999,0.0008,0.0008
19.03.2020 08:32:25.959 GMT-0500,121.62200000000001,121.35799999999999,0.0008,0.0008
19.03.2020 08:32:28.494 GMT-0500,121.62200000000001,121.378,0.002,0.0008
19.03.2020 08:32:28.544 GMT-0500,121.81200000000001,121.55799999999999,0.0008,0.0008
19.03.2020 08:32:28.595 GMT-0500,121.81299999999999,121.60700000000001,0.002,0.002
19.03.2020 08:32:28.900 GMT-0500,121.79200000000002,121.60799999999999,0.0008,0.0008
19.03.2020 08:32:29.196 GMT-0500,121.802,121.60799999999999,0.002,0.002
19.03.2020 08:32:29.447 GMT-0500,121.79299999999999,121.60799999999999,0.0008,0.0008
19.03.2020 08:32:29.770 GMT-0500,121.79299999999999,121.60700000000001,0.002,0.0008
19.03.2020 08:32:29.820 GMT-0500,121.79200000000002,121.598,0.0008,0.0008
19.03.2020 08:32:31.827 GMT-0500,121.79200000000002,121.55799999999999,0.002,0.002
19.03.2020 08:32:32.652 GMT-0500,121.803,121.55700000000002,0.002,0.002
19.03.2020 08:32:33.096 GMT-0500,121.803,121.60700000000001,0.002,0.002
19.03.2020 08:32:33.609 GMT-0500,121.822,121.618,0.0008,0.0008
19.03.2020 08:32:34.470 GMT-0500,121.822,121.727,0.0008,0.0008
19.03.2020 08:32:34.520 GMT-0500,121.822,121.618,0.002,0.002
19.03.2020 08:32:34.571 GMT-0500,122.212,121.618,0.002,0.002
19.03.2020 08:32:34.841 GMT-0500,121.89200000000001,121.618,0.0008,0.0008
19.03.2020 08:32:37.043 GMT-0500,121.89200000000001,121.617,0.0008,0.0008
19.03.2020 08:32:37.094 GMT-0500,121.89200000000001,121.60799999999999,0.002,0.002
19.03.2020 08:32:38.855 GMT-0500,121.89200000000001,121.617,0.0008,0.0008
19.03.2020 08:32:38.956 GMT-0500,121.89200000000001,121.798,0.0008,0.0008
19.03.2020 08:32:39.006 GMT-0500,121.89200000000001,121.728,0.002,0.002
19.03.2020 08:32:39.277 GMT-0500,122.20200000000001,121.728,0.0008,0.0008
19.03.2020 08:32:39.672 GMT-0500,121.92200000000001,121.728,0.002,0.002
19.03.2020 08:32:40.427 GMT-0500,121.912,121.727,0.0008,0.0008
19.03.2020 08:32:40.477 GMT-0500,121.912,121.60799999999999,0.0008,0.0008
19.03.2020 08:32:40.693 GMT-0500,121.912,121.618,0.002,0.002
19.03.2020 08:32:40.824 GMT-0500,121.913,121.60700000000001,0.002,0.002
19.03.2020 08:32:41.056 GMT-0500,121.912,121.60799999999999,0.0008,0.0008
19.03.2020 08:32:41.611 GMT-0500,121.912,121.618,0.002,0.0008
19.03.2020 08:32:41.838 GMT-0500,121.912,121.617,0.0008,0.0008
19.03.2020 08:32:41.938 GMT-0500,121.912,121.60799999999999,0.0008,0.0008
19.03.2020 08:32:42.039 GMT-0500,121.912,121.788,0.002,0.0008
19.03.2020 08:32:42.293 GMT-0500,121.912,121.60799999999999,0.0008,0.0008
19.03.2020 08:32:42.531 GMT-0500,121.912,121.617,0.0008,0.0008
19.03.2020 08:32:42.631 GMT-0500,121.913,121.60700000000001,0.002,0.002
19.03.2020 08:32:43.604 GMT-0500,121.913,121.81700000000001,0.002,0.0008
19.03.2020 08:32:43.654 GMT-0500,121.912,121.60799999999999,0.0008,0.0008
19.03.2020 08:32:44.414 GMT-0500,121.912,121.618,0.0008,0.0008
19.03.2020 08:32:44.465 GMT-0500,121.962,121.618,0.0008,0.0008
19.03.2020 08:32:44.515 GMT-0500,121.94200000000001,121.618,0.0008,0.0008
19.03.2020 08:32:44.639 GMT-0500,121.94200000000001,121.617,0.0008,0.0008
19.03.2020 08:32:44.689 GMT-0500,121.94200000000001,121.60799999999999,0.0008,0.0008
19.03.2020 08:32:45.218 GMT-0500,121.94200000000001,121.618,0.0008,0.0008
19.03.2020 08:32:45.367 GMT-0500,121.94200000000001,121.60799999999999,0.0008,0.0008
19.03.2020 08:32:46.075 GMT-0500,121.94200000000001,121.76700000000001,0.0008,0.0008
19.03.2020 08:32:46.176 GMT-0500,121.93200000000002,121.768,0.002,0.002
19.03.2020 08:32:46.484 GMT-0500,121.84299999999999,121.768,0.0008,0.0008
19.03.2020 08:32:46.534 GMT-0500,121.962,121.818,0.0008,0.0008
19.03.2020 08:32:46.585 GMT-0500,121.962,121.768,0.0008,0.0008
19.03.2020 08:32:47.850 GMT-0500,121.94200000000001,121.768,0.0008,0.0008
19.03.2020 08:32:48.483 GMT-0500,121.93200000000002,121.768,0.0008,0.002
19.03.2020 08:32:48.676 GMT-0500,121.93200000000002,121.80799999999999,0.002,0.0008
19.03.2020 08:32:50.194 GMT-0500,121.93200000000002,121.768,0.002,0.002
19.03.2020 08:32:51.748 GMT-0500,121.93200000000002,121.77799999999999,0.002,0.0008
19.03.2020 08:32:52.823 GMT-0500,121.93200000000002,121.788,0.0008,0.0008
19.03.2020 08:32:53.173 GMT-0500,121.93200000000002,121.77799999999999,0.0008,0.0008
19.03.2020 08:32:53.504 GMT-0500,121.93200000000002,121.79700000000001,0.0008,0.0008
19.03.2020 08:32:53.940 GMT-0500,121.93200000000002,121.77799999999999,0.0008,0.0008
19.03.2020 08:32:54.493 GMT-0500,121.93200000000002,121.848,0.0008,0.0008
19.03.2020 08:32:54.544 GMT-0500,122.25200000000001,121.77799999999999,0.0008,0.0008
19.03.2020 08:32:54.594 GMT-0500,122.25200000000001,121.958,0.0008,0.0008
19.03.2020 08:32:54.644 GMT-0500,122.37200000000001,121.958,0.002,0.002
19.03.2020 08:32:55.218 GMT-0500,122.23200000000001,121.958,0.0008,0.0008
19.03.2020 08:32:55.268 GMT-0500,122.23200000000001,121.928,0.0008,0.0008
19.03.2020 08:32:55.723 GMT-0500,122.23200000000001,121.768,0.0008,0.0008
19.03.2020 08:32:55.915 GMT-0500,122.22200000000001,121.77799999999999,0.0008,0.0008
19.03.2020 08:32:56.197 GMT-0500,122.48200000000001,121.768,0.0008,0.0008
19.03.2020 08:32:56.636 GMT-0500,122.26299999999999,121.768,0.0008,0.0008
19.03.2020 08:32:56.751 GMT-0500,122.26200000000001,121.768,0.0008,0.002
19.03.2020 08:32:56.801 GMT-0500,122.48200000000001,121.768,0.0008,0.0008
19.03.2020 08:32:56.880 GMT-0500,122.09200000000001,121.768,0.0008,0.0008
19.03.2020 08:33:00.281 GMT-0500,122.103,121.76700000000001,0.002,0.002
19.03.2020 08:33:00.332 GMT-0500,122.09200000000001,121.768,0.0008,0.0008
19.03.2020 08:33:01.835 GMT-0500,121.89200000000001,121.768,0.0008,0.002
19.03.2020 08:33:01.885 GMT-0500,121.90200000000002,121.768,0.0008,0.0008
19.03.2020 08:33:02.306 GMT-0500,121.863,121.76700000000001,0.002,0.002
19.03.2020 08:33:02.439 GMT-0500,121.83200000000001,121.568,0.0008,0.0008
19.03.2020 08:33:02.540 GMT-0500,121.83200000000001,121.55799999999999,0.0008,0.0008
19.03.2020 08:33:03.110 GMT-0500,121.83200000000001,121.56700000000001,0.0008,0.0008
19.03.2020 08:33:03.210 GMT-0500,121.83200000000001,121.55799999999999,0.0008,0.0008
19.03.2020 08:33:03.845 GMT-0500,121.83200000000001,121.568,0.0008,0.0008
19.03.2020 08:33:03.945 GMT-0500,121.83200000000001,121.55799999999999,0.002,0.002
19.03.2020 08:33:04.339 GMT-0500,121.823,121.55799999999999,0.0008,0.0008
19.03.2020 08:33:04.440 GMT-0500,121.83200000000001,121.618,0.002,0.002
19.03.2020 08:33:06.527 GMT-0500,121.78200000000001,121.55799999999999,0.0008,0.0008
19.03.2020 08:33:07.111 GMT-0500,121.773,121.55700000000002,0.002,0.002
19.03.2020 08:33:07.358 GMT-0500,121.773,121.55799999999999,0.0008,0.0008
19.03.2020 08:33:07.408 GMT-0500,121.78200000000001,121.55799999999999,0.0008,0.0008
19.03.2020 08:33:07.863 GMT-0500,121.78200000000001,121.32799999999999,0.0008,0.0008
19.03.2020 08:33:08.304 GMT-0500,121.772,121.32799999999999,0.0008,0.0008
19.03.2020 08:33:08.404 GMT-0500,121.78200000000001,121.32799999999999,0.0008,0.0008
19.03.2020 08:33:08.842 GMT-0500,121.68200000000002,121.32799999999999,0.0008,0.0008
19.03.2020 08:33:11.357 GMT-0500,121.68200000000002,121.338,0.002,0.0008
19.03.2020 08:33:11.665 GMT-0500,121.68200000000002,121.32799999999999,0.0008,0.0008
19.03.2020 08:33:12.930 GMT-0500,121.68200000000002,121.338,0.002,0.0008
19.03.2020 08:33:13.031 GMT-0500,121.68200000000002,121.32799999999999,0.002,0.002
19.03.2020 08:33:14.214 GMT-0500,121.68200000000002,121.338,0.0008,0.0008
19.03.2020 08:33:14.264 GMT-0500,121.68200000000002,121.32799999999999,0.0008,0.0008
19.03.2020 08:33:14.866 GMT-0500,121.68200000000002,121.338,0.0008,0.0008
19.03.2020 08:33:15.174 GMT-0500,121.68200000000002,121.32799999999999,0.0008,0.0008
19.03.2020 08:33:15.508 GMT-0500,121.68299999999999,121.13700000000001,0.002,0.002
19.03.2020 08:33:15.843 GMT-0500,121.68200000000002,121.13799999999999,0.0008,0.0008
19.03.2020 08:33:18.375 GMT-0500,121.68200000000002,121.147,0.0008,0.0008
19.03.2020 08:33:18.493 GMT-0500,121.68200000000002,121.148,0.0008,0.0008
19.03.2020 08:33:20.672 GMT-0500,121.68200000000002,121.158,0.002,0.0008
19.03.2020 08:33:20.722 GMT-0500,121.68200000000002,121.13799999999999,0.0008,0.0008
19.03.2020 08:33:21.047 GMT-0500,121.68299999999999,121.13700000000001,0.002,0.002
19.03.2020 08:33:21.538 GMT-0500,121.68299999999999,121.147,0.002,0.0008
19.03.2020 08:33:21.638 GMT-0500,121.68200000000002,121.13799999999999,0.0008,0.0008
19.03.2020 08:33:23.594 GMT-0500,121.68200000000002,121.148,0.0008,0.0008
19.03.2020 08:33:23.893 GMT-0500,121.68200000000002,121.13799999999999,0.0008,0.0008
19.03.2020 08:33:25.998 GMT-0500,121.68299999999999,121.147,0.002,0.0008
19.03.2020 08:33:26.302 GMT-0500,121.68200000000002,121.13799999999999,0.0008,0.0008
19.03.2020 08:33:27.092 GMT-0500,121.68200000000002,121.148,0.002,0.0008
19.03.2020 08:33:27.391 GMT-0500,121.68200000000002,121.13799999999999,0.002,0.002
19.03.2020 08:33:28.102 GMT-0500,121.68299999999999,121.147,0.002,0.002
19.03.2020 08:33:28.391 GMT-0500,121.68200000000002,121.147,0.0008,0.0008
19.03.2020 08:33:28.442 GMT-0500,121.68200000000002,121.13799999999999,0.0008,0.0008
19.03.2020 08:33:29.065 GMT-0500,121.68200000000002,121.148,0.0008,0.0008
19.03.2020 08:33:29.457 GMT-0500,121.68299999999999,121.13700000000001,0.002,0.002
19.03.2020 08:33:29.973 GMT-0500,121.572,121.13799999999999,0.0008,0.0008
19.03.2020 08:33:30.023 GMT-0500,121.68200000000002,121.13799999999999,0.002,0.002
19.03.2020 08:33:30.999 GMT-0500,121.603,121.13799999999999,0.0008,0.0008
19.03.2020 08:33:31.319 GMT-0500,121.602,121.13799999999999,0.0008,0.0008
19.03.2020 08:33:31.911 GMT-0500,121.602,121.147,0.0008,0.0008
19.03.2020 08:33:32.297 GMT-0500,121.602,121.13799999999999,0.0008,0.0008
19.03.2020 08:33:32.617 GMT-0500,121.603,121.38700000000001,0.002,0.0008
19.03.2020 08:33:33.800 GMT-0500,121.50200000000001,121.38799999999999,0.0008,0.0008
19.03.2020 08:33:33.850 GMT-0500,121.602,121.13799999999999,0.0008,0.0008
19.03.2020 08:33:35.628 GMT-0500,121.602,121.148,0.002,0.002
19.03.2020 08:33:35.868 GMT-0500,121.602,121.13799999999999,0.0008,0.0008
19.03.2020 08:33:36.056 GMT-0500,121.603,121.13799999999999,0.0008,0.0008
19.03.2020 08:33:36.157 GMT-0500,121.68200000000002,121.13799999999999,0.0008,0.0008
19.03.2020 08:33:36.239 GMT-0500,121.34200000000001,121.13700000000001,0.0008,0.0008
19.03.2020 08:33:36.289 GMT-0500,121.68200000000002,120.948,0.0008,0.0008
19.03.2020 08:33:37.943 GMT-0500,121.673,120.947,0.0008,0.002
19.03.2020 08:33:37.994 GMT-0500,121.68200000000002,120.948,0.0008,0.0008
19.03.2020 08:33:39.507 GMT-0500,121.68200000000002,121.02799999999999,0.0008,0.0008
19.03.2020 08:33:41.320 GMT-0500,121.673,121.02700000000002,0.0008,0.002
19.03.2020 08:33:43.280 GMT-0500,121.67200000000001,121.07799999999999,0.0008,0.0008
19.03.2020 08:33:44.144 GMT-0500,121.663,121.07700000000001,0.0008,0.002
19.03.2020 08:33:44.543 GMT-0500,121.67200000000001,121.07799999999999,0.0008,0.0008
19.03.2020 08:33:45.171 GMT-0500,121.662,121.07799999999999,0.0008,0.002
19.03.2020 08:33:45.221 GMT-0500,121.67200000000001,121.07799999999999,0.002,0.002
19.03.2020 08:33:45.907 GMT-0500,121.663,121.07799999999999,0.0008,0.0008
19.03.2020 08:33:46.161 GMT-0500,121.25200000000001,121.07799999999999,0.0008,0.0008
19.03.2020 08:33:50.672 GMT-0500,121.25200000000001,121.10700000000001,0.0008,0.0008
19.03.2020 08:33:50.722 GMT-0500,121.253,121.07700000000001,0.002,0.002
19.03.2020 08:33:53.521 GMT-0500,121.25200000000001,121.07799999999999,0.0008,0.0008
19.03.2020 08:33:53.783 GMT-0500,121.25200000000001,121.12700000000001,0.0008,0.0008
19.03.2020 08:33:53.946 GMT-0500,121.253,121.12700000000001,0.002,0.002
19.03.2020 08:33:54.833 GMT-0500,121.253,121.13700000000001,0.002,0.0008
19.03.2020 08:33:54.959 GMT-0500,121.31,121.18799999999999,0.0008,0.0008
19.03.2020 08:33:55.010 GMT-0500,121.662,121.13799999999999,0.0008,0.0008
19.03.2020 08:33:55.902 GMT-0500,121.662,121.27799999999999,0.0008,0.0008
19.03.2020 08:33:56.042 GMT-0500,121.65200000000002,121.27799999999999,0.0008,0.0008
19.03.2020 08:33:56.092 GMT-0500,121.662,121.27799999999999,0.0008,0.0008
19.03.2020 08:33:56.612 GMT-0500,121.65200000000002,121.27700000000002,0.0008,0.0008
19.03.2020 08:33:56.663 GMT-0500,121.65200000000002,121.13799999999999,0.002,0.002
19.03.2020 08:33:56.713 GMT-0500,121.65200000000002,121.27799999999999,0.0008,0.0008
19.03.2020 08:33:56.824 GMT-0500,121.503,121.27700000000002,0.002,0.002
19.03.2020 08:33:56.999 GMT-0500,121.36200000000001,121.27799999999999,0.0008,0.0008
19.03.2020 08:33:57.216 GMT-0500,121.36500000000001,121.31700000000001,0.0008,0.0008
19.03.2020 08:33:57.266 GMT-0500,121.382,121.27799999999999,0.002,0.002
19.03.2020 08:33:57.317 GMT-0500,121.50200000000001,121.13799999999999,0.0008,0.0008
19.03.2020 08:33:57.663 GMT-0500,121.36200000000001,121.128,0.0008,0.0008
19.03.2020 08:34:01.650 GMT-0500,121.363,121.12700000000001,0.002,0.002
19.03.2020 08:34:01.805 GMT-0500,121.353,121.177,0.0008,0.0008
19.03.2020 08:34:02.577 GMT-0500,121.352,121.178,0.0008,0.0008
19.03.2020 08:34:04.197 GMT-0500,121.28200000000001,121.178,0.0008,0.002
19.03.2020 08:34:04.895 GMT-0500,121.28200000000001,121.128,0.002,0.002
19.03.2020 08:34:06.059 GMT-0500,121.28200000000001,121.178,0.002,0.0008
19.03.2020 08:34:07.607 GMT-0500,121.273,121.178,0.0008,0.0008
19.03.2020 08:34:07.787 GMT-0500,121.25200000000001,121.178,0.0008,0.0008
19.03.2020 08:34:08.138 GMT-0500,121.25200000000001,121.128,0.0008,0.0008
19.03.2020 08:34:09.673 GMT-0500,121.20200000000001,121.13799999999999,0.0008,0.0008
19.03.2020 08:34:10.383 GMT-0500,121.243,121.13700000000001,0.0008,0.002
19.03.2020 08:34:10.433 GMT-0500,121.493,121.13700000000001,0.002,0.002
19.03.2020 08:34:10.540 GMT-0500,121.50200000000001,121.13799999999999,0.002,0.002
19.03.2020 08:34:10.980 GMT-0500,121.493,121.13700000000001,0.002,0.002
19.03.2020 08:34:12.181 GMT-0500,121.48200000000001,121.148,0.0008,0.0008
19.03.2020 08:34:12.232 GMT-0500,121.50200000000001,121.13799999999999,0.0008,0.0008
19.03.2020 08:34:12.693 GMT-0500,121.185,121.13799999999999,0.0008,0.0008
19.03.2020 08:34:12.743 GMT-0500,121.14200000000001,120.958,0.0008,0.0008
19.03.2020 08:34:12.844 GMT-0500,121.143,120.77700000000002,0.002,0.002
19.03.2020 08:34:13.599 GMT-0500,121.14200000000001,120.788,0.0008,0.0008
19.03.2020 08:34:13.700 GMT-0500,121.143,120.77700000000002,0.002,0.002
19.03.2020 08:34:14.166 GMT-0500,121.073,120.95700000000001,0.0008,0.0008
19.03.2020 08:34:14.217 GMT-0500,121.072,120.788,0.0008,0.0008
19.03.2020 08:34:14.674 GMT-0500,121.072,120.77799999999999,0.0008,0.002
19.03.2020 08:34:14.725 GMT-0500,121.462,120.77799999999999,0.0008,0.0008
19.03.2020 08:34:15.290 GMT-0500,121.45200000000001,120.788,0.0008,0.0008
19.03.2020 08:34:15.391 GMT-0500,121.45200000000001,120.77799999999999,0.002,0.002
19.03.2020 08:34:17.360 GMT-0500,121.44200000000001,120.80799999999999,0.0008,0.0008
19.03.2020 08:34:17.410 GMT-0500,121.44200000000001,120.798,0.002,0.002
19.03.2020 08:34:17.855 GMT-0500,121.03200000000001,120.798,0.0008,0.002
19.03.2020 08:34:17.955 GMT-0500,121.43200000000002,120.798,0.0008,0.0008
19.03.2020 08:34:18.147 GMT-0500,121.143,120.617,0.002,0.002
19.03.2020 08:34:18.198 GMT-0500,121.14200000000001,120.49799999999999,0.002,0.002
19.03.2020 08:34:18.314 GMT-0500,121.43299999999999,120.49700000000001,0.002,0.002
19.03.2020 08:34:18.852 GMT-0500,121.42200000000001,120.49799999999999,0.0008,0.0008
19.03.2020 08:34:19.155 GMT-0500,121.272,120.49799999999999,0.0008,0.0008
19.03.2020 08:34:19.689 GMT-0500,120.81200000000001,120.49799999999999,0.0008,0.002
19.03.2020 08:34:20.266 GMT-0500,120.81200000000001,120.507,0.0008,0.0008
19.03.2020 08:34:20.886 GMT-0500,120.81200000000001,120.518,0.0008,0.0008
19.03.2020 08:34:21.115 GMT-0500,120.81200000000001,120.51700000000001,0.0008,0.0008
19.03.2020 08:34:21.165 GMT-0500,120.81200000000001,120.508,0.002,0.002
19.03.2020 08:34:21.363 GMT-0500,120.81299999999999,120.49700000000001,0.002,0.002
19.03.2020 08:34:21.580 GMT-0500,120.81299999999999,120.65700000000001,0.002,0.0008
19.03.2020 08:34:21.986 GMT-0500,120.81200000000001,120.658,0.0008,0.0008
19.03.2020 08:34:22.037 GMT-0500,120.81200000000001,120.508,0.0008,0.0008
19.03.2020 08:34:22.363 GMT-0500,120.81200000000001,120.66799999999999,0.002,0.0008
19.03.2020 08:34:23.028 GMT-0500,120.81299999999999,120.738,0.0008,0.0008
19.03.2020 08:34:23.078 GMT-0500,120.912,120.618,0.0008,0.0008
19.03.2020 08:34:23.376 GMT-0500,120.81299999999999,120.617,0.0008,0.002
19.03.2020 08:34:23.427 GMT-0500,120.912,120.618,0.0008,0.0008
19.03.2020 08:34:23.539 GMT-0500,120.913,120.617,0.002,0.002
19.03.2020 08:34:23.705 GMT-0500,120.90200000000002,120.618,0.0008,0.0008
19.03.2020 08:34:23.806 GMT-0500,120.912,120.698,0.0008,0.0008
19.03.2020 08:34:24.045 GMT-0500,120.912,120.788,0.0008,0.0008
19.03.2020 08:34:24.583 GMT-0500,120.90299999999999,120.787,0.0008,0.002
19.03.2020 08:34:24.684 GMT-0500,120.802,120.628,0.0008,0.0008
19.03.2020 08:34:25.906 GMT-0500,120.912,120.628,0.002,0.0008
19.03.2020 08:34:25.957 GMT-0500,120.912,120.618,0.0008,0.0008
19.03.2020 08:34:26.010 GMT-0500,120.90200000000002,120.628,0.0008,0.0008
19.03.2020 08:34:26.198 GMT-0500,120.912,120.618,0.0008,0.0008
19.03.2020 08:34:26.679 GMT-0500,120.913,120.617,0.0008,0.002
19.03.2020 08:34:26.946 GMT-0500,121.15200000000002,120.618,0.0008,0.0008
19.03.2020 08:34:27.075 GMT-0500,121.15299999999999,120.618,0.0008,0.0008
19.03.2020 08:34:28.060 GMT-0500,121.15200000000002,120.618,0.0008,0.002
19.03.2020 08:34:28.111 GMT-0500,121.15299999999999,120.62700000000001,0.002,0.002
19.03.2020 08:34:28.245 GMT-0500,121.162,120.618,0.0008,0.0008
19.03.2020 08:34:28.905 GMT-0500,121.15299999999999,120.618,0.0008,0.0008
19.03.2020 08:34:28.955 GMT-0500,121.162,120.618,0.0008,0.0008
19.03.2020 08:34:30.006 GMT-0500,121.212,120.628,0.0008,0.0008
19.03.2020 08:34:30.156 GMT-0500,121.212,120.618,0.0008,0.0008
19.03.2020 08:34:31.129 GMT-0500,121.20200000000001,120.618,0.0008,0.0008
19.03.2020 08:34:31.401 GMT-0500,121.20299999999999,120.617,0.0008,0.002
19.03.2020 08:34:31.452 GMT-0500,121.213,120.617,0.002,0.002
19.03.2020 08:34:31.930 GMT-0500,121.20200000000001,120.618,0.002,0.002
19.03.2020 08:34:32.149 GMT-0500,121.212,120.618,0.0008,0.0008
19.03.2020 08:34:32.200 GMT-0500,121.072,120.618,0.002,0.002
19.03.2020 08:34:32.622 GMT-0500,121.072,120.408,0.002,0.002
19.03.2020 08:34:32.771 GMT-0500,121.072,120.398,0.0008,0.0008
19.03.2020 08:34:33.133 GMT-0500,121.06200000000001,120.398,0.0008,0.0008
19.03.2020 08:34:33.413 GMT-0500,121.072,120.398,0.0008,0.0008
19.03.2020 08:34:33.597 GMT-0500,121.072,120.40700000000001,0.0008,0.0008
19.03.2020 08:34:33.698 GMT-0500,120.72200000000001,120.398,0.0008,0.0008
19.03.2020 08:34:33.748 GMT-0500,120.86200000000001,120.398,0.0008,0.0008
19.03.2020 08:34:33.906 GMT-0500,121.022,120.398,0.0008,0.0008
19.03.2020 08:34:34.027 GMT-0500,121.072,120.398,0.002,0.002
19.03.2020 08:34:34.761 GMT-0500,121.06200000000001,120.408,0.0008,0.0008
19.03.2020 08:34:34.924 GMT-0500,121.072,120.398,0.0008,0.0008
19.03.2020 08:34:35.008 GMT-0500,120.62,120.398,0.0008,0.0008
19.03.2020 08:34:35.058 GMT-0500,121.072,120.398,0.0008,0.0008
19.03.2020 08:34:35.173 GMT-0500,121.212,120.398,0.0008,0.0008
19.03.2020 08:34:35.236 GMT-0500,121.212,120.40700000000001,0.0008,0.0008
19.03.2020 08:34:35.549 GMT-0500,121.18299999999999,120.46700000000001,0.0008,0.0008
19.03.2020 08:34:35.893 GMT-0500,121.18200000000002,120.508,0.0008,0.0008
19.03.2020 08:34:36.215 GMT-0500,121.12200000000001,120.507,0.0008,0.0008
19.03.2020 08:34:36.265 GMT-0500,121.12200000000001,120.46799999999999,0.002,0.002
19.03.2020 08:34:37.273 GMT-0500,121.12200000000001,120.478,0.002,0.002
19.03.2020 08:34:38.327 GMT-0500,121.12299999999999,120.46700000000001,0.002,0.002
19.03.2020 08:34:38.378 GMT-0500,121.12299999999999,120.397,0.002,0.002
19.03.2020 08:34:38.428 GMT-0500,121.11200000000001,120.398,0.0008,0.0008
19.03.2020 08:34:38.529 GMT-0500,121.113,120.397,0.0008,0.002
19.03.2020 08:34:38.588 GMT-0500,121.12200000000001,120.398,0.0008,0.0008
19.03.2020 08:34:39.514 GMT-0500,121.113,120.397,0.002,0.002
19.03.2020 08:34:39.624 GMT-0500,121.12200000000001,120.398,0.0008,0.0008
19.03.2020 08:34:40.626 GMT-0500,121.12200000000001,120.477,0.0008,0.0008
19.03.2020 08:34:40.737 GMT-0500,121.12200000000001,120.488,0.0008,0.0008
19.03.2020 08:34:41.716 GMT-0500,121.12299999999999,120.397,0.002,0.002
19.03.2020 08:34:41.808 GMT-0500,121.12200000000001,120.49799999999999,0.0008,0.0008
19.03.2020 08:34:42.357 GMT-0500,121.18200000000002,120.49799999999999,0.002,0.002
19.03.2020 08:34:43.143 GMT-0500,121.17200000000001,120.49799999999999,0.0008,0.002
19.03.2020 08:34:43.292 GMT-0500,121.18200000000002,120.49799999999999,0.0008,0.0008
19.03.2020 08:34:44.457 GMT-0500,121.18200000000002,120.408,0.002,0.002
19.03.2020 08:34:44.507 GMT-0500,120.93299999999999,120.40700000000001,0.002,0.002
19.03.2020 08:34:44.635 GMT-0500,121.212,120.408,0.0008,0.0008
19.03.2020 08:34:45.006 GMT-0500,121.18200000000002,120.408,0.0008,0.0008
19.03.2020 08:34:45.447 GMT-0500,121.18200000000002,120.398,0.0008,0.0008
19.03.2020 08:34:45.585 GMT-0500,121.173,120.40700000000001,0.002,0.002
19.03.2020 08:34:45.635 GMT-0500,121.18299999999999,120.397,0.002,0.002
19.03.2020 08:34:46.347 GMT-0500,121.18200000000002,120.398,0.0008,0.0008
19.03.2020 08:34:47.345 GMT-0500,121.17200000000001,120.398,0.0008,0.002
19.03.2020 08:34:47.396 GMT-0500,121.18200000000002,120.398,0.0008,0.0008
19.03.2020 08:34:48.318 GMT-0500,121.173,120.397,0.0008,0.002
19.03.2020 08:34:48.369 GMT-0500,121.18200000000002,120.398,0.0008,0.0008
19.03.2020 08:34:49.155 GMT-0500,121.17200000000001,120.398,0.0008,0.0008
19.03.2020 08:34:49.256 GMT-0500,121.18200000000002,120.398,0.0008,0.0008
19.03.2020 08:34:49.810 GMT-0500,121.17200000000001,120.398,0.0008,0.0008
19.03.2020 08:34:50.020 GMT-0500,121.18200000000002,120.398,0.0008,0.0008
19.03.2020 08:34:50.525 GMT-0500,121.18200000000002,120.408,0.0008,0.0008
19.03.2020 08:34:51.150 GMT-0500,121.17200000000001,120.40700000000001,0.0008,0.0008
19.03.2020 08:34:51.201 GMT-0500,121.17200000000001,120.398,0.002,0.002
19.03.2020 08:34:52.715 GMT-0500,121.18200000000002,120.398,0.0008,0.0008
19.03.2020 08:34:53.007 GMT-0500,121.18299999999999,120.397,0.002,0.002
19.03.2020 08:34:53.124 GMT-0500,121.18200000000002,120.408,0.0008,0.0008
19.03.2020 08:34:53.752 GMT-0500,121.18200000000002,120.428,0.0008,0.0008
19.03.2020 08:34:54.658 GMT-0500,121.173,120.427,0.0008,0.002
19.03.2020 08:34:54.856 GMT-0500,121.173,120.428,0.0008,0.0008
19.03.2020 08:34:54.906 GMT-0500,121.18200000000002,120.428,0.0008,0.0008
19.03.2020 08:34:55.135 GMT-0500,121.18200000000002,120.448,0.0008,0.0008
19.03.2020 08:34:55.914 GMT-0500,121.17200000000001,120.448,0.0008,0.002
19.03.2020 08:34:56.068 GMT-0500,121.173,120.447,0.0008,0.002
19.03.2020 08:34:56.119 GMT-0500,121.18299999999999,120.397,0.002,0.002
19.03.2020 08:34:56.544 GMT-0500,120.98200000000001,120.398,0.0008,0.0008
19.03.2020 08:34:56.713 GMT-0500,120.97200000000001,120.398,0.0008,0.002
19.03.2020 08:34:56.814 GMT-0500,120.90200000000002,120.398,0.0008,0.0008
19.03.2020 08:34:56.965 GMT-0500,120.90200000000002,120.447,0.0008,0.0008
19.03.2020 08:34:57.016 GMT-0500,121.12299999999999,120.447,0.002,0.002
19.03.2020 08:34:57.134 GMT-0500,121.12200000000001,120.398,0.0008,0.0008
19.03.2020 08:34:58.718 GMT-0500,121.11200000000001,120.398,0.0008,0.002
19.03.2020 08:34:59.095 GMT-0500,121.18200000000002,120.398,0.002,0.002
19.03.2020 08:34:59.168 GMT-0500,120.863,120.398,0.0008,0.0008
19.03.2020 08:34:59.304 GMT-0500,120.86200000000001,120.398,0.0008,0.002
19.03.2020 08:34:59.355 GMT-0500,121.12200000000001,120.398,0.002,0.002
19.03.2020 08:34:59.463 GMT-0500,120.863,120.398,0.0008,0.0008
19.03.2020 08:34:59.514 GMT-0500,120.863,120.21700000000001,0.002,0.002
19.03.2020 08:34:59.726 GMT-0500,120.863,120.21799999999999,0.0008,0.0008
19.03.2020 08:35:00.056 GMT-0500,120.462,120.21799999999999,0.0008,0.0008
19.03.2020 08:35:00.403 GMT-0500,120.40200000000002,120.21799999999999,0.0008,0.0008
19.03.2020 08:35:00.453 GMT-0500,120.462,120.158,0.002,0.002
19.03.2020 08:35:00.650 GMT-0500,120.462,120.16700000000002,0.0008,0.0008
19.03.2020 08:35:00.798 GMT-0500,120.462,120.16799999999999,0.002,0.0008
19.03.2020 08:35:00.848 GMT-0500,120.462,120.158,0.002,0.002
19.03.2020 08:35:02.543 GMT-0500,120.463,120.01700000000001,0.002,0.002
19.03.2020 08:35:03.689 GMT-0500,120.462,120.02799999999999,0.0008,0.0008
19.03.2020 08:35:03.740 GMT-0500,120.462,120.018,0.0008,0.0008
19.03.2020 08:35:04.731 GMT-0500,120.463,120.02700000000002,0.002,0.0008
19.03.2020 08:35:05.002 GMT-0500,120.462,120.02700000000002,0.0008,0.0008
19.03.2020 08:35:05.053 GMT-0500,120.462,120.018,0.0008,0.0008
19.03.2020 08:35:06.270 GMT-0500,120.463,120.02700000000002,0.002,0.0008
19.03.2020 08:35:06.877 GMT-0500,120.462,120.018,0.0008,0.0008
19.03.2020 08:35:07.271 GMT-0500,120.45299999999999,120.018,0.0008,0.0008
19.03.2020 08:35:07.450 GMT-0500,120.45200000000001,120.02799999999999,0.0008,0.0008
19.03.2020 08:35:07.693 GMT-0500,120.45200000000001,120.257,0.0008,0.0008
19.03.2020 08:35:09.205 GMT-0500,120.45299999999999,120.257,0.002,0.002
19.03.2020 08:35:10.085 GMT-0500,120.443,120.258,0.0008,0.0008
19.03.2020 08:35:10.135 GMT-0500,120.92200000000001,120.52799999999999,0.0008,0.0008
19.03.2020 08:35:10.186 GMT-0500,120.84299999999999,120.43700000000001,0.002,0.002
19.03.2020 08:35:10.820 GMT-0500,121.143,120.43700000000001,0.002,0.002
19.03.2020 08:35:10.873 GMT-0500,120.76299999999999,120.43700000000001,0.0008,0.002
19.03.2020 08:35:12.300 GMT-0500,120.76200000000001,120.43799999999999,0.002,0.0008
19.03.2020 08:35:12.351 GMT-0500,120.76200000000001,120.258,0.0008,0.0008
19.03.2020 08:35:13.301 GMT-0500,120.76200000000001,120.26700000000001,0.0008,0.0008
19.03.2020 08:35:13.402 GMT-0500,120.76200000000001,120.258,0.002,0.002
19.03.2020 08:35:13.773 GMT-0500,120.76200000000001,120.488,0.002,0.0008
19.03.2020 08:35:14.417 GMT-0500,120.76200000000001,120.49799999999999,0.002,0.0008
19.03.2020 08:35:14.774 GMT-0500,120.76299999999999,120.49700000000001,0.002,0.002
19.03.2020 08:35:16.090 GMT-0500,120.73299999999999,120.49700000000001,0.0008,0.002
19.03.2020 08:35:16.217 GMT-0500,120.602,120.49799999999999,0.0008,0.0008
19.03.2020 08:35:16.440 GMT-0500,120.603,120.49799999999999,0.0008,0.0008
19.03.2020 08:35:16.491 GMT-0500,120.73200000000001,120.49799999999999,0.0008,0.0008
19.03.2020 08:35:17.096 GMT-0500,120.73200000000001,120.49700000000001,0.0008,0.0008
19.03.2020 08:35:17.257 GMT-0500,120.73200000000001,120.49799999999999,0.0008,0.0008
19.03.2020 08:35:17.867 GMT-0500,120.662,120.49799999999999,0.0008,0.002
19.03.2020 08:35:17.917 GMT-0500,120.73299999999999,120.49700000000001,0.002,0.002
19.03.2020 08:35:18.030 GMT-0500,120.73200000000001,120.49799999999999,0.0008,0.0008
19.03.2020 08:35:21.306 GMT-0500,120.73200000000001,120.49700000000001,0.0008,0.0008
19.03.2020 08:35:21.791 GMT-0500,120.65200000000002,120.488,0.0008,0.0008
19.03.2020 08:35:26.048 GMT-0500,120.54200000000002,120.485,0.0008,0.0008
19.03.2020 08:35:26.098 GMT-0500,120.54200000000002,120.258,0.002,0.002
19.03.2020 08:35:26.149 GMT-0500,120.65200000000002,120.258,0.002,0.002
19.03.2020 08:35:26.727 GMT-0500,120.65200000000002,120.337,0.0008,0.0008
19.03.2020 08:35:27.379 GMT-0500,120.573,120.338,0.0008,0.0008
19.03.2020 08:35:28.440 GMT-0500,120.572,120.338,0.0008,0.0008
19.03.2020 08:35:28.885 GMT-0500,120.522,120.337,0.0008,0.0008
19.03.2020 08:35:28.935 GMT-0500,120.573,120.16700000000002,0.002,0.002
19.03.2020 08:35:28.986 GMT-0500,120.572,120.158,0.002,0.002
19.03.2020 08:35:29.931 GMT-0500,120.572,120.257,0.0008,0.0008
19.03.2020 08:35:30.644 GMT-0500,120.42200000000001,120.257,0.0008,0.0008
19.03.2020 08:35:30.694 GMT-0500,120.572,120.24799999999999,0.0008,0.0008
19.03.2020 08:35:30.946 GMT-0500,120.572,120.238,0.0008,0.0008
19.03.2020 08:35:31.923 GMT-0500,120.573,120.24700000000001,0.002,0.0008
19.03.2020 08:35:34.004 GMT-0500,120.572,120.258,0.002,0.002
19.03.2020 08:35:34.225 GMT-0500,120.572,120.24799999999999,0.002,0.002
19.03.2020 08:35:34.689 GMT-0500,120.572,120.32700000000001,0.0008,0.0008
19.03.2020 08:35:34.739 GMT-0500,120.572,120.24799999999999,0.002,0.002
19.03.2020 08:35:34.821 GMT-0500,120.493,120.24799999999999,0.0008,0.0008
19.03.2020 08:35:34.871 GMT-0500,120.572,120.24799999999999,0.002,0.002
19.03.2020 08:35:35.169 GMT-0500,120.572,120.238,0.0008,0.0008
19.03.2020 08:35:35.390 GMT-0500,120.54200000000002,120.238,0.0008,0.002
19.03.2020 08:35:36.678 GMT-0500,120.33500000000001,120.238,0.0008,0.0008
19.03.2020 08:35:36.729 GMT-0500,120.54299999999999,120.23700000000001,0.002,0.002
19.03.2020 08:35:37.370 GMT-0500,120.54200000000002,120.21799999999999,0.0008,0.0008
19.03.2020 08:35:37.895 GMT-0500,120.533,120.21700000000001,0.0008,0.002
19.03.2020 08:35:37.995 GMT-0500,120.54200000000002,120.21799999999999,0.0008,0.0008
19.03.2020 08:35:38.233 GMT-0500,120.34200000000001,120.21799999999999,0.0008,0.0008
19.03.2020 08:35:39.530 GMT-0500,120.34299999999999,120.21700000000001,0.002,0.0008
19.03.2020 08:35:39.580 GMT-0500,120.34200000000001,120.198,0.0008,0.0008
19.03.2020 08:35:40.937 GMT-0500,120.322,120.198,0.0008,0.002
19.03.2020 08:35:41.222 GMT-0500,120.26299999999999,120.198,0.0008,0.0008
19.03.2020 08:35:41.272 GMT-0500,120.323,120.197,0.002,0.002
19.03.2020 08:35:41.323 GMT-0500,120.323,119.93700000000001,0.002,0.002
19.03.2020 08:35:41.526 GMT-0500,120.322,119.99799999999999,0.0008,0.0008
19.03.2020 08:35:41.686 GMT-0500,120.302,119.99799999999999,0.0008,0.0008
19.03.2020 08:35:41.996 GMT-0500,120.23200000000001,119.99799999999999,0.0008,0.002
19.03.2020 08:35:42.047 GMT-0500,120.303,119.99700000000001,0.002,0.002
19.03.2020 08:35:42.985 GMT-0500,120.213,119.99700000000001,0.0008,0.002
19.03.2020 08:35:45.053 GMT-0500,120.20299999999999,119.99700000000001,0.0008,0.002
19.03.2020 08:35:45.439 GMT-0500,120.15200000000002,119.99799999999999,0.0008,0.002
19.03.2020 08:35:46.052 GMT-0500,120.15200000000002,120.018,0.002,0.0008
19.03.2020 08:35:46.103 GMT-0500,120.15299999999999,119.99700000000001,0.002,0.002
19.03.2020 08:35:46.204 GMT-0500,120.15299999999999,120.01700000000001,0.002,0.002
19.03.2020 08:35:46.254 GMT-0500,120.15200000000002,119.99799999999999,0.0008,0.0008
19.03.2020 08:35:48.373 GMT-0500,120.133,119.99799999999999,0.0008,0.0008
19.03.2020 08:35:49.339 GMT-0500,120.132,119.978,0.0008,0.0008
19.03.2020 08:35:49.544 GMT-0500,120.133,120.008,0.0008,0.0008
19.03.2020 08:35:49.595 GMT-0500,120.20200000000001,120.008,0.0008,0.0008
19.03.2020 08:35:49.952 GMT-0500,120.20200000000001,119.978,0.0008,0.0008
19.03.2020 08:35:50.331 GMT-0500,120.20200000000001,119.99700000000001,0.0008,0.0008
19.03.2020 08:35:50.800 GMT-0500,120.20299999999999,120.007,0.002,0.0008
19.03.2020 08:35:51.512 GMT-0500,120.20200000000001,120.007,0.0008,0.0008
19.03.2020 08:35:51.562 GMT-0500,120.20200000000001,119.99799999999999,0.0008,0.0008
19.03.2020 08:35:54.573 GMT-0500,120.20299999999999,119.99700000000001,0.0008,0.0008
19.03.2020 08:35:54.624 GMT-0500,120.51200000000001,119.978,0.0008,0.0008
19.03.2020 08:35:55.046 GMT-0500,120.148,119.978,0.0008,0.0008
19.03.2020 08:35:56.241 GMT-0500,120.12200000000001,120.008,0.0008,0.0008
19.03.2020 08:35:56.292 GMT-0500,120.12200000000001,119.978,0.0008,0.0008
19.03.2020 08:35:56.366 GMT-0500,120.12200000000001,120.008,0.002,0.002
19.03.2020 08:35:56.417 GMT-0500,120.12299999999999,119.977,0.002,0.002
19.03.2020 08:35:59.481 GMT-0500,120.113,119.977,0.0008,0.002
19.03.2020 08:36:01.279 GMT-0500,120.03200000000001,119.97,0.0008,0.0008
19.03.2020 08:36:01.330 GMT-0500,120.11200000000001,119.758,0.0008,0.0008
19.03.2020 08:36:01.901 GMT-0500,120.04299999999999,119.758,0.0008,0.0008
19.03.2020 08:36:01.951 GMT-0500,120.04200000000002,119.738,0.002,0.002
19.03.2020 08:36:02.069 GMT-0500,120.04299999999999,119.60700000000001,0.002,0.002
19.03.2020 08:36:02.120 GMT-0500,120.01200000000001,119.618,0.0008,0.0008
19.03.2020 08:36:02.170 GMT-0500,120.01200000000001,119.60799999999999,0.002,0.002
19.03.2020 08:36:03.226 GMT-0500,120.01299999999999,119.46700000000001,0.002,0.002
19.03.2020 08:36:03.818 GMT-0500,120.00200000000001,119.46799999999999,0.0008,0.0008
19.03.2020 08:36:04.204 GMT-0500,120.01200000000001,119.46799999999999,0.002,0.002
19.03.2020 08:36:04.787 GMT-0500,119.76200000000001,119.46799999999999,0.002,0.002
19.03.2020 08:36:07.151 GMT-0500,120.04200000000002,119.46799999999999,0.002,0.002
19.03.2020 08:36:09.903 GMT-0500,119.58200000000001,119.30799999999999,0.0008,0.0008
19.03.2020 08:36:09.953 GMT-0500,120.022,119.30799999999999,0.002,0.002
19.03.2020 08:36:10.034 GMT-0500,120.04200000000002,119.30799999999999,0.0008,0.0008
19.03.2020 08:36:10.747 GMT-0500,119.963,119.30700000000002,0.0008,0.002
19.03.2020 08:36:10.899 GMT-0500,119.525,119.30799999999999,0.0008,0.0008
19.03.2020 08:36:11.483 GMT-0500,119.523,119.30700000000002,0.002,0.002
19.03.2020 08:36:11.638 GMT-0500,119.522,119.30799999999999,0.002,0.002
19.03.2020 08:36:12.886 GMT-0500,119.54299999999999,119.30700000000002,0.002,0.002
19.03.2020 08:36:12.937 GMT-0500,119.523,119.30700000000002,0.002,0.002
19.03.2020 08:36:13.783 GMT-0500,119.522,119.30700000000002,0.0008,0.0008
19.03.2020 08:36:13.834 GMT-0500,119.522,119.07799999999999,0.002,0.002
19.03.2020 08:36:13.967 GMT-0500,119.522,119.068,0.0008,0.0008
19.03.2020 08:36:14.019 GMT-0500,119.522,119.298,0.002,0.0008
19.03.2020 08:36:14.120 GMT-0500,119.522,119.068,0.002,0.002
19.03.2020 08:36:14.847 GMT-0500,119.522,119.07700000000001,0.0008,0.0008
19.03.2020 08:36:15.030 GMT-0500,119.522,119.068,0.0008,0.0008
19.03.2020 08:36:17.109 GMT-0500,119.522,119.34700000000001,0.0008,0.0008
19.03.2020 08:36:17.159 GMT-0500,119.522,119.21799999999999,0.0008,0.0008
19.03.2020 08:36:17.777 GMT-0500,119.522,119.228,0.0008,0.0008
19.03.2020 08:36:17.908 GMT-0500,119.522,119.21799999999999,0.0008,0.0008
19.03.2020 08:36:20.891 GMT-0500,119.553,119.478,0.0008,0.0008
19.03.2020 08:36:20.941 GMT-0500,119.98200000000001,119.478,0.0008,0.0008
19.03.2020 08:36:21.049 GMT-0500,120.163,119.477,0.002,0.002
19.03.2020 08:36:21.437 GMT-0500,120.45299999999999,119.477,0.002,0.002
19.03.2020 08:36:21.799 GMT-0500,120.45200000000001,119.477,0.0008,0.0008
19.03.2020 08:36:21.850 GMT-0500,120.45200000000001,119.348,0.0008,0.0008
19.03.2020 08:36:22.362 GMT-0500,120.45200000000001,119.458,0.0008,0.0008
19.03.2020 08:36:22.653 GMT-0500,120.45299999999999,119.45700000000001,0.002,0.002
19.03.2020 08:36:23.017 GMT-0500,120.45200000000001,119.458,0.002,0.002
19.03.2020 08:36:23.068 GMT-0500,120.463,119.45700000000001,0.002,0.002
19.03.2020 08:36:23.658 GMT-0500,120.462,119.458,0.0008,0.0008
19.03.2020 08:36:24.132 GMT-0500,120.45200000000001,119.458,0.0008,0.0008
19.03.2020 08:36:24.498 GMT-0500,120.463,119.45700000000001,0.002,0.002
19.03.2020 08:36:26.168 GMT-0500,120.19200000000001,119.55799999999999,0.0008,0.0008
19.03.2020 08:36:26.218 GMT-0500,120.193,119.45700000000001,0.002,0.002
19.03.2020 08:36:26.375 GMT-0500,120.712,119.458,0.0008,0.0008
19.03.2020 08:36:26.512 GMT-0500,120.14200000000001,119.458,0.0008,0.0008
19.03.2020 08:36:27.003 GMT-0500,120.12200000000001,119.458,0.0008,0.002
19.03.2020 08:36:27.128 GMT-0500,120.113,119.458,0.0008,0.0008
19.03.2020 08:36:27.324 GMT-0500,120.12200000000001,119.458,0.0008,0.0008
19.03.2020 08:36:27.473 GMT-0500,120.12200000000001,119.45700000000001,0.0008,0.0008
19.03.2020 08:36:27.524 GMT-0500,120.12200000000001,119.41799999999999,0.0008,0.0008
19.03.2020 08:36:27.919 GMT-0500,120.11200000000001,119.41799999999999,0.0008,0.0008
19.03.2020 08:36:27.970 GMT-0500,120.12200000000001,119.41799999999999,0.0008,0.0008
19.03.2020 08:36:29.145 GMT-0500,120.11200000000001,119.41799999999999,0.0008,0.002
19.03.2020 08:36:29.369 GMT-0500,120.113,119.41799999999999,0.0008,0.0008
19.03.2020 08:36:29.419 GMT-0500,120.12200000000001,119.41799999999999,0.0008,0.0008
19.03.2020 08:36:31.131 GMT-0500,120.11200000000001,119.41799999999999,0.0008,0.002
19.03.2020 08:36:31.447 GMT-0500,120.113,119.41700000000002,0.0008,0.002
19.03.2020 08:36:31.498 GMT-0500,120.12299999999999,119.41700000000002,0.002,0.002
19.03.2020 08:36:32.508 GMT-0500,120.08200000000001,119.41700000000002,0.0008,0.0008
19.03.2020 08:36:32.558 GMT-0500,120.08200000000001,119.348,0.002,0.002
19.03.2020 08:36:32.900 GMT-0500,120.08200000000001,119.478,0.002,0.0008
19.03.2020 08:36:33.002 GMT-0500,120.072,119.538,0.002,0.002
19.03.2020 08:36:33.113 GMT-0500,120.072,119.488,0.0008,0.0008
19.03.2020 08:36:33.827 GMT-0500,120.45299999999999,119.477,0.002,0.002
19.03.2020 08:36:35.213 GMT-0500,120.443,119.48700000000001,0.0008,0.0008
19.03.2020 08:36:35.314 GMT-0500,120.45299999999999,119.477,0.002,0.002
19.03.2020 08:36:36.261 GMT-0500,120.45200000000001,119.348,0.0008,0.0008
19.03.2020 08:36:36.353 GMT-0500,120.44200000000001,119.35799999999999,0.0008,0.0008
19.03.2020 08:36:36.557 GMT-0500,120.45299999999999,119.34700000000001,0.002,0.002
19.03.2020 08:36:37.170 GMT-0500,120.173,119.35700000000001,0.002,0.002
19.03.2020 08:36:37.294 GMT-0500,120.17200000000001,119.348,0.002,0.002
19.03.2020 08:36:37.505 GMT-0500,120.51200000000001,119.478,0.0008,0.0008
19.03.2020 08:36:37.664 GMT-0500,120.45299999999999,119.477,0.0008,0.002
19.03.2020 08:36:37.829 GMT-0500,120.45200000000001,119.60799999999999,0.002,0.0008
19.03.2020 08:36:38.449 GMT-0500,120.443,119.617,0.0008,0.0008
19.03.2020 08:36:38.617 GMT-0500,120.44200000000001,119.618,0.0008,0.0008
19.03.2020 08:36:38.668 GMT-0500,120.45200000000001,119.60799999999999,0.0008,0.0008
19.03.2020 08:36:38.935 GMT-0500,119.98200000000001,119.60799999999999,0.0008,0.0008
19.03.2020 08:36:43.755 GMT-0500,119.98200000000001,119.788,0.002,0.0008
19.03.2020 08:36:45.589 GMT-0500,120.065,119.977,0.0008,0.0008
19.03.2020 08:36:45.640 GMT-0500,120.51200000000001,119.978,0.002,0.002
19.03.2020 08:36:46.091 GMT-0500,120.51299999999999,119.98700000000001,0.0008,0.0008
19.03.2020 08:36:46.141 GMT-0500,120.62200000000001,119.978,0.0008,0.0008
19.03.2020 08:36:46.216 GMT-0500,120.272,119.978,0.0008,0.002
19.03.2020 08:36:46.382 GMT-0500,120.462,119.788,0.002,0.002
19.03.2020 08:36:46.485 GMT-0500,120.712,119.788,0.0008,0.0008
19.03.2020 08:36:46.868 GMT-0500,120.62200000000001,119.788,0.0008,0.0008
19.03.2020 08:36:47.197 GMT-0500,120.613,119.788,0.0008,0.0008
19.03.2020 08:36:47.355 GMT-0500,120.61200000000001,119.788,0.0008,0.0008
19.03.2020 08:36:47.405 GMT-0500,120.62200000000001,119.788,0.0008,0.0008
19.03.2020 08:36:51.112 GMT-0500,120.61200000000001,119.788,0.0008,0.0008
19.03.2020 08:36:51.215 GMT-0500,120.62200000000001,119.788,0.0008,0.0008
19.03.2020 08:36:54.420 GMT-0500,120.48200000000001,119.788,0.0008,0.0008
19.03.2020 08:36:54.958 GMT-0500,120.463,119.787,0.002,0.002
19.03.2020 08:36:55.299 GMT-0500,120.463,119.788,0.0008,0.0008
19.03.2020 08:36:55.349 GMT-0500,120.62200000000001,119.788,0.002,0.002
19.03.2020 08:36:55.643 GMT-0500,120.61200000000001,119.788,0.0008,0.002
19.03.2020 08:36:55.693 GMT-0500,120.62200000000001,119.788,0.0008,0.0008
19.03.2020 08:36:56.793 GMT-0500,120.613,119.787,0.0008,0.002
19.03.2020 08:36:57.319 GMT-0500,120.613,119.788,0.0008,0.0008
19.03.2020 08:36:57.369 GMT-0500,120.62200000000001,119.788,0.002,0.002
19.03.2020 08:36:58.342 GMT-0500,120.61200000000001,119.788,0.0008,0.002
19.03.2020 08:36:58.443 GMT-0500,120.62200000000001,119.788,0.002,0.002
19.03.2020 08:36:59.429 GMT-0500,120.133,119.788,0.0008,0.0008
19.03.2020 08:37:00.107 GMT-0500,120.132,119.788,0.002,0.0008
19.03.2020 08:37:00.157 GMT-0500,120.132,119.60799999999999,0.0008,0.0008
19.03.2020 08:37:00.759 GMT-0500,120.132,119.618,0.0008,0.0008
19.03.2020 08:37:00.809 GMT-0500,120.132,119.60799999999999,0.0008,0.0008
19.03.2020 08:37:01.420 GMT-0500,120.132,119.618,0.002,0.0008
19.03.2020 08:37:01.552 GMT-0500,120.132,119.617,0.0008,0.0008
19.03.2020 08:37:01.604 GMT-0500,120.132,119.60799999999999,0.002,0.002
19.03.2020 08:37:02.477 GMT-0500,120.132,119.618,0.002,0.002
19.03.2020 08:37:02.578 GMT-0500,120.132,119.60799999999999,0.0008,0.0008
19.03.2020 08:37:03.406 GMT-0500,120.133,119.617,0.002,0.0008
19.03.2020 08:37:03.756 GMT-0500,120.133,119.60700000000001,0.002,0.002
19.03.2020 08:37:04.350 GMT-0500,120.133,119.80700000000002,0.002,0.0008
19.03.2020 08:37:05.238 GMT-0500,120.133,119.60700000000001,0.002,0.002
19.03.2020 08:37:05.289 GMT-0500,120.132,119.478,0.002,0.002
19.03.2020 08:37:06.698 GMT-0500,120.12299999999999,119.478,0.0008,0.0008
19.03.2020 08:37:06.822 GMT-0500,120.133,119.477,0.002,0.002
19.03.2020 08:37:07.190 GMT-0500,120.133,119.478,0.0008,0.0008
19.03.2020 08:37:07.241 GMT-0500,120.26200000000001,119.478,0.002,0.002
19.03.2020 08:37:07.977 GMT-0500,120.26299999999999,119.337,0.002,0.002
19.03.2020 08:37:08.062 GMT-0500,120.26299999999999,119.46700000000001,0.002,0.0008
19.03.2020 08:37:08.210 GMT-0500,120.253,119.477,0.0008,0.0008
19.03.2020 08:37:08.260 GMT-0500,120.26200000000001,119.46799999999999,0.0008,0.0008
19.03.2020 08:37:08.436 GMT-0500,120.26200000000001,119.60700000000001,0.0008,0.0008
19.03.2020 08:37:09.841 GMT-0500,120.253,119.60700000000001,0.0008,0.002
19.03.2020 08:37:09.943 GMT-0500,120.06200000000001,119.158,0.0008,0.0008
19.03.2020 08:37:09.994 GMT-0500,120.322,119.158,0.0008,0.0008
19.03.2020 08:37:10.098 GMT-0500,120.193,119.158,0.0008,0.0008
19.03.2020 08:37:10.245 GMT-0500,120.19200000000001,119.288,0.0008,0.0008
19.03.2020 08:37:10.598 GMT-0500,120.18200000000002,119.158,0.0008,0.0008
19.03.2020 08:37:10.648 GMT-0500,120.00200000000001,119.158,0.0008,0.0008
19.03.2020 08:37:11.031 GMT-0500,119.963,119.158,0.0008,0.0008
19.03.2020 08:37:11.299 GMT-0500,119.95200000000001,119.15700000000001,0.0008,0.0008
19.03.2020 08:37:11.436 GMT-0500,119.79200000000002,119.008,0.0008,0.0008
19.03.2020 08:37:11.487 GMT-0500,119.962,119.008,0.0008,0.0008
19.03.2020 08:37:11.564 GMT-0500,119.723,119.007,0.0008,0.002
19.03.2020 08:37:11.734 GMT-0500,119.822,119.008,0.0008,0.0008
19.03.2020 08:37:12.399 GMT-0500,119.823,119.007,0.002,0.002
19.03.2020 08:37:12.506 GMT-0500,119.81299999999999,119.007,0.0008,0.002
19.03.2020 08:37:12.753 GMT-0500,119.78200000000001,119.008,0.0008,0.0008
19.03.2020 08:37:13.171 GMT-0500,119.783,118.99700000000001,0.002,0.002
19.03.2020 08:37:13.310 GMT-0500,119.78200000000001,118.99799999999999,0.002,0.002
19.03.2020 08:37:13.388 GMT-0500,119.28200000000001,118.99799999999999,0.0008,0.002
19.03.2020 08:37:13.615 GMT-0500,119.283,118.99700000000001,0.002,0.0008
19.03.2020 08:37:13.666 GMT-0500,119.28200000000001,118.848,0.0008,0.0008
19.03.2020 08:37:14.792 GMT-0500,119.283,118.84700000000001,0.002,0.0008
19.03.2020 08:37:14.940 GMT-0500,119.283,118.85700000000001,0.002,0.0008
19.03.2020 08:37:14.990 GMT-0500,119.28200000000001,118.758,0.002,0.002
19.03.2020 08:37:15.911 GMT-0500,119.12200000000001,118.758,0.0008,0.0008
19.03.2020 08:37:18.514 GMT-0500,118.992,118.758,0.0008,0.0008
19.03.2020 08:37:18.632 GMT-0500,118.992,118.628,0.002,0.002
19.03.2020 08:37:20.437 GMT-0500,118.853,118.628,0.0008,0.0008
19.03.2020 08:37:21.099 GMT-0500,118.852,118.698,0.0008,0.0008
19.03.2020 08:37:21.149 GMT-0500,118.852,118.628,0.002,0.002
19.03.2020 08:37:21.404 GMT-0500,118.852,118.758,0.0008,0.0008
19.03.2020 08:37:21.454 GMT-0500,118.992,118.758,0.0008,0.0008
19.03.2020 08:37:26.350 GMT-0500,118.992,118.628,0.0008,0.0008
19.03.2020 08:37:27.817 GMT-0500,118.992,118.788,0.002,0.0008
19.03.2020 08:37:27.867 GMT-0500,118.992,118.628,0.0008,0.0008
19.03.2020 08:37:28.237 GMT-0500,118.992,118.74799999999999,0.0008,0.0008
19.03.2020 08:37:28.419 GMT-0500,118.993,118.74700000000001,0.002,0.002
19.03.2020 08:37:29.227 GMT-0500,118.993,118.757,0.002,0.0008
19.03.2020 08:37:29.354 GMT-0500,118.992,118.798,0.0008,0.0008
19.03.2020 08:37:29.404 GMT-0500,118.992,118.758,0.0008,0.0008
19.03.2020 08:37:31.356 GMT-0500,118.993,118.74700000000001,0.002,0.002
19.03.2020 08:37:35.617 GMT-0500,118.76299999999999,118.62700000000001,0.002,0.002
19.03.2020 08:37:35.667 GMT-0500,118.83200000000001,118.63799999999999,0.0008,0.0008
19.03.2020 08:37:36.537 GMT-0500,118.992,118.63799999999999,0.0008,0.0008
19.03.2020 08:37:36.820 GMT-0500,119.29200000000002,118.49799999999999,0.002,0.0008
19.03.2020 08:37:36.995 GMT-0500,119.48299999999999,118.48700000000001,0.002,0.002
19.03.2020 08:37:37.414 GMT-0500,119.393,118.48700000000001,0.0008,0.002
19.03.2020 08:37:37.588 GMT-0500,119.39200000000001,118.63799999999999,0.002,0.0008
19.03.2020 08:37:37.755 GMT-0500,119.39200000000001,118.678,0.002,0.0008
19.03.2020 08:37:38.474 GMT-0500,119.393,118.677,0.002,0.002
19.03.2020 08:37:39.603 GMT-0500,119.39200000000001,118.678,0.0008,0.0008
19.03.2020 08:37:39.994 GMT-0500,119.39200000000001,118.63799999999999,0.0008,0.0008
19.03.2020 08:37:42.563 GMT-0500,118.783,118.48700000000001,0.002,0.002
19.03.2020 08:37:42.614 GMT-0500,119.102,118.368,0.0008,0.0008
19.03.2020 08:37:42.664 GMT-0500,118.673,118.367,0.002,0.002
19.03.2020 08:37:43.186 GMT-0500,118.67200000000001,118.378,0.0008,0.0008
19.03.2020 08:37:43.311 GMT-0500,118.673,118.367,0.002,0.002
19.03.2020 08:37:43.449 GMT-0500,118.573,118.367,0.0008,0.002
19.03.2020 08:37:43.499 GMT-0500,118.673,118.16700000000002,0.002,0.002
19.03.2020 08:37:44.039 GMT-0500,118.583,118.16700000000002,0.0008,0.002
19.03.2020 08:37:44.390 GMT-0500,118.522,118.16799999999999,0.0008,0.002
19.03.2020 08:37:44.615 GMT-0500,118.522,118.29700000000001,0.0008,0.0008
19.03.2020 08:37:49.746 GMT-0500,118.523,118.34700000000001,0.002,0.0008
19.03.2020 08:37:50.128 GMT-0500,118.522,118.34700000000001,0.0008,0.0008
19.03.2020 08:37:50.178 GMT-0500,118.522,118.298,0.002,0.002
19.03.2020 08:37:52.502 GMT-0500,118.613,118.51700000000001,0.0008,0.0008
19.03.2020 08:37:52.558 GMT-0500,118.94200000000001,118.518,0.002,0.002
19.03.2020 08:37:52.609 GMT-0500,119.11200000000001,118.518,0.0008,0.0008
19.03.2020 08:37:53.493 GMT-0500,118.95299999999999,118.518,0.0008,0.0008
19.03.2020 08:37:53.593 GMT-0500,118.95200000000001,118.30799999999999,0.0008,0.0008
19.03.2020 08:37:53.738 GMT-0500,118.95299999999999,118.30700000000002,0.002,0.002
19.03.2020 08:37:55.178 GMT-0500,118.95200000000001,118.568,0.002,0.002
19.03.2020 08:37:55.229 GMT-0500,118.95200000000001,118.32799999999999,0.002,0.002
19.03.2020 08:37:55.668 GMT-0500,118.943,118.32799999999999,0.0008,0.0008
19.03.2020 08:37:55.911 GMT-0500,118.94200000000001,118.32799999999999,0.0008,0.0008
19.03.2020 08:37:56.241 GMT-0500,118.94200000000001,118.74000000000001,0.0008,0.0008
19.03.2020 08:37:56.518 GMT-0500,118.943,118.74700000000001,0.002,0.0008
19.03.2020 08:37:56.568 GMT-0500,118.943,118.43700000000001,0.002,0.002
19.03.2020 08:37:57.828 GMT-0500,119.413,118.43700000000001,0.002,0.002
19.03.2020 08:37:57.878 GMT-0500,118.94200000000001,118.43799999999999,0.0008,0.0008
19.03.2020 08:37:59.262 GMT-0500,118.94200000000001,118.448,0.002,0.002
19.03.2020 08:37:59.313 GMT-0500,118.943,118.43700000000001,0.002,0.002
19.03.2020 08:38:00.004 GMT-0500,118.943,118.57700000000001,0.002,0.002
19.03.2020 08:38:01.091 GMT-0500,118.802,118.57799999999999,0.002,0.002
19.03.2020 08:38:01.344 GMT-0500,119.37200000000001,118.698,0.0008,0.0008
19.03.2020 08:38:01.449 GMT-0500,119.37299999999999,118.698,0.0008,0.0008
19.03.2020 08:38:01.624 GMT-0500,119.522,118.698,0.0008,0.0008
19.03.2020 08:38:01.911 GMT-0500,119.413,118.697,0.0008,0.002
19.03.2020 08:38:02.562 GMT-0500,119.412,118.698,0.002,0.002
19.03.2020 08:38:03.235 GMT-0500,119.412,118.68799999999999,0.0008,0.0008
19.03.2020 08:38:03.338 GMT-0500,118.943,118.68700000000001,0.0008,0.002
19.03.2020 08:38:09.834 GMT-0500,118.94200000000001,118.738,0.002,0.0008
19.03.2020 08:38:09.885 GMT-0500,118.943,118.70700000000001,0.002,0.002
19.03.2020 08:38:11.738 GMT-0500,118.94200000000001,118.68799999999999,0.0008,0.0008
19.03.2020 08:38:11.874 GMT-0500,118.94200000000001,118.738,0.002,0.0008
19.03.2020 08:38:11.924 GMT-0500,118.943,118.71700000000001,0.002,0.002
19.03.2020 08:38:15.305 GMT-0500,118.93299999999999,118.71700000000001,0.0008,0.002
19.03.2020 08:38:16.098 GMT-0500,118.93200000000002,118.71700000000001,0.0008,0.0008
19.03.2020 08:38:16.148 GMT-0500,118.93200000000002,118.66799999999999,0.0008,0.0008
19.03.2020 08:38:17.203 GMT-0500,118.93299999999999,118.727,0.002,0.0008
19.03.2020 08:38:17.367 GMT-0500,118.93200000000002,118.728,0.002,0.0008
19.03.2020 08:38:17.418 GMT-0500,118.93200000000002,118.66799999999999,0.002,0.002
19.03.2020 08:38:17.964 GMT-0500,118.93200000000002,118.728,0.002,0.0008
19.03.2020 08:38:18.168 GMT-0500,118.93200000000002,118.74700000000001,0.0008,0.0008
19.03.2020 08:38:18.218 GMT-0500,118.93200000000002,118.66799999999999,0.0008,0.0008
19.03.2020 08:38:18.492 GMT-0500,118.93200000000002,118.728,0.002,0.0008
19.03.2020 08:38:19.324 GMT-0500,118.93299999999999,118.66700000000002,0.002,0.002
19.03.2020 08:38:19.374 GMT-0500,118.93299999999999,118.727,0.002,0.002
19.03.2020 08:38:19.927 GMT-0500,118.93200000000002,118.43799999999999,0.002,0.002
19.03.2020 08:38:19.977 GMT-0500,118.93200000000002,118.448,0.002,0.002
19.03.2020 08:38:20.085 GMT-0500,118.93299999999999,118.43700000000001,0.002,0.002
19.03.2020 08:38:20.650 GMT-0500,118.93299999999999,118.447,0.002,0.0008
19.03.2020 08:38:20.751 GMT-0500,118.773,118.43700000000001,0.002,0.002
19.03.2020 08:38:21.359 GMT-0500,118.773,118.60700000000001,0.002,0.0008
19.03.2020 08:38:21.536 GMT-0500,118.772,118.43799999999999,0.0008,0.0008
19.03.2020 08:38:21.797 GMT-0500,118.76200000000001,118.43799999999999,0.0008,0.0008
19.03.2020 08:38:21.945 GMT-0500,118.76299999999999,118.43700000000001,0.002,0.0008
19.03.2020 08:38:21.995 GMT-0500,118.76200000000001,118.348,0.002,0.002
19.03.2020 08:38:22.221 GMT-0500,118.76299999999999,118.34700000000001,0.002,0.002
19.03.2020 08:38:22.334 GMT-0500,118.76200000000001,118.18799999999999,0.0008,0.0008
19.03.2020 08:38:22.554 GMT-0500,118.76200000000001,118.24799999999999,0.0008,0.0008
19.03.2020 08:38:22.885 GMT-0500,118.743,118.24799999999999,0.0008,0.0008
19.03.2020 08:38:23.075 GMT-0500,118.742,118.24799999999999,0.002,0.002
19.03.2020 08:38:23.470 GMT-0500,118.742,118.30700000000002,0.0008,0.0008
19.03.2020 08:38:23.733 GMT-0500,118.743,118.30700000000002,0.002,0.002
19.03.2020 08:38:23.868 GMT-0500,118.742,118.30799999999999,0.002,0.002
19.03.2020 08:38:24.021 GMT-0500,118.73200000000001,118.30799999999999,0.0008,0.0008
19.03.2020 08:38:25.112 GMT-0500,118.72200000000001,118.30799999999999,0.0008,0.0008
19.03.2020 08:38:26.158 GMT-0500,118.712,118.30799999999999,0.002,0.002
19.03.2020 08:38:26.498 GMT-0500,118.712,118.478,0.002,0.0008
19.03.2020 08:38:26.756 GMT-0500,118.713,118.477,0.002,0.0008
19.03.2020 08:38:26.806 GMT-0500,118.712,118.30799999999999,0.0008,0.0008
19.03.2020 08:38:27.306 GMT-0500,118.712,118.31700000000001,0.0008,0.0008
19.03.2020 08:38:28.155 GMT-0500,118.712,118.478,0.0008,0.0008
19.03.2020 08:38:28.206 GMT-0500,118.712,118.30799999999999,0.0008,0.0008
19.03.2020 08:38:28.326 GMT-0500,118.633,118.30700000000002,0.0008,0.002
19.03.2020 08:38:29.173 GMT-0500,118.633,118.477,0.002,0.0008
19.03.2020 08:38:29.405 GMT-0500,118.665,118.478,0.0008,0.0008
19.03.2020 08:38:30.533 GMT-0500,118.613,118.477,0.0008,0.002
19.03.2020 08:38:31.076 GMT-0500,118.61200000000001,118.30799999999999,0.0008,0.0008
19.03.2020 08:38:31.343 GMT-0500,118.613,118.46700000000001,0.002,0.002
19.03.2020 08:38:31.503 GMT-0500,118.61200000000001,118.488,0.002,0.002
19.03.2020 08:38:31.554 GMT-0500,119.06200000000001,118.60799999999999,0.002,0.002
19.03.2020 08:38:31.713 GMT-0500,119.173,118.60700000000001,0.002,0.002
19.03.2020 08:38:32.540 GMT-0500,119.17200000000001,118.60799999999999,0.0008,0.0008
19.03.2020 08:38:32.757 GMT-0500,118.92200000000001,118.60799999999999,0.0008,0.0008
19.03.2020 08:38:32.871 GMT-0500,118.923,118.617,0.002,0.002
19.03.2020 08:38:32.921 GMT-0500,118.92200000000001,118.488,0.002,0.002
19.03.2020 08:38:32.972 GMT-0500,118.92200000000001,118.60799999999999,0.002,0.002
19.03.2020 08:38:33.122 GMT-0500,118.92200000000001,118.618,0.0008,0.0008
19.03.2020 08:38:33.172 GMT-0500,118.92200000000001,118.60799999999999,0.0008,0.0008
19.03.2020 08:38:34.101 GMT-0500,118.92200000000001,118.628,0.002,0.002
19.03.2020 08:38:35.161 GMT-0500,118.923,118.60700000000001,0.002,0.002
19.03.2020 08:38:36.090 GMT-0500,118.92200000000001,118.488,0.0008,0.0008
19.03.2020 08:38:40.271 GMT-0500,118.92200000000001,118.49799999999999,0.0008,0.0008
19.03.2020 08:38:41.216 GMT-0500,118.92200000000001,118.628,0.002,0.002
19.03.2020 08:38:42.404 GMT-0500,118.723,118.628,0.0008,0.0008
19.03.2020 08:38:43.016 GMT-0500,118.92200000000001,118.698,0.0008,0.0008
19.03.2020 08:38:43.346 GMT-0500,118.92200000000001,118.63700000000001,0.0008,0.0008
19.03.2020 08:38:43.586 GMT-0500,118.923,118.63700000000001,0.002,0.002
19.03.2020 08:38:51.283 GMT-0500,118.92200000000001,118.728,0.002,0.0008
19.03.2020 08:38:51.520 GMT-0500,118.92200000000001,118.73700000000001,0.0008,0.0008
19.03.2020 08:38:51.621 GMT-0500,118.923,118.62700000000001,0.002,0.002
19.03.2020 08:38:51.826 GMT-0500,118.92200000000001,118.678,0.0008,0.0008
19.03.2020 08:38:52.045 GMT-0500,118.923,118.73700000000001,0.002,0.002
19.03.2020 08:38:53.198 GMT-0500,118.92200000000001,118.77799999999999,0.0008,0.0008
19.03.2020 08:38:53.249 GMT-0500,118.92200000000001,118.758,0.002,0.002
19.03.2020 08:38:53.546 GMT-0500,118.92200000000001,118.77700000000002,0.0008,0.0008
19.03.2020 08:38:53.979 GMT-0500,119.023,118.84700000000001,0.002,0.002
19.03.2020 08:38:54.030 GMT-0500,118.95200000000001,118.77799999999999,0.0008,0.0008
19.03.2020 08:38:54.080 GMT-0500,118.95200000000001,118.758,0.0008,0.0008
19.03.2020 08:38:54.131 GMT-0500,119.022,118.908,0.002,0.002
19.03.2020 08:38:54.275 GMT-0500,119.37200000000001,119.008,0.0008,0.0008
19.03.2020 08:38:54.375 GMT-0500,119.50200000000001,119.158,0.0008,0.0008
19.03.2020 08:38:54.627 GMT-0500,119.43200000000002,119.158,0.0008,0.002
19.03.2020 08:38:59.189 GMT-0500,119.43200000000002,119.038,0.0008,0.0008
19.03.2020 08:38:59.296 GMT-0500,119.43200000000002,119.02799999999999,0.002,0.002
19.03.2020 08:39:00.097 GMT-0500,119.43200000000002,119.037,0.0008,0.0008
19.03.2020 08:39:00.198 GMT-0500,119.43200000000002,119.02799999999999,0.0008,0.0008
19.03.2020 08:39:00.846 GMT-0500,119.43200000000002,119.16799999999999,0.0008,0.0008
19.03.2020 08:39:01.355 GMT-0500,119.90200000000002,119.16799999999999,0.0008,0.0008
19.03.2020 08:39:01.724 GMT-0500,119.89200000000001,119.16799999999999,0.0008,0.0008
19.03.2020 08:39:01.864 GMT-0500,119.90299999999999,119.16700000000002,0.002,0.002
19.03.2020 08:39:02.432 GMT-0500,119.89200000000001,119.16799999999999,0.0008,0.0008
19.03.2020 08:39:02.746 GMT-0500,119.43299999999999,119.16700000000002,0.002,0.002
19.03.2020 08:39:04.177 GMT-0500,119.43200000000002,119.16700000000002,0.0008,0.0008
19.03.2020 08:39:04.227 GMT-0500,119.43200000000002,118.91799999999999,0.0008,0.0008
19.03.2020 08:39:04.339 GMT-0500,119.43200000000002,118.908,0.0008,0.0008
19.03.2020 08:39:05.866 GMT-0500,119.43200000000002,119.087,0.0008,0.0008
19.03.2020 08:39:06.083 GMT-0500,119.43299999999999,119.208,0.0008,0.0008
19.03.2020 08:39:06.133 GMT-0500,119.70200000000001,119.208,0.0008,0.0008
19.03.2020 08:39:06.498 GMT-0500,119.743,119.20700000000001,0.0008,0.002
19.03.2020 08:39:06.549 GMT-0500,119.40200000000002,119.088,0.002,0.002
19.03.2020 08:39:06.599 GMT-0500,119.412,119.088,0.0008,0.0008
19.03.2020 08:39:06.727 GMT-0500,119.412,118.908,0.002,0.002
19.03.2020 08:39:06.843 GMT-0500,119.81200000000001,118.908,0.0008,0.0008
19.03.2020 08:39:07.020 GMT-0500,119.81200000000001,119.098,0.002,0.0008
19.03.2020 08:39:07.121 GMT-0500,119.802,119.098,0.0008,0.0008
19.03.2020 08:39:07.258 GMT-0500,119.81200000000001,119.098,0.0008,0.0008
19.03.2020 08:39:09.208 GMT-0500,119.81200000000001,119.21799999999999,0.0008,0.0008
19.03.2020 08:39:09.259 GMT-0500,119.882,119.21799999999999,0.002,0.002
19.03.2020 08:39:10.030 GMT-0500,119.87200000000001,119.21799999999999,0.0008,0.002
19.03.2020 08:39:10.081 GMT-0500,119.882,119.21799999999999,0.0008,0.0008
19.03.2020 08:39:10.897 GMT-0500,119.87299999999999,119.21700000000001,0.0008,0.002
19.03.2020 08:39:11.108 GMT-0500,119.882,119.098,0.0008,0.0008
19.03.2020 08:39:11.935 GMT-0500,119.26299999999999,119.09700000000001,0.0008,0.0008
19.03.2020 08:39:11.985 GMT-0500,119.76299999999999,118.757,0.002,0.002
19.03.2020 08:39:12.092 GMT-0500,119.95200000000001,118.758,0.002,0.002
19.03.2020 08:39:12.367 GMT-0500,119.95200000000001,118.768,0.002,0.0008
19.03.2020 08:39:12.468 GMT-0500,119.00200000000001,118.588,0.0008,0.0008
19.03.2020 08:39:16.784 GMT-0500,119.00200000000001,118.71799999999999,0.002,0.002
19.03.2020 08:39:17.072 GMT-0500,119.00200000000001,118.708,0.0008,0.0008
19.03.2020 08:39:17.336 GMT-0500,119.00200000000001,118.588,0.0008,0.0008
19.03.2020 08:39:17.723 GMT-0500,119.00200000000001,118.66799999999999,0.002,0.002
19.03.2020 08:39:19.521 GMT-0500,119.003,118.677,0.002,0.0008
19.03.2020 08:39:21.090 GMT-0500,118.912,118.678,0.0008,0.0008
19.03.2020 08:39:22.855 GMT-0500,118.693,118.678,0.0008,0.0008
19.03.2020 08:39:22.907 GMT-0500,118.912,118.66799999999999,0.002,0.002
19.03.2020 08:39:22.983 GMT-0500,118.958,118.867,0.0008,0.0008
19.03.2020 08:39:23.034 GMT-0500,119.383,118.867,0.002,0.002
19.03.2020 08:39:23.365 GMT-0500,119.40200000000002,118.868,0.002,0.002
19.03.2020 08:39:24.188 GMT-0500,119.40299999999999,118.91700000000002,0.002,0.002
19.03.2020 08:39:24.817 GMT-0500,119.40200000000002,118.928,0.002,0.0008
19.03.2020 08:39:25.571 GMT-0500,119.40299999999999,118.927,0.002,0.002
19.03.2020 08:39:29.155 GMT-0500,119.40200000000002,118.93799999999999,0.0008,0.0008
19.03.2020 08:39:30.144 GMT-0500,119.40299999999999,118.93700000000001,0.002,0.002
19.03.2020 08:39:33.185 GMT-0500,119.40200000000002,118.93799999999999,0.0008,0.0008
19.03.2020 08:39:36.184 GMT-0500,118.96799999999999,118.93799999999999,0.0008,0.0008
19.03.2020 08:39:36.235 GMT-0500,119.363,118.59700000000001,0.002,0.002
19.03.2020 08:39:36.437 GMT-0500,119.36200000000001,118.587,0.0008,0.0008
19.03.2020 08:39:37.065 GMT-0500,119.34299999999999,118.46799999999999,0.0008,0.0008
19.03.2020 08:39:38.444 GMT-0500,119.36200000000001,118.46799999999999,0.0008,0.0008
19.03.2020 08:39:38.497 GMT-0500,119.302,118.46799999999999,0.002,0.002
19.03.2020 08:39:39.547 GMT-0500,119.303,118.46700000000001,0.002,0.002
19.03.2020 08:39:39.802 GMT-0500,119.083,118.46700000000001,0.0008,0.0008
19.03.2020 08:39:39.853 GMT-0500,119.083,118.31700000000001,0.002,0.002
19.03.2020 08:39:39.959 GMT-0500,119.15200000000002,118.318,0.0008,0.0008
19.03.2020 08:39:40.340 GMT-0500,119.15200000000002,118.51700000000001,0.0008,0.0008
19.03.2020 08:39:40.639 GMT-0500,119.15200000000002,118.52799999999999,0.0008,0.0008
19.03.2020 08:39:41.520 GMT-0500,119.143,118.52799999999999,0.0008,0.0008
19.03.2020 08:39:41.865 GMT-0500,119.143,118.52700000000002,0.0008,0.002
19.03.2020 08:39:41.915 GMT-0500,119.29200000000002,118.52799999999999,0.0008,0.0008
19.03.2020 08:39:42.741 GMT-0500,119.29200000000002,118.518,0.0008,0.0008
19.03.2020 08:39:42.918 GMT-0500,119.29299999999999,118.52700000000002,0.002,0.0008
19.03.2020 08:39:43.432 GMT-0500,119.283,118.52700000000002,0.0008,0.002
19.03.2020 08:39:43.544 GMT-0500,119.28200000000001,118.52799999999999,0.0008,0.002
19.03.2020 08:39:43.595 GMT-0500,119.29200000000002,118.52799999999999,0.002,0.002
19.03.2020 08:39:44.671 GMT-0500,119.283,118.52799999999999,0.0008,0.0008
19.03.2020 08:39:44.906 GMT-0500,119.272,118.52799999999999,0.0008,0.0008
19.03.2020 08:39:45.059 GMT-0500,118.81299999999999,118.52700000000002,0.0008,0.002
19.03.2020 08:39:46.765 GMT-0500,118.81200000000001,118.428,0.0008,0.0008
19.03.2020 08:39:47.570 GMT-0500,118.81299999999999,118.428,0.0008,0.0008
19.03.2020 08:39:48.310 GMT-0500,119.242,118.43799999999999,0.0008,0.0008
19.03.2020 08:39:48.511 GMT-0500,119.243,118.43700000000001,0.0008,0.0008
19.03.2020 08:39:48.562 GMT-0500,119.25200000000001,118.428,0.0008,0.0008
19.03.2020 08:39:48.717 GMT-0500,119.25200000000001,118.77799999999999,0.0008,0.0008
19.03.2020 08:39:48.818 GMT-0500,119.18200000000002,118.77799999999999,0.0008,0.0008
19.03.2020 08:39:49.021 GMT-0500,119.173,118.77700000000002,0.0008,0.002
19.03.2020 08:39:49.072 GMT-0500,119.28200000000001,118.77799999999999,0.0008,0.0008
19.03.2020 08:39:49.525 GMT-0500,119.283,118.77700000000002,0.0008,0.002
19.03.2020 08:39:49.642 GMT-0500,119.28200000000001,118.77799999999999,0.0008,0.002
19.03.2020 08:39:49.943 GMT-0500,119.29200000000002,118.77799999999999,0.0008,0.0008
19.03.2020 08:39:49.993 GMT-0500,119.29200000000002,118.788,0.0008,0.0008
19.03.2020 08:39:50.586 GMT-0500,119.44200000000001,118.788,0.0008,0.0008
19.03.2020 08:39:51.168 GMT-0500,119.18200000000002,118.788,0.0008,0.002
19.03.2020 08:39:51.280 GMT-0500,119.173,118.788,0.0008,0.0008
19.03.2020 08:39:51.330 GMT-0500,119.18299999999999,118.787,0.002,0.002
19.03.2020 08:39:51.958 GMT-0500,119.06200000000001,118.788,0.0008,0.0008
19.03.2020 08:39:52.561 GMT-0500,119.052,118.788,0.0008,0.0008
19.03.2020 08:39:52.661 GMT-0500,119.06299999999999,118.77700000000002,0.002,0.002
19.03.2020 08:39:52.838 GMT-0500,119.06200000000001,118.77799999999999,0.0008,0.0008
19.03.2020 08:39:53.032 GMT-0500,118.913,118.77799999999999,0.0008,0.0008
19.03.2020 08:39:53.200 GMT-0500,118.912,118.77799999999999,0.002,0.002
19.03.2020 08:39:57.539 GMT-0500,118.912,118.55799999999999,0.0008,0.0008
19.03.2020 08:39:57.737 GMT-0500,119.06299999999999,118.55700000000002,0.002,0.002
19.03.2020 08:39:59.548 GMT-0500,119.052,118.55799999999999,0.0008,0.0008
19.03.2020 08:39:59.727 GMT-0500,119.053,118.55700000000002,0.0008,0.002
19.03.2020 08:39:59.777 GMT-0500,119.06200000000001,118.55799999999999,0.0008,0.0008
19.03.2020 08:40:00.485 GMT-0500,118.93299999999999,118.55700000000002,0.0008,0.002
19.03.2020 08:40:01.773 GMT-0500,118.92200000000001,118.55799999999999,0.0008,0.002
19.03.2020 08:40:01.874 GMT-0500,118.93200000000002,118.55799999999999,0.002,0.002
19.03.2020 08:40:03.164 GMT-0500,118.923,118.55799999999999,0.0008,0.0008
19.03.2020 08:40:03.265 GMT-0500,118.93200000000002,118.55799999999999,0.002,0.002
19.03.2020 08:40:04.667 GMT-0500,118.93200000000002,118.428,0.002,0.002
19.03.2020 08:40:05.997 GMT-0500,118.783,118.428,0.0008,0.0008
19.03.2020 08:40:06.146 GMT-0500,118.78200000000001,118.43700000000001,0.0008,0.0008
19.03.2020 08:40:06.258 GMT-0500,118.78200000000001,118.55799999999999,0.002,0.0008
19.03.2020 08:40:06.309 GMT-0500,118.783,118.427,0.002,0.002
19.03.2020 08:40:07.221 GMT-0500,118.78200000000001,118.43799999999999,0.0008,0.0008
19.03.2020 08:40:07.389 GMT-0500,118.78200000000001,118.52799999999999,0.0008,0.0008
19.03.2020 08:40:07.772 GMT-0500,118.78200000000001,118.548,0.002,0.0008
19.03.2020 08:40:07.873 GMT-0500,118.76299999999999,118.56700000000001,0.002,0.002
19.03.2020 08:40:08.090 GMT-0500,118.76200000000001,118.52799999999999,0.0008,0.0008
19.03.2020 08:40:08.140 GMT-0500,118.76200000000001,118.548,0.0008,0.0008
19.03.2020 08:40:08.191 GMT-0500,118.76299999999999,118.52700000000002,0.002,0.002
19.03.2020 08:40:09.060 GMT-0500,118.76200000000001,118.52799999999999,0.0008,0.0008
19.03.2020 08:40:09.110 GMT-0500,118.75200000000001,118.52799999999999,0.0008,0.0008
19.03.2020 08:40:10.180 GMT-0500,118.76200000000001,118.52799999999999,0.0008,0.0008
19.03.2020 08:40:10.240 GMT-0500,118.73200000000001,118.52799999999999,0.0008,0.0008
19.03.2020 08:40:10.475 GMT-0500,118.67200000000001,118.21799999999999,0.0008,0.0008
19.03.2020 08:40:10.639 GMT-0500,118.673,118.21700000000001,0.002,0.0008
19.03.2020 08:40:10.958 GMT-0500,118.67200000000001,118.24799999999999,0.0008,0.0008
19.03.2020 08:40:11.946 GMT-0500,118.64200000000001,118.24799999999999,0.0008,0.0008
19.03.2020 08:40:12.628 GMT-0500,118.632,118.24799999999999,0.0008,0.002
19.03.2020 08:40:13.318 GMT-0500,118.64200000000001,118.24799999999999,0.002,0.002
19.03.2020 08:40:13.673 GMT-0500,118.632,118.24799999999999,0.0008,0.0008
19.03.2020 08:40:14.133 GMT-0500,118.613,118.24700000000001,0.002,0.002
19.03.2020 08:40:14.788 GMT-0500,118.522,118.24799999999999,0.0008,0.0008
19.03.2020 08:40:16.565 GMT-0500,118.51299999999999,118.24700000000001,0.0008,0.002
19.03.2020 08:40:16.665 GMT-0500,118.523,118.24700000000001,0.002,0.002
19.03.2020 08:40:16.779 GMT-0500,118.50200000000001,118.24799999999999,0.0008,0.0008
19.03.2020 08:40:16.990 GMT-0500,118.48200000000001,118.24799999999999,0.002,0.002
19.03.2020 08:40:17.965 GMT-0500,118.382,118.24799999999999,0.0008,0.002
19.03.2020 08:40:19.732 GMT-0500,118.383,118.24700000000001,0.002,0.0008
19.03.2020 08:40:19.782 GMT-0500,118.383,118.23700000000001,0.002,0.002
19.03.2020 08:40:20.073 GMT-0500,118.303,118.23700000000001,0.0008,0.0008
19.03.2020 08:40:20.123 GMT-0500,118.37200000000001,118.02799999999999,0.0008,0.0008
19.03.2020 08:40:20.174 GMT-0500,118.382,118.128,0.0008,0.0008
19.03.2020 08:40:20.321 GMT-0500,118.383,118.01700000000001,0.002,0.002
19.03.2020 08:40:20.463 GMT-0500,118.382,118.018,0.0008,0.0008
19.03.2020 08:40:20.744 GMT-0500,118.383,118.01700000000001,0.002,0.002
19.03.2020 08:40:21.429 GMT-0500,118.363,118.018,0.0008,0.0008
19.03.2020 08:40:21.925 GMT-0500,118.36200000000001,118.018,0.0008,0.0008
19.03.2020 08:40:22.505 GMT-0500,118.352,118.018,0.0008,0.0008
19.03.2020 08:40:23.331 GMT-0500,118.34299999999999,118.02700000000002,0.0008,0.0008
19.03.2020 08:40:23.381 GMT-0500,118.353,118.01700000000001,0.002,0.002
19.03.2020 08:40:23.512 GMT-0500,118.363,118.01700000000001,0.002,0.002
19.03.2020 08:40:23.563 GMT-0500,118.34200000000001,118.018,0.002,0.002
19.03.2020 08:40:23.807 GMT-0500,118.34200000000001,118.088,0.002,0.0008
19.03.2020 08:40:24.534 GMT-0500,118.18299999999999,118.088,0.0008,0.0008
19.03.2020 08:40:25.488 GMT-0500,118.18200000000002,118.13799999999999,0.0008,0.0008
19.03.2020 08:40:25.538 GMT-0500,118.20200000000001,118.088,0.002,0.002
19.03.2020 08:40:26.073 GMT-0500,118.20200000000001,118.13700000000001,0.0008,0.0008
19.03.2020 08:40:26.123 GMT-0500,118.353,118.13700000000001,0.002,0.002
19.03.2020 08:40:26.174 GMT-0500,118.36200000000001,118.13799999999999,0.0008,0.0008
19.03.2020 08:40:28.307 GMT-0500,118.363,118.13700000000001,0.002,0.0008
19.03.2020 08:40:28.761 GMT-0500,118.363,118.12700000000001,0.002,0.0008
19.03.2020 08:40:29.476 GMT-0500,118.36200000000001,118.13799999999999,0.0008,0.0008
19.03.2020 08:40:31.439 GMT-0500,118.353,118.13700000000001,0.0008,0.002
19.03.2020 08:40:31.490 GMT-0500,118.363,118.087,0.002,0.002
19.03.2020 08:40:31.541 GMT-0500,118.36200000000001,118.098,0.0008,0.0008
19.03.2020 08:40:32.775 GMT-0500,118.36200000000001,118.10799999999999,0.002,0.0008
19.03.2020 08:40:33.051 GMT-0500,118.36200000000001,118.10700000000001,0.0008,0.0008
19.03.2020 08:40:33.101 GMT-0500,118.36200000000001,118.098,0.002,0.002
19.03.2020 08:40:34.734 GMT-0500,118.363,118.09700000000001,0.002,0.002
19.03.2020 08:40:34.974 GMT-0500,118.353,118.09700000000001,0.0008,0.002
19.03.2020 08:40:35.075 GMT-0500,118.36200000000001,118.098,0.0008,0.0008
19.03.2020 08:40:35.476 GMT-0500,118.36200000000001,118.10799999999999,0.002,0.0008
19.03.2020 08:40:35.659 GMT-0500,118.363,118.09700000000001,0.002,0.002
19.03.2020 08:40:35.768 GMT-0500,118.113,118.09,0.0008,0.0008
19.03.2020 08:40:35.818 GMT-0500,118.272,117.798,0.002,0.002
19.03.2020 08:40:35.943 GMT-0500,118.272,117.898,0.0008,0.0008
19.03.2020 08:40:36.950 GMT-0500,118.272,118.008,0.0008,0.0008
19.03.2020 08:40:37.001 GMT-0500,118.26200000000001,117.988,0.002,0.002
19.03.2020 08:40:37.108 GMT-0500,118.273,117.98700000000001,0.002,0.002
19.03.2020 08:40:37.437 GMT-0500,118.113,117.98700000000001,0.0008,0.002
19.03.2020 08:40:37.487 GMT-0500,118.113,117.70700000000001,0.002,0.002
19.03.2020 08:40:37.538 GMT-0500,118.11200000000001,117.698,0.0008,0.0008
19.03.2020 08:40:37.653 GMT-0500,118.11200000000001,117.678,0.002,0.002
19.03.2020 08:40:37.805 GMT-0500,118.102,117.678,0.002,0.002
19.03.2020 08:40:37.856 GMT-0500,118.113,117.677,0.002,0.002
19.03.2020 08:40:37.906 GMT-0500,118.003,117.677,0.002,0.002
19.03.2020 08:40:38.016 GMT-0500,117.992,117.678,0.0008,0.0008
19.03.2020 08:40:38.484 GMT-0500,117.992,117.68700000000001,0.0008,0.0008
19.03.2020 08:40:38.534 GMT-0500,117.98299999999999,117.52700000000002,0.002,0.002
19.03.2020 08:40:38.585 GMT-0500,117.992,117.52799999999999,0.0008,0.0008
19.03.2020 08:40:39.994 GMT-0500,117.993,117.52700000000002,0.002,0.002
19.03.2020 08:40:40.950 GMT-0500,117.97200000000001,117.52799999999999,0.0008,0.0008
19.03.2020 08:40:41.527 GMT-0500,117.97200000000001,117.537,0.0008,0.0008
19.03.2020 08:40:41.628 GMT-0500,117.973,117.537,0.002,0.002
19.03.2020 08:40:41.729 GMT-0500,117.97200000000001,117.52799999999999,0.0008,0.0008
19.03.2020 08:40:42.898 GMT-0500,117.973,117.52700000000002,0.002,0.002
19.03.2020 08:40:42.948 GMT-0500,117.962,117.52799999999999,0.002,0.002
19.03.2020 08:40:43.973 GMT-0500,117.962,117.537,0.0008,0.0008
19.03.2020 08:40:44.123 GMT-0500,117.962,117.538,0.002,0.002
19.03.2020 08:40:44.975 GMT-0500,117.963,117.537,0.002,0.002
19.03.2020 08:40:46.229 GMT-0500,117.95299999999999,117.537,0.0008,0.002
19.03.2020 08:40:46.520 GMT-0500,117.95200000000001,117.537,0.0008,0.0008
19.03.2020 08:40:46.570 GMT-0500,117.95200000000001,117.52799999999999,0.0008,0.0008
19.03.2020 08:40:46.967 GMT-0500,117.923,117.52799999999999,0.0008,0.0008
19.03.2020 08:40:47.902 GMT-0500,117.90200000000002,117.52799999999999,0.0008,0.0008
19.03.2020 08:40:49.211 GMT-0500,117.882,117.52799999999999,0.0008,0.0008
19.03.2020 08:40:49.262 GMT-0500,117.92200000000001,117.52799999999999,0.0008,0.0008
19.03.2020 08:40:50.405 GMT-0500,117.90299999999999,117.537,0.0008,0.0008
19.03.2020 08:40:50.456 GMT-0500,117.90200000000002,117.52799999999999,0.0008,0.0008
19.03.2020 08:40:51.049 GMT-0500,117.893,117.537,0.0008,0.0008
19.03.2020 08:40:51.227 GMT-0500,117.90200000000002,117.52799999999999,0.0008,0.0008
19.03.2020 08:40:51.723 GMT-0500,117.89200000000001,117.538,0.0008,0.0008
19.03.2020 08:40:51.864 GMT-0500,117.893,117.537,0.0008,0.0008
19.03.2020 08:40:51.914 GMT-0500,117.90200000000002,117.52799999999999,0.002,0.002
19.03.2020 08:40:51.981 GMT-0500,117.783,117.52799999999999,0.0008,0.0008
19.03.2020 08:40:52.288 GMT-0500,117.772,117.52799999999999,0.0008,0.0008
19.03.2020 08:40:52.420 GMT-0500,117.75200000000001,117.538,0.0008,0.0008
19.03.2020 08:40:52.564 GMT-0500,117.75200000000001,117.537,0.0008,0.0008
19.03.2020 08:40:52.617 GMT-0500,117.75200000000001,117.52799999999999,0.0008,0.0008
19.03.2020 08:40:52.905 GMT-0500,117.723,117.52700000000002,0.0008,0.0008
19.03.2020 08:40:52.956 GMT-0500,117.753,117.40700000000001,0.002,0.002
19.03.2020 08:40:53.074 GMT-0500,117.712,117.408,0.0008,0.0008
19.03.2020 08:40:53.124 GMT-0500,117.772,117.41799999999999,0.0008,0.0008
19.03.2020 08:40:53.175 GMT-0500,117.742,117.408,0.0008,0.0008
19.03.2020 08:40:53.329 GMT-0500,117.68200000000002,117.408,0.002,0.002
19.03.2020 08:40:53.706 GMT-0500,117.68200000000002,117.41700000000002,0.0008,0.0008
19.03.2020 08:40:53.806 GMT-0500,117.68200000000002,117.408,0.0008,0.0008
19.03.2020 08:40:53.897 GMT-0500,117.662,117.408,0.0008,0.0008
19.03.2020 08:40:54.955 GMT-0500,117.633,117.408,0.0008,0.0008
19.03.2020 08:40:55.698 GMT-0500,117.633,117.40700000000001,0.002,0.002
19.03.2020 08:40:55.799 GMT-0500,117.632,117.408,0.002,0.002
19.03.2020 08:40:55.982 GMT-0500,117.62200000000001,117.41799999999999,0.0008,0.0008
19.03.2020 08:40:56.032 GMT-0500,117.62200000000001,117.298,0.0008,0.0008
19.03.2020 08:40:56.328 GMT-0500,117.62200000000001,117.507,0.0008,0.0008
19.03.2020 08:40:58.142 GMT-0500,117.62299999999999,117.52700000000002,0.002,0.0008
19.03.2020 08:40:58.192 GMT-0500,117.62200000000001,117.508,0.0008,0.0008
19.03.2020 08:40:58.934 GMT-0500,117.62200000000001,117.52799999999999,0.002,0.0008
19.03.2020 08:40:58.984 GMT-0500,117.72200000000001,117.52799999999999,0.0008,0.0008
19.03.2020 08:40:59.478 GMT-0500,117.73299999999999,117.52700000000002,0.002,0.002
19.03.2020 08:40:59.528 GMT-0500,117.73200000000001,117.628,0.0008,0.0008
19.03.2020 08:41:00.172 GMT-0500,117.73200000000001,117.52799999999999,0.002,0.002
19.03.2020 08:41:00.322 GMT-0500,117.73200000000001,117.62700000000001,0.0008,0.0008
19.03.2020 08:41:00.579 GMT-0500,117.723,117.62700000000001,0.0008,0.002
19.03.2020 08:41:00.630 GMT-0500,117.73200000000001,117.628,0.0008,0.0008
19.03.2020 08:41:01.812 GMT-0500,117.68200000000002,117.62700000000001,0.0008,0.0008
19.03.2020 08:41:01.863 GMT-0500,117.68200000000002,117.538,0.002,0.002
19.03.2020 08:41:01.963 GMT-0500,117.72200000000001,117.52799999999999,0.0008,0.0008
19.03.2020 08:41:02.067 GMT-0500,117.72200000000001,117.398,0.0008,0.0008
19.03.2020 08:41:03.633 GMT-0500,117.72200000000001,117.408,0.0008,0.0008
19.03.2020 08:41:03.890 GMT-0500,117.72200000000001,117.398,0.002,0.002
19.03.2020 08:41:04.050 GMT-0500,117.72200000000001,117.518,0.002,0.002
19.03.2020 08:41:04.905 GMT-0500,117.632,117.518,0.0008,0.002
19.03.2020 08:41:05.143 GMT-0500,117.633,117.397,0.002,0.002
19.03.2020 08:41:05.505 GMT-0500,117.632,117.408,0.0008,0.0008
19.03.2020 08:41:05.606 GMT-0500,117.632,117.398,0.0008,0.0008
19.03.2020 08:41:05.725 GMT-0500,117.633,117.397,0.002,0.002
19.03.2020 08:41:08.525 GMT-0500,117.583,117.397,0.0008,0.0008
19.03.2020 08:41:08.576 GMT-0500,117.552,117.298,0.002,0.002
19.03.2020 08:41:08.627 GMT-0500,117.572,117.298,0.0008,0.0008
19.03.2020 08:41:09.561 GMT-0500,117.51200000000001,117.298,0.0008,0.002
19.03.2020 08:41:09.612 GMT-0500,117.50200000000001,117.21799999999999,0.0008,0.0008
19.03.2020 08:41:09.674 GMT-0500,117.50200000000001,117.18799999999999,0.002,0.002
19.03.2020 08:41:10.164 GMT-0500,117.503,117.01700000000001,0.002,0.002
19.03.2020 08:41:10.252 GMT-0500,117.503,117.06700000000001,0.002,0.002
19.03.2020 08:41:11.004 GMT-0500,117.48200000000001,117.198,0.002,0.0008
19.03.2020 08:41:11.134 GMT-0500,117.473,117.198,0.0008,0.0008
19.03.2020 08:41:11.431 GMT-0500,117.45200000000001,117.198,0.0008,0.0008
19.03.2020 08:41:11.482 GMT-0500,117.45299999999999,117.01700000000001,0.002,0.002
19.03.2020 08:41:11.623 GMT-0500,117.39200000000001,117.018,0.0008,0.0008
19.03.2020 08:41:11.763 GMT-0500,117.45299999999999,117.01700000000001,0.002,0.002
19.03.2020 08:41:11.829 GMT-0500,117.45299999999999,117.02700000000002,0.002,0.0008
19.03.2020 08:41:11.879 GMT-0500,117.45299999999999,117.01700000000001,0.002,0.002
19.03.2020 08:41:11.954 GMT-0500,117.31200000000001,117.018,0.0008,0.0008
19.03.2020 08:41:12.150 GMT-0500,117.31299999999999,117.272,0.0008,0.0008
19.03.2020 08:41:12.200 GMT-0500,117.45299999999999,117.197,0.002,0.002
19.03.2020 08:41:13.509 GMT-0500,117.333,117.197,0.0008,0.0008
19.03.2020 08:41:13.559 GMT-0500,117.40200000000002,117.018,0.0008,0.0008
19.03.2020 08:41:13.678 GMT-0500,117.45299999999999,117.01700000000001,0.002,0.002
19.03.2020 08:41:13.822 GMT-0500,117.39200000000001,117.018,0.002,0.002
19.03.2020 08:41:14.570 GMT-0500,117.45299999999999,117.01700000000001,0.002,0.002
19.03.2020 08:41:14.838 GMT-0500,117.45200000000001,117.02799999999999,0.002,0.002
19.03.2020 08:41:14.958 GMT-0500,117.45200000000001,117.018,0.0008,0.0008
19.03.2020 08:41:15.043 GMT-0500,117.40200000000002,117.018,0.0008,0.0008
19.03.2020 08:41:16.333 GMT-0500,117.40299999999999,117.197,0.002,0.0008
19.03.2020 08:41:16.611 GMT-0500,117.393,117.197,0.0008,0.002
19.03.2020 08:41:18.503 GMT-0500,117.212,117.175,0.0008,0.0008
19.03.2020 08:41:18.553 GMT-0500,117.213,116.897,0.002,0.002
19.03.2020 08:41:19.190 GMT-0500,117.213,116.99700000000001,0.002,0.0008
19.03.2020 08:41:20.619 GMT-0500,117.213,117.007,0.002,0.0008
19.03.2020 08:41:21.746 GMT-0500,117.113,117.01700000000001,0.0008,0.0008
19.03.2020 08:41:21.797 GMT-0500,117.212,117.018,0.0008,0.0008
19.03.2020 08:41:21.877 GMT-0500,117.20200000000001,117.01700000000001,0.0008,0.0008
19.03.2020 08:41:21.927 GMT-0500,117.20200000000001,116.898,0.0008,0.0008
19.03.2020 08:41:22.436 GMT-0500,117.20200000000001,116.908,0.002,0.0008
19.03.2020 08:41:22.651 GMT-0500,117.20200000000001,117.007,0.0008,0.0008
19.03.2020 08:41:22.701 GMT-0500,117.212,117.008,0.0008,0.0008
19.03.2020 08:41:23.327 GMT-0500,117.193,117.008,0.0008,0.0008
19.03.2020 08:41:23.377 GMT-0500,117.19200000000001,116.898,0.0008,0.0008
19.03.2020 08:41:23.626 GMT-0500,117.193,116.90700000000001,0.002,0.0008
19.03.2020 08:41:23.726 GMT-0500,117.19200000000001,116.898,0.0008,0.0008
19.03.2020 08:41:24.011 GMT-0500,117.19200000000001,116.80799999999999,0.0008,0.0008
19.03.2020 08:41:24.509 GMT-0500,117.193,116.71700000000001,0.002,0.002
19.03.2020 08:41:24.652 GMT-0500,117.19200000000001,116.708,0.0008,0.0008
19.03.2020 08:41:25.380 GMT-0500,117.072,116.708,0.0008,0.002
19.03.2020 08:41:25.697 GMT-0500,117.073,116.837,0.002,0.002
19.03.2020 08:41:25.747 GMT-0500,117.073,116.60700000000001,0.002,0.002
19.03.2020 08:41:26.419 GMT-0500,117.072,116.708,0.002,0.002
19.03.2020 08:41:27.939 GMT-0500,117.073,116.60700000000001,0.002,0.002
19.03.2020 08:41:28.222 GMT-0500,117.06200000000001,116.60799999999999,0.0008,0.0008
19.03.2020 08:41:28.745 GMT-0500,117.06299999999999,116.49700000000001,0.002,0.002
19.03.2020 08:41:28.796 GMT-0500,116.87200000000001,116.49799999999999,0.0008,0.0008
19.03.2020 08:41:28.901 GMT-0500,116.87299999999999,116.60700000000001,0.002,0.0008
19.03.2020 08:41:29.001 GMT-0500,116.87200000000001,116.49799999999999,0.0008,0.0008
19.03.2020 08:41:29.052 GMT-0500,116.87200000000001,116.508,0.0008,0.0008
19.03.2020 08:41:29.160 GMT-0500,116.87299999999999,116.507,0.002,0.0008
19.03.2020 08:41:29.211 GMT-0500,116.87299999999999,116.49700000000001,0.002,0.002
19.03.2020 08:41:30.182 GMT-0500,116.87200000000001,116.49799999999999,0.0008,0.002
19.03.2020 08:41:30.233 GMT-0500,117.06200000000001,116.49799999999999,0.002,0.002
19.03.2020 08:41:30.377 GMT-0500,117.212,116.49799999999999,0.0008,0.0008
19.03.2020 08:41:30.427 GMT-0500,116.86200000000001,116.49799999999999,0.002,0.002
19.03.2020 08:41:30.549 GMT-0500,116.852,116.49799999999999,0.0008,0.002
19.03.2020 08:41:30.650 GMT-0500,116.73200000000001,116.27799999999999,0.0008,0.0008
19.03.2020 08:41:30.701 GMT-0500,116.852,116.27799999999999,0.0008,0.0008
19.03.2020 08:41:30.947 GMT-0500,116.852,116.338,0.002,0.002
19.03.2020 08:41:31.408 GMT-0500,116.852,116.27799999999999,0.0008,0.0008
19.03.2020 08:41:31.693 GMT-0500,116.852,116.288,0.0008,0.0008
19.03.2020 08:41:32.693 GMT-0500,116.853,116.287,0.002,0.002
19.03.2020 08:41:32.794 GMT-0500,116.79200000000002,116.338,0.0008,0.0008
19.03.2020 08:41:33.810 GMT-0500,116.79299999999999,116.337,0.002,0.002
19.03.2020 08:41:33.922 GMT-0500,116.79299999999999,116.397,0.002,0.002
19.03.2020 08:41:34.806 GMT-0500,116.79200000000002,116.338,0.0008,0.0008
19.03.2020 08:41:35.251 GMT-0500,116.79200000000002,116.408,0.002,0.0008
19.03.2020 08:41:35.517 GMT-0500,116.79299999999999,116.337,0.002,0.002
19.03.2020 08:41:36.080 GMT-0500,116.693,116.337,0.0008,0.002
19.03.2020 08:41:36.313 GMT-0500,116.693,116.367,0.002,0.0008
19.03.2020 08:41:37.583 GMT-0500,116.69200000000001,116.408,0.0008,0.0008
19.03.2020 08:41:38.132 GMT-0500,116.69200000000001,116.368,0.0008,0.0008
19.03.2020 08:41:38.182 GMT-0500,116.68200000000002,116.368,0.0008,0.0008
19.03.2020 08:41:40.757 GMT-0500,116.62200000000001,116.368,0.0008,0.002
19.03.2020 08:41:41.911 GMT-0500,117.17200000000001,116.628,0.002,0.002
19.03.2020 08:41:42.022 GMT-0500,117.17200000000001,116.698,0.002,0.0008
19.03.2020 08:41:42.072 GMT-0500,117.18200000000002,116.628,0.002,0.002
19.03.2020 08:41:42.179 GMT-0500,116.992,116.628,0.0008,0.002
19.03.2020 08:41:42.623 GMT-0500,116.98299999999999,116.68700000000001,0.0008,0.0008
19.03.2020 08:41:43.344 GMT-0500,116.98200000000001,116.68799999999999,0.0008,0.0008
19.03.2020 08:41:47.593 GMT-0500,116.97200000000001,116.68799999999999,0.0008,0.0008
19.03.2020 08:41:49.660 GMT-0500,116.84200000000001,116.68799999999999,0.0008,0.0008
19.03.2020 08:41:49.711 GMT-0500,116.973,116.68700000000001,0.002,0.002
19.03.2020 08:41:50.052 GMT-0500,116.973,116.698,0.0008,0.0008
19.03.2020 08:41:50.103 GMT-0500,116.98200000000001,116.698,0.002,0.002
19.03.2020 08:41:50.154 GMT-0500,116.95299999999999,116.697,0.002,0.002
19.03.2020 08:41:52.824 GMT-0500,116.95200000000001,116.518,0.0008,0.0008
19.03.2020 08:41:52.876 GMT-0500,116.83200000000001,116.518,0.0008,0.0008
19.03.2020 08:41:53.306 GMT-0500,116.83200000000001,116.68799999999999,0.0008,0.0008
19.03.2020 08:41:53.357 GMT-0500,116.94200000000001,116.68799999999999,0.002,0.002
19.03.2020 08:41:55.834 GMT-0500,116.94200000000001,116.71799999999999,0.0008,0.0008
19.03.2020 08:41:55.884 GMT-0500,116.95200000000001,116.71799999999999,0.0008,0.0008
19.03.2020 08:41:58.378 GMT-0500,116.93299999999999,116.71700000000001,0.0008,0.002
19.03.2020 08:41:59.203 GMT-0500,116.73200000000001,116.71799999999999,0.0008,0.0008
19.03.2020 08:41:59.254 GMT-0500,116.95200000000001,116.628,0.0008,0.0008
19.03.2020 08:41:59.304 GMT-0500,116.79200000000002,116.68799999999999,0.002,0.002
19.03.2020 08:41:59.354 GMT-0500,116.852,116.68799999999999,0.002,0.002
19.03.2020 08:41:59.698 GMT-0500,116.84299999999999,116.68799999999999,0.0008,0.0008
19.03.2020 08:42:00.682 GMT-0500,116.86,116.698,0.0008,0.0008
19.03.2020 08:42:00.732 GMT-0500,117.212,116.698,0.0008,0.0008
19.03.2020 08:42:00.959 GMT-0500,116.93299999999999,116.697,0.0008,0.002
19.03.2020 08:42:01.060 GMT-0500,116.93299999999999,116.51700000000001,0.002,0.002
19.03.2020 08:42:02.891 GMT-0500,116.93200000000002,116.52799999999999,0.0008,0.0008
19.03.2020 08:42:02.942 GMT-0500,116.93200000000002,116.518,0.0008,0.0008
19.03.2020 08:42:03.196 GMT-0500,116.93299999999999,116.68700000000001,0.002,0.0008
19.03.2020 08:42:10.927 GMT-0500,116.93200000000002,116.68799999999999,0.0008,0.0008
19.03.2020 08:42:10.977 GMT-0500,116.943,116.68700000000001,0.002,0.002
19.03.2020 08:42:14.676 GMT-0500,116.94200000000001,116.68799999999999,0.0008,0.0008
19.03.2020 08:42:16.088 GMT-0500,116.94200000000001,116.698,0.002,0.0008
19.03.2020 08:42:16.265 GMT-0500,116.94200000000001,116.68799999999999,0.0008,0.0008
19.03.2020 08:42:16.392 GMT-0500,116.912,116.68799999999999,0.0008,0.002
19.03.2020 08:42:17.705 GMT-0500,116.912,116.698,0.0008,0.0008
19.03.2020 08:42:17.806 GMT-0500,116.90200000000002,116.68799999999999,0.002,0.002
19.03.2020 08:42:17.950 GMT-0500,116.94200000000001,116.80799999999999,0.0008,0.0008
19.03.2020 08:42:19.227 GMT-0500,116.93200000000002,116.80799999999999,0.0008,0.002
19.03.2020 08:42:22.388 GMT-0500,116.93200000000002,116.848,0.002,0.0008
19.03.2020 08:42:22.438 GMT-0500,116.93299999999999,116.80700000000002,0.002,0.002
19.03.2020 08:42:22.539 GMT-0500,116.93200000000002,116.80799999999999,0.0008,0.0008
19.03.2020 08:42:23.936 GMT-0500,116.92200000000001,116.80799999999999,0.0008,0.002
19.03.2020 08:42:24.468 GMT-0500,116.92200000000001,116.818,0.002,0.0008
19.03.2020 08:42:24.519 GMT-0500,116.93299999999999,116.81700000000001,0.002,0.002
19.03.2020 08:42:24.574 GMT-0500,116.93299999999999,116.867,0.002,0.0008
19.03.2020 08:42:24.625 GMT-0500,116.94200000000001,116.80799999999999,0.0008,0.0008
19.03.2020 08:42:24.747 GMT-0500,116.943,116.80700000000002,0.002,0.002
19.03.2020 08:42:24.798 GMT-0500,117.20200000000001,116.80799999999999,0.0008,0.0008
19.03.2020 08:42:25.107 GMT-0500,117.212,116.88700000000001,0.0008,0.0008
19.03.2020 08:42:25.158 GMT-0500,117.212,116.878,0.0008,0.0008
