Local time,Ask,Bid,AskVolume,BidVolume
20.03.2020 08:30:00.435 GMT-0500,118.65299999999999,117.678,0.0008,0.0008
20.03.2020 08:30:00.486 GMT-0500,118.253,117.677,0.002,0.002
20.03.2020 08:30:00.536 GMT-0500,118.553,117.677,0.002,0.002
20.03.2020 08:30:00.586 GMT-0500,118.552,118.05799999999999,0.0008,0.0008
20.03.2020 08:30:00.700 GMT-0500,118.552,117.678,0.0008,0.0008
20.03.2020 08:30:00.995 GMT-0500,118.553,117.677,0.002,0.002
20.03.2020 08:30:01.116 GMT-0500,118.552,117.462,0.0008,0.0008
20.03.2020 08:30:01.465 GMT-0500,118.45200000000001,118.128,0.0008,0.0008
20.03.2020 08:30:01.921 GMT-0500,118.132,117.99799999999999,0.002,0.002
20.03.2020 08:30:02.188 GMT-0500,118.45200000000001,118.098,0.002,0.002
20.03.2020 08:30:02.289 GMT-0500,118.45200000000001,117.99799999999999,0.002,0.002
20.03.2020 08:30:02.339 GMT-0500,118.26200000000001,117.99799999999999,0.0008,0.0008
20.03.2020 08:30:02.389 GMT-0500,118.45200000000001,117.99799999999999,0.0008,0.0008
20.03.2020 08:30:02.790 GMT-0500,118.45200000000001,118.038,0.002,0.0008
20.03.2020 08:30:02.984 GMT-0500,118.45200000000001,118.13799999999999,0.0008,0.0008
20.03.2020 08:30:03.034 GMT-0500,118.45299999999999,117.99700000000001,0.002,0.002
20.03.2020 08:30:04.446 GMT-0500,118.443,117.99700000000001,0.0008,0.002
20.03.2020 08:30:04.547 GMT-0500,118.44200000000001,117.85799999999999,0.0008,0.0008
20.03.2020 08:30:04.705 GMT-0500,118.443,117.85700000000001,0.0008,0.0008
20.03.2020 08:30:05.681 GMT-0500,118.45200000000001,117.848,0.002,0.002
20.03.2020 08:30:06.205 GMT-0500,118.45200000000001,118.037,0.0008,0.0008
20.03.2020 08:30:06.307 GMT-0500,118.44200000000001,118.038,0.0008,0.0008
20.03.2020 08:30:06.408 GMT-0500,118.31299999999999,118.037,0.002,0.002
20.03.2020 08:30:06.764 GMT-0500,118.31200000000001,118.038,0.0008,0.002
20.03.2020 08:30:06.814 GMT-0500,118.052,117.568,0.0008,0.0008
20.03.2020 08:30:06.865 GMT-0500,118.06200000000001,117.568,0.0008,0.0008
20.03.2020 08:30:07.024 GMT-0500,117.79299999999999,117.568,0.0008,0.0008
20.03.2020 08:30:07.075 GMT-0500,118.253,117.57700000000001,0.002,0.002
20.03.2020 08:30:08.171 GMT-0500,117.583,117.352,0.0008,0.0008
20.03.2020 08:30:08.222 GMT-0500,118.072,117.518,0.0008,0.0008
20.03.2020 08:30:08.438 GMT-0500,117.78200000000001,117.288,0.0008,0.0008
20.03.2020 08:30:10.356 GMT-0500,117.78200000000001,117.38799999999999,0.002,0.002
20.03.2020 08:30:11.420 GMT-0500,117.783,117.38700000000001,0.002,0.002
20.03.2020 08:30:12.403 GMT-0500,117.583,117.38700000000001,0.0008,0.002
20.03.2020 08:30:12.454 GMT-0500,117.48299999999999,117.02700000000002,0.002,0.002
20.03.2020 08:30:12.504 GMT-0500,117.242,116.99799999999999,0.0008,0.0008
20.03.2020 08:30:12.610 GMT-0500,117.36200000000001,116.80799999999999,0.0008,0.0008
20.03.2020 08:30:12.999 GMT-0500,117.36200000000001,116.818,0.0008,0.0008
20.03.2020 08:30:13.100 GMT-0500,117.01200000000001,116.818,0.002,0.002
20.03.2020 08:30:13.150 GMT-0500,116.943,116.41700000000002,0.002,0.002
20.03.2020 08:30:13.258 GMT-0500,116.94200000000001,116.618,0.002,0.002
20.03.2020 08:30:13.497 GMT-0500,116.882,116.618,0.0008,0.0008
20.03.2020 08:30:13.548 GMT-0500,116.94200000000001,116.428,0.0008,0.0008
20.03.2020 08:30:13.600 GMT-0500,116.943,116.41700000000002,0.002,0.002
20.03.2020 08:30:15.129 GMT-0500,116.943,116.49700000000001,0.002,0.0008
20.03.2020 08:30:15.477 GMT-0500,116.943,116.617,0.002,0.002
20.03.2020 08:30:17.021 GMT-0500,116.943,116.41700000000002,0.002,0.002
20.03.2020 08:30:17.435 GMT-0500,116.992,116.41799999999999,0.0008,0.0008
20.03.2020 08:30:18.706 GMT-0500,116.992,116.477,0.0008,0.0008
20.03.2020 08:30:19.065 GMT-0500,116.992,116.488,0.002,0.0008
20.03.2020 08:30:19.115 GMT-0500,116.992,116.478,0.0008,0.0008
20.03.2020 08:30:19.856 GMT-0500,116.993,116.617,0.002,0.0008
20.03.2020 08:30:22.140 GMT-0500,116.992,116.428,0.002,0.002
20.03.2020 08:30:22.253 GMT-0500,116.79200000000002,116.41799999999999,0.0008,0.0008
20.03.2020 08:30:22.972 GMT-0500,116.79299999999999,116.41700000000002,0.002,0.0008
20.03.2020 08:30:23.023 GMT-0500,116.79200000000002,116.30799999999999,0.0008,0.0008
20.03.2020 08:30:23.073 GMT-0500,116.79200000000002,116.318,0.002,0.002
20.03.2020 08:30:23.302 GMT-0500,116.79200000000002,116.30799999999999,0.0008,0.0008
20.03.2020 08:30:24.310 GMT-0500,116.79200000000002,116.37700000000001,0.0008,0.0008
20.03.2020 08:30:24.499 GMT-0500,116.79200000000002,116.378,0.002,0.0008
20.03.2020 08:30:24.550 GMT-0500,116.79200000000002,116.368,0.0008,0.0008
20.03.2020 08:30:25.250 GMT-0500,116.79200000000002,116.30799999999999,0.0008,0.0008
20.03.2020 08:30:25.365 GMT-0500,116.79200000000002,116.31700000000001,0.0008,0.0008
20.03.2020 08:30:25.680 GMT-0500,116.79200000000002,116.30799999999999,0.002,0.002
20.03.2020 08:30:26.071 GMT-0500,116.783,116.31700000000001,0.0008,0.0008
20.03.2020 08:30:26.121 GMT-0500,116.79299999999999,116.30700000000002,0.002,0.002
20.03.2020 08:30:26.260 GMT-0500,116.79200000000002,116.21799999999999,0.0008,0.0008
20.03.2020 08:30:27.522 GMT-0500,116.78200000000001,116.228,0.0008,0.0008
20.03.2020 08:30:27.708 GMT-0500,116.44200000000001,116.228,0.0008,0.002
20.03.2020 08:30:27.758 GMT-0500,116.602,116.178,0.002,0.002
20.03.2020 08:30:27.809 GMT-0500,116.602,116.408,0.0008,0.0008
20.03.2020 08:30:27.859 GMT-0500,116.602,116.178,0.0008,0.0008
20.03.2020 08:30:28.115 GMT-0500,116.59200000000001,116.178,0.0008,0.0008
20.03.2020 08:30:28.236 GMT-0500,116.59200000000001,116.18799999999999,0.002,0.0008
20.03.2020 08:30:28.392 GMT-0500,116.59299999999999,116.177,0.002,0.002
20.03.2020 08:30:28.821 GMT-0500,116.59299999999999,116.462,0.002,0.0008
20.03.2020 08:30:28.871 GMT-0500,116.79200000000002,116.488,0.002,0.002
20.03.2020 08:30:28.922 GMT-0500,116.84200000000001,116.30799999999999,0.002,0.002
20.03.2020 08:30:29.480 GMT-0500,116.84200000000001,116.318,0.002,0.0008
20.03.2020 08:30:38.323 GMT-0500,116.833,116.508,0.0008,0.0008
20.03.2020 08:30:38.899 GMT-0500,116.83200000000001,116.658,0.0008,0.0008
20.03.2020 08:30:38.949 GMT-0500,117.18299999999999,116.70700000000001,0.002,0.002
20.03.2020 08:30:39.050 GMT-0500,117.18299999999999,116.51700000000001,0.002,0.002
20.03.2020 08:30:40.763 GMT-0500,117.18299999999999,116.507,0.002,0.002
20.03.2020 08:30:45.787 GMT-0500,117.18200000000002,116.518,0.0008,0.0008
20.03.2020 08:30:48.482 GMT-0500,117.18200000000002,116.508,0.0008,0.0008
20.03.2020 08:30:50.151 GMT-0500,117.18200000000002,116.587,0.0008,0.0008
20.03.2020 08:30:50.333 GMT-0500,117.18299999999999,116.59700000000001,0.002,0.0008
20.03.2020 08:30:50.595 GMT-0500,117.18200000000002,116.588,0.0008,0.0008
20.03.2020 08:30:51.522 GMT-0500,117.18200000000002,116.59700000000001,0.0008,0.0008
20.03.2020 08:30:51.623 GMT-0500,117.18200000000002,116.588,0.002,0.002
20.03.2020 08:30:52.529 GMT-0500,117.18200000000002,116.518,0.0008,0.0008
20.03.2020 08:30:52.740 GMT-0500,117.18299999999999,116.52700000000002,0.002,0.0008
20.03.2020 08:30:52.791 GMT-0500,117.18299999999999,116.51700000000001,0.002,0.002
20.03.2020 08:30:53.211 GMT-0500,117.18200000000002,116.518,0.0008,0.0008
20.03.2020 08:30:54.056 GMT-0500,117.18200000000002,116.52799999999999,0.0008,0.0008
20.03.2020 08:30:54.442 GMT-0500,117.18200000000002,116.518,0.0008,0.0008
20.03.2020 08:30:54.698 GMT-0500,117.18200000000002,116.30799999999999,0.002,0.002
20.03.2020 08:30:55.098 GMT-0500,117.18200000000002,116.588,0.002,0.0008
20.03.2020 08:30:55.944 GMT-0500,117.18200000000002,116.598,0.002,0.002
20.03.2020 08:30:56.198 GMT-0500,117.18299999999999,116.587,0.002,0.002
20.03.2020 08:30:59.062 GMT-0500,117.18200000000002,116.598,0.0008,0.0008
20.03.2020 08:30:59.304 GMT-0500,117.18299999999999,116.59700000000001,0.002,0.0008
20.03.2020 08:30:59.354 GMT-0500,117.18200000000002,116.588,0.0008,0.0008
20.03.2020 08:31:00.876 GMT-0500,117.18200000000002,116.598,0.0008,0.0008
20.03.2020 08:31:00.976 GMT-0500,117.18200000000002,116.588,0.0008,0.0008
20.03.2020 08:31:01.977 GMT-0500,117.18200000000002,116.598,0.002,0.0008
20.03.2020 08:31:02.513 GMT-0500,117.18200000000002,116.588,0.002,0.002
20.03.2020 08:31:05.058 GMT-0500,117.18200000000002,116.598,0.0008,0.0008
20.03.2020 08:31:05.327 GMT-0500,117.18299999999999,116.587,0.002,0.002
20.03.2020 08:31:05.948 GMT-0500,117.18200000000002,116.587,0.0008,0.0008
20.03.2020 08:31:07.083 GMT-0500,117.18200000000002,116.318,0.0008,0.0008
20.03.2020 08:31:07.184 GMT-0500,117.36200000000001,116.52799999999999,0.002,0.002
20.03.2020 08:31:09.110 GMT-0500,117.083,116.52799999999999,0.0008,0.0008
20.03.2020 08:31:09.462 GMT-0500,116.993,116.52700000000002,0.002,0.002
20.03.2020 08:31:09.513 GMT-0500,117.17200000000001,116.57799999999999,0.0008,0.0008
20.03.2020 08:31:10.803 GMT-0500,117.162,116.588,0.0008,0.0008
20.03.2020 08:31:10.903 GMT-0500,117.17200000000001,116.57799999999999,0.0008,0.0008
20.03.2020 08:31:11.624 GMT-0500,117.162,116.588,0.0008,0.0008
20.03.2020 08:31:12.202 GMT-0500,117.17200000000001,116.57799999999999,0.0008,0.0008
20.03.2020 08:31:13.734 GMT-0500,117.163,116.587,0.0008,0.0008
20.03.2020 08:31:13.835 GMT-0500,117.17200000000001,116.57799999999999,0.002,0.002
20.03.2020 08:31:15.508 GMT-0500,117.003,116.57799999999999,0.0008,0.0008
20.03.2020 08:31:15.558 GMT-0500,116.833,116.32700000000001,0.002,0.002
20.03.2020 08:31:15.609 GMT-0500,116.83200000000001,116.30799999999999,0.002,0.002
20.03.2020 08:31:16.542 GMT-0500,116.83200000000001,116.318,0.002,0.002
20.03.2020 08:31:20.246 GMT-0500,116.83200000000001,116.38700000000001,0.0008,0.0008
20.03.2020 08:31:20.992 GMT-0500,116.83200000000001,116.397,0.0008,0.0008
20.03.2020 08:31:21.092 GMT-0500,116.83200000000001,116.38799999999999,0.0008,0.0008
20.03.2020 08:31:22.127 GMT-0500,116.83200000000001,116.538,0.0008,0.0008
20.03.2020 08:31:25.565 GMT-0500,116.72200000000001,116.538,0.0008,0.002
20.03.2020 08:31:26.497 GMT-0500,116.70299999999999,116.538,0.0008,0.0008
20.03.2020 08:31:26.617 GMT-0500,117.00200000000001,116.538,0.0008,0.0008
20.03.2020 08:31:27.027 GMT-0500,116.993,116.538,0.0008,0.0008
20.03.2020 08:31:27.221 GMT-0500,117.00200000000001,116.538,0.0008,0.0008
20.03.2020 08:31:27.557 GMT-0500,117.00200000000001,116.55700000000002,0.0008,0.0008
20.03.2020 08:31:29.497 GMT-0500,116.83200000000001,116.55799999999999,0.0008,0.002
20.03.2020 08:31:32.459 GMT-0500,116.833,116.427,0.002,0.002
20.03.2020 08:31:32.585 GMT-0500,116.83200000000001,116.32799999999999,0.0008,0.0008
20.03.2020 08:31:32.713 GMT-0500,116.83200000000001,116.337,0.0008,0.0008
20.03.2020 08:31:32.921 GMT-0500,116.83200000000001,116.338,0.0008,0.0008
20.03.2020 08:31:34.966 GMT-0500,116.83200000000001,116.60700000000001,0.0008,0.0008
20.03.2020 08:31:35.067 GMT-0500,117.36200000000001,116.758,0.0008,0.0008
20.03.2020 08:31:35.118 GMT-0500,117.36200000000001,116.618,0.002,0.002
20.03.2020 08:31:37.628 GMT-0500,117.363,116.617,0.002,0.0008
20.03.2020 08:31:37.867 GMT-0500,117.36200000000001,116.60799999999999,0.0008,0.0008
20.03.2020 08:31:37.917 GMT-0500,117.36200000000001,116.618,0.0008,0.0008
20.03.2020 08:31:39.730 GMT-0500,117.36200000000001,116.62700000000001,0.0008,0.0008
20.03.2020 08:31:39.889 GMT-0500,117.36200000000001,116.628,0.0008,0.0008
20.03.2020 08:31:39.939 GMT-0500,117.363,116.617,0.002,0.002
20.03.2020 08:31:40.741 GMT-0500,117.363,116.77700000000002,0.0008,0.0008
20.03.2020 08:31:40.792 GMT-0500,117.68200000000002,116.77799999999999,0.0008,0.0008
20.03.2020 08:31:41.734 GMT-0500,117.673,116.787,0.0008,0.0008
20.03.2020 08:31:41.835 GMT-0500,117.51200000000001,116.77799999999999,0.0008,0.0008
20.03.2020 08:31:43.584 GMT-0500,117.50200000000001,116.788,0.0008,0.0008
20.03.2020 08:31:43.635 GMT-0500,117.51200000000001,116.788,0.002,0.002
20.03.2020 08:31:45.230 GMT-0500,117.50200000000001,116.96799999999999,0.0008,0.0008
20.03.2020 08:31:45.330 GMT-0500,117.51200000000001,116.96799999999999,0.0008,0.0008
20.03.2020 08:31:46.249 GMT-0500,117.51299999999999,116.96700000000001,0.002,0.0008
20.03.2020 08:31:46.300 GMT-0500,117.51299999999999,116.947,0.002,0.002
20.03.2020 08:31:47.600 GMT-0500,117.51299999999999,116.948,0.0008,0.0008
20.03.2020 08:31:47.651 GMT-0500,117.68200000000002,116.948,0.002,0.002
20.03.2020 08:31:48.189 GMT-0500,117.50200000000001,116.948,0.0008,0.002
20.03.2020 08:31:48.530 GMT-0500,117.50200000000001,116.95700000000001,0.0008,0.0008
20.03.2020 08:31:48.661 GMT-0500,117.50200000000001,116.958,0.0008,0.0008
20.03.2020 08:31:48.711 GMT-0500,117.50200000000001,116.948,0.0008,0.0008
20.03.2020 08:31:50.255 GMT-0500,117.503,116.95700000000001,0.002,0.0008
20.03.2020 08:31:50.355 GMT-0500,117.503,116.947,0.002,0.002
20.03.2020 08:31:51.732 GMT-0500,117.503,116.95700000000001,0.002,0.002
20.03.2020 08:31:51.879 GMT-0500,117.503,116.947,0.002,0.002
20.03.2020 08:31:54.488 GMT-0500,117.50200000000001,117.16799999999999,0.0008,0.0008
20.03.2020 08:31:56.592 GMT-0500,117.18299999999999,116.77700000000002,0.002,0.002
20.03.2020 08:31:57.620 GMT-0500,117.18200000000002,116.77799999999999,0.0008,0.0008
20.03.2020 08:31:58.215 GMT-0500,117.18200000000002,116.788,0.0008,0.0008
20.03.2020 08:31:58.469 GMT-0500,117.18200000000002,116.77799999999999,0.002,0.002
20.03.2020 08:31:59.358 GMT-0500,117.18200000000002,116.788,0.002,0.0008
20.03.2020 08:31:59.570 GMT-0500,117.18200000000002,116.77799999999999,0.0008,0.0008
20.03.2020 08:32:00.296 GMT-0500,117.18299999999999,116.787,0.002,0.0008
20.03.2020 08:32:00.568 GMT-0500,117.18200000000002,116.788,0.0008,0.0008
20.03.2020 08:32:00.619 GMT-0500,117.18299999999999,116.77700000000002,0.002,0.002
20.03.2020 08:32:00.723 GMT-0500,117.08200000000001,116.77799999999999,0.0008,0.0008
20.03.2020 08:32:00.823 GMT-0500,117.08200000000001,116.66799999999999,0.002,0.002
20.03.2020 08:32:00.986 GMT-0500,117.08200000000001,116.60799999999999,0.002,0.002
20.03.2020 08:32:03.017 GMT-0500,117.33200000000001,116.60799999999999,0.0008,0.0008
20.03.2020 08:32:04.665 GMT-0500,117.323,116.617,0.0008,0.0008
20.03.2020 08:32:04.837 GMT-0500,117.333,116.60700000000001,0.002,0.002
20.03.2020 08:32:05.128 GMT-0500,117.33200000000001,116.80799999999999,0.0008,0.0008
20.03.2020 08:32:05.555 GMT-0500,117.113,116.93700000000001,0.0008,0.0008
20.03.2020 08:32:05.605 GMT-0500,117.08200000000001,116.80799999999999,0.0008,0.0008
20.03.2020 08:32:06.215 GMT-0500,117.08200000000001,116.71799999999999,0.0008,0.0008
20.03.2020 08:32:06.558 GMT-0500,117.083,116.837,0.0008,0.0008
20.03.2020 08:32:06.609 GMT-0500,117.28200000000001,116.838,0.0008,0.0008
20.03.2020 08:32:06.869 GMT-0500,117.29200000000002,116.838,0.002,0.002
20.03.2020 08:32:08.933 GMT-0500,117.283,116.838,0.0008,0.0008
20.03.2020 08:32:09.034 GMT-0500,117.29200000000002,116.838,0.002,0.002
20.03.2020 08:32:09.851 GMT-0500,117.29200000000002,116.848,0.0008,0.0008
20.03.2020 08:32:10.167 GMT-0500,117.28200000000001,116.848,0.0008,0.002
20.03.2020 08:32:10.538 GMT-0500,117.29200000000002,116.898,0.0008,0.0008
20.03.2020 08:32:10.589 GMT-0500,117.462,116.908,0.0008,0.0008
20.03.2020 08:32:11.216 GMT-0500,117.45200000000001,116.908,0.0008,0.002
20.03.2020 08:32:11.267 GMT-0500,117.462,116.908,0.002,0.002
20.03.2020 08:32:11.600 GMT-0500,117.462,116.848,0.002,0.002
20.03.2020 08:32:12.199 GMT-0500,117.45200000000001,116.85799999999999,0.002,0.002
20.03.2020 08:32:12.266 GMT-0500,117.463,116.84700000000001,0.002,0.002
20.03.2020 08:32:13.241 GMT-0500,117.462,116.978,0.0008,0.0008
20.03.2020 08:32:13.554 GMT-0500,117.45299999999999,116.977,0.0008,0.002
20.03.2020 08:32:13.731 GMT-0500,117.45200000000001,116.978,0.0008,0.002
20.03.2020 08:32:13.782 GMT-0500,117.462,116.978,0.0008,0.0008
20.03.2020 08:32:15.317 GMT-0500,117.462,116.848,0.0008,0.0008
20.03.2020 08:32:16.121 GMT-0500,117.45299999999999,116.85700000000001,0.0008,0.0008
20.03.2020 08:32:16.266 GMT-0500,117.382,116.85700000000001,0.0008,0.0008
20.03.2020 08:32:16.317 GMT-0500,117.382,116.848,0.0008,0.0008
20.03.2020 08:32:16.971 GMT-0500,117.45299999999999,116.85700000000001,0.0008,0.0008
20.03.2020 08:32:17.022 GMT-0500,117.463,116.84700000000001,0.002,0.002
20.03.2020 08:32:17.529 GMT-0500,117.462,116.85799999999999,0.0008,0.0008
20.03.2020 08:32:17.647 GMT-0500,117.19200000000001,117.13799999999999,0.0008,0.0008
20.03.2020 08:32:17.698 GMT-0500,117.462,117.148,0.002,0.002
20.03.2020 08:32:17.749 GMT-0500,117.462,116.85799999999999,0.002,0.002
20.03.2020 08:32:18.200 GMT-0500,117.462,116.868,0.002,0.0008
20.03.2020 08:32:18.251 GMT-0500,117.462,116.85799999999999,0.0008,0.0008
20.03.2020 08:32:18.601 GMT-0500,117.462,116.848,0.002,0.002
20.03.2020 08:32:18.651 GMT-0500,117.412,116.848,0.002,0.002
20.03.2020 08:32:19.094 GMT-0500,117.412,116.99799999999999,0.002,0.0008
20.03.2020 08:32:22.368 GMT-0500,117.412,117.15700000000001,0.0008,0.0008
20.03.2020 08:32:22.418 GMT-0500,117.68200000000002,117.158,0.0008,0.0008
20.03.2020 08:32:22.468 GMT-0500,117.67200000000001,117.158,0.0008,0.0008
20.03.2020 08:32:23.138 GMT-0500,117.68200000000002,117.158,0.0008,0.0008
20.03.2020 08:32:25.001 GMT-0500,117.56299999999999,117.16700000000002,0.0008,0.0008
20.03.2020 08:32:25.051 GMT-0500,117.68299999999999,117.15700000000001,0.002,0.002
20.03.2020 08:32:27.953 GMT-0500,117.673,117.15700000000001,0.002,0.002
20.03.2020 08:32:28.279 GMT-0500,117.67200000000001,117.158,0.002,0.002
20.03.2020 08:32:28.526 GMT-0500,117.68299999999999,117.15700000000001,0.002,0.002
20.03.2020 08:32:31.249 GMT-0500,117.67200000000001,117.158,0.0008,0.0008
20.03.2020 08:32:32.690 GMT-0500,117.673,117.15700000000001,0.002,0.002
20.03.2020 08:32:45.132 GMT-0500,117.522,117.15700000000001,0.0008,0.0008
20.03.2020 08:32:45.182 GMT-0500,117.522,117.02799999999999,0.0008,0.0008
20.03.2020 08:32:47.607 GMT-0500,117.48200000000001,117.02799999999999,0.0008,0.002
20.03.2020 08:32:52.870 GMT-0500,117.48200000000001,116.99799999999999,0.0008,0.0008
20.03.2020 08:32:55.071 GMT-0500,117.462,117.038,0.0008,0.0008
20.03.2020 08:32:57.734 GMT-0500,117.45299999999999,117.038,0.0008,0.0008
20.03.2020 08:33:00.969 GMT-0500,117.45200000000001,116.99799999999999,0.002,0.002
20.03.2020 08:33:06.069 GMT-0500,117.45200000000001,116.848,0.002,0.002
20.03.2020 08:33:07.536 GMT-0500,117.23299999999999,116.84700000000001,0.002,0.002
20.03.2020 08:33:07.587 GMT-0500,117.352,116.85799999999999,0.0008,0.0008
20.03.2020 08:33:09.185 GMT-0500,117.173,116.77700000000002,0.0008,0.0008
20.03.2020 08:33:09.510 GMT-0500,117.173,116.76700000000001,0.002,0.002
20.03.2020 08:33:09.561 GMT-0500,117.36200000000001,116.928,0.002,0.002
20.03.2020 08:33:12.538 GMT-0500,117.173,116.927,0.0008,0.0008
20.03.2020 08:33:12.589 GMT-0500,117.17200000000001,116.768,0.0008,0.0008
20.03.2020 08:33:12.639 GMT-0500,117.06299999999999,116.76700000000001,0.002,0.002
20.03.2020 08:33:12.689 GMT-0500,117.17200000000001,116.768,0.002,0.002
20.03.2020 08:33:13.827 GMT-0500,117.133,116.768,0.0008,0.0008
20.03.2020 08:33:18.464 GMT-0500,117.132,116.77799999999999,0.0008,0.0008
20.03.2020 08:33:18.589 GMT-0500,117.09200000000001,116.77799999999999,0.002,0.0008
20.03.2020 08:33:18.639 GMT-0500,117.09200000000001,116.768,0.002,0.002
20.03.2020 08:33:18.808 GMT-0500,117.09200000000001,116.898,0.002,0.0008
20.03.2020 08:33:20.116 GMT-0500,117.08200000000001,116.898,0.0008,0.002
20.03.2020 08:33:20.972 GMT-0500,117.08200000000001,116.77799999999999,0.002,0.002
20.03.2020 08:33:21.421 GMT-0500,117.08200000000001,116.60799999999999,0.002,0.002
20.03.2020 08:33:22.416 GMT-0500,117.072,116.618,0.0008,0.0008
20.03.2020 08:33:22.466 GMT-0500,117.083,116.60700000000001,0.002,0.002
20.03.2020 08:33:23.200 GMT-0500,117.073,116.88700000000001,0.002,0.002
20.03.2020 08:33:23.250 GMT-0500,117.36200000000001,116.99799999999999,0.002,0.002
20.03.2020 08:33:24.918 GMT-0500,117.363,116.81700000000001,0.002,0.002
20.03.2020 08:33:25.560 GMT-0500,117.36200000000001,116.81700000000001,0.0008,0.0008
20.03.2020 08:33:25.611 GMT-0500,117.36200000000001,116.80799999999999,0.002,0.002
20.03.2020 08:33:26.662 GMT-0500,117.34299999999999,116.80799999999999,0.0008,0.0008
20.03.2020 08:33:26.786 GMT-0500,117.34200000000001,116.818,0.002,0.0008
20.03.2020 08:33:26.958 GMT-0500,117.363,116.76700000000001,0.002,0.002
20.03.2020 08:33:27.072 GMT-0500,117.36200000000001,116.768,0.0008,0.0008
20.03.2020 08:33:27.737 GMT-0500,117.36200000000001,116.77799999999999,0.002,0.002
20.03.2020 08:33:30.135 GMT-0500,117.36200000000001,116.978,0.002,0.002
20.03.2020 08:33:30.981 GMT-0500,117.303,116.978,0.0008,0.0008
20.03.2020 08:33:33.558 GMT-0500,117.303,117.01700000000001,0.002,0.002
20.03.2020 08:33:38.267 GMT-0500,117.302,117.018,0.0008,0.0008
20.03.2020 08:33:40.956 GMT-0500,117.302,117.008,0.0008,0.0008
20.03.2020 08:33:41.780 GMT-0500,117.302,117.02799999999999,0.002,0.0008
20.03.2020 08:33:43.664 GMT-0500,117.303,117.02700000000002,0.002,0.002
20.03.2020 08:33:45.736 GMT-0500,117.302,117.037,0.0008,0.0008
20.03.2020 08:33:48.155 GMT-0500,117.303,117.037,0.002,0.0008
20.03.2020 08:33:48.207 GMT-0500,117.302,116.988,0.002,0.002
20.03.2020 08:33:48.455 GMT-0500,117.302,116.978,0.002,0.002
20.03.2020 08:33:49.447 GMT-0500,117.302,117.007,0.0008,0.0008
20.03.2020 08:33:49.670 GMT-0500,117.302,117.16700000000002,0.0008,0.0008
20.03.2020 08:33:49.720 GMT-0500,117.68200000000002,117.338,0.0008,0.0008
20.03.2020 08:33:49.870 GMT-0500,117.632,117.338,0.0008,0.0008
20.03.2020 08:33:49.920 GMT-0500,117.632,117.30799999999999,0.0008,0.0008
20.03.2020 08:33:51.245 GMT-0500,117.633,117.30700000000002,0.002,0.0008
20.03.2020 08:33:51.552 GMT-0500,117.632,117.16799999999999,0.0008,0.0008
20.03.2020 08:33:52.283 GMT-0500,117.51299999999999,117.177,0.0008,0.0008
20.03.2020 08:33:52.334 GMT-0500,117.522,117.178,0.0008,0.0008
20.03.2020 08:33:52.439 GMT-0500,117.522,117.18700000000001,0.0008,0.0008
20.03.2020 08:33:52.490 GMT-0500,117.68299999999999,117.18700000000001,0.002,0.002
20.03.2020 08:33:52.819 GMT-0500,117.68299999999999,117.287,0.002,0.002
20.03.2020 08:33:52.948 GMT-0500,117.68200000000002,117.18799999999999,0.0008,0.0008
20.03.2020 08:33:52.998 GMT-0500,117.673,117.18700000000001,0.002,0.002
20.03.2020 08:33:58.198 GMT-0500,117.67200000000001,117.18799999999999,0.0008,0.0008
20.03.2020 08:33:58.298 GMT-0500,117.68200000000002,117.18799999999999,0.002,0.002
20.03.2020 08:34:04.529 GMT-0500,117.463,117.18799999999999,0.0008,0.0008
20.03.2020 08:34:04.579 GMT-0500,117.463,116.977,0.002,0.002
20.03.2020 08:34:04.703 GMT-0500,117.28200000000001,116.978,0.0008,0.0008
20.03.2020 08:34:06.203 GMT-0500,117.283,117.01700000000001,0.002,0.0008
20.03.2020 08:34:09.705 GMT-0500,117.31299999999999,117.26700000000001,0.0008,0.0008
20.03.2020 08:34:09.756 GMT-0500,117.522,117.27799999999999,0.0008,0.0008
20.03.2020 08:34:09.858 GMT-0500,117.68299999999999,117.27700000000002,0.0008,0.002
20.03.2020 08:34:11.866 GMT-0500,117.962,117.27799999999999,0.002,0.002
20.03.2020 08:34:12.621 GMT-0500,117.962,117.27700000000002,0.0008,0.0008
20.03.2020 08:34:12.672 GMT-0500,117.962,117.018,0.002,0.002
20.03.2020 08:34:13.389 GMT-0500,117.962,117.02799999999999,0.0008,0.0008
20.03.2020 08:34:13.533 GMT-0500,117.962,117.018,0.002,0.002
20.03.2020 08:34:14.878 GMT-0500,117.962,117.02799999999999,0.0008,0.0008
20.03.2020 08:34:15.016 GMT-0500,117.962,117.13799999999999,0.0008,0.0008
20.03.2020 08:34:28.014 GMT-0500,117.963,117.13700000000001,0.002,0.002
20.03.2020 08:34:30.053 GMT-0500,117.65200000000002,117.13799999999999,0.0008,0.0008
20.03.2020 08:34:30.926 GMT-0500,117.65200000000002,117.16799999999999,0.0008,0.0008
20.03.2020 08:34:31.157 GMT-0500,117.76200000000001,117.16799999999999,0.0008,0.0008
20.03.2020 08:34:31.227 GMT-0500,117.753,117.16799999999999,0.0008,0.0008
20.03.2020 08:34:34.517 GMT-0500,117.64200000000001,117.16799999999999,0.0008,0.0008
20.03.2020 08:34:34.568 GMT-0500,117.76200000000001,117.16799999999999,0.0008,0.0008
20.03.2020 08:34:35.292 GMT-0500,117.81299999999999,117.16700000000002,0.002,0.002
20.03.2020 08:34:36.891 GMT-0500,117.802,117.16799999999999,0.0008,0.0008
20.03.2020 08:34:37.073 GMT-0500,117.81299999999999,117.16700000000002,0.002,0.002
20.03.2020 08:34:38.016 GMT-0500,117.803,117.16700000000002,0.0008,0.002
20.03.2020 08:34:38.116 GMT-0500,117.81200000000001,117.16799999999999,0.0008,0.0008
20.03.2020 08:34:39.152 GMT-0500,117.803,117.16799999999999,0.0008,0.0008
20.03.2020 08:34:39.461 GMT-0500,117.803,117.16700000000002,0.0008,0.002
20.03.2020 08:34:39.511 GMT-0500,117.81200000000001,117.16799999999999,0.0008,0.0008
20.03.2020 08:34:40.060 GMT-0500,117.61200000000001,117.16799999999999,0.0008,0.0008
20.03.2020 08:34:45.551 GMT-0500,117.61200000000001,117.13799999999999,0.002,0.002
20.03.2020 08:34:45.633 GMT-0500,117.413,117.13799999999999,0.0008,0.0008
20.03.2020 08:34:45.683 GMT-0500,117.42200000000001,117.13799999999999,0.0008,0.0008
20.03.2020 08:34:52.908 GMT-0500,117.283,117.13700000000001,0.0008,0.0008
20.03.2020 08:34:52.959 GMT-0500,117.31200000000001,117.148,0.002,0.002
20.03.2020 08:34:53.076 GMT-0500,117.31299999999999,117.147,0.002,0.002
20.03.2020 08:34:53.280 GMT-0500,117.462,117.128,0.0008,0.0008
20.03.2020 08:34:56.065 GMT-0500,117.45299999999999,117.12700000000001,0.0008,0.002
20.03.2020 08:34:56.115 GMT-0500,117.463,117.12700000000001,0.002,0.002
20.03.2020 08:34:56.247 GMT-0500,117.463,117.128,0.0008,0.0008
20.03.2020 08:34:58.125 GMT-0500,117.61200000000001,117.128,0.002,0.002
20.03.2020 08:34:59.983 GMT-0500,117.61200000000001,117.197,0.0008,0.0008
20.03.2020 08:35:00.222 GMT-0500,117.353,117.197,0.0008,0.002
20.03.2020 08:35:00.272 GMT-0500,117.602,117.208,0.002,0.002
20.03.2020 08:35:00.378 GMT-0500,117.463,117.208,0.0008,0.0008
20.03.2020 08:35:00.812 GMT-0500,117.26200000000001,117.208,0.0008,0.0008
20.03.2020 08:35:00.863 GMT-0500,117.26200000000001,117.048,0.0008,0.0008
20.03.2020 08:35:00.969 GMT-0500,117.462,117.04700000000001,0.0008,0.0008
20.03.2020 08:35:01.020 GMT-0500,117.462,117.018,0.0008,0.0008
20.03.2020 08:35:01.223 GMT-0500,117.45299999999999,117.01700000000001,0.0008,0.002
20.03.2020 08:35:01.415 GMT-0500,117.462,117.018,0.0008,0.0008
20.03.2020 08:35:01.812 GMT-0500,117.29299999999999,117.018,0.0008,0.0008
20.03.2020 08:35:02.535 GMT-0500,117.29299999999999,117.02700000000002,0.0008,0.0008
20.03.2020 08:35:02.586 GMT-0500,117.45299999999999,117.02700000000002,0.002,0.002
20.03.2020 08:35:02.709 GMT-0500,117.462,117.018,0.0008,0.0008
20.03.2020 08:35:04.348 GMT-0500,117.29200000000002,117.018,0.0008,0.0008
20.03.2020 08:35:05.074 GMT-0500,117.462,117.018,0.0008,0.0008
20.03.2020 08:35:06.159 GMT-0500,117.45200000000001,117.02799999999999,0.0008,0.0008
20.03.2020 08:35:06.470 GMT-0500,117.463,117.01700000000001,0.002,0.002
20.03.2020 08:35:07.910 GMT-0500,117.45200000000001,117.208,0.0008,0.0008
20.03.2020 08:35:07.960 GMT-0500,117.61200000000001,117.238,0.002,0.002
20.03.2020 08:35:08.011 GMT-0500,117.61200000000001,117.178,0.002,0.002
20.03.2020 08:35:08.958 GMT-0500,117.61200000000001,117.287,0.0008,0.0008
20.03.2020 08:35:09.008 GMT-0500,117.61200000000001,117.178,0.0008,0.0008
20.03.2020 08:35:09.188 GMT-0500,117.613,117.177,0.002,0.002
20.03.2020 08:35:09.484 GMT-0500,117.61200000000001,117.178,0.0008,0.0008
20.03.2020 08:35:10.549 GMT-0500,117.613,117.177,0.0008,0.002
20.03.2020 08:35:10.600 GMT-0500,117.712,117.178,0.0008,0.0008
20.03.2020 08:35:11.356 GMT-0500,117.70299999999999,117.178,0.0008,0.0008
20.03.2020 08:35:14.439 GMT-0500,117.61200000000001,117.32799999999999,0.002,0.0008
20.03.2020 08:35:17.710 GMT-0500,117.473,117.32799999999999,0.0008,0.0008
20.03.2020 08:35:17.761 GMT-0500,117.462,117.018,0.002,0.002
20.03.2020 08:35:18.732 GMT-0500,117.462,117.02700000000002,0.0008,0.0008
20.03.2020 08:35:19.074 GMT-0500,117.462,117.018,0.0008,0.0008
20.03.2020 08:35:19.894 GMT-0500,117.462,117.02700000000002,0.0008,0.0008
20.03.2020 08:35:20.124 GMT-0500,117.463,117.02700000000002,0.002,0.0008
20.03.2020 08:35:20.174 GMT-0500,117.463,117.01700000000001,0.002,0.002
20.03.2020 08:35:20.641 GMT-0500,117.463,117.02700000000002,0.002,0.0008
20.03.2020 08:35:20.768 GMT-0500,117.462,117.018,0.0008,0.0008
20.03.2020 08:35:22.335 GMT-0500,117.462,117.02799999999999,0.0008,0.0008
20.03.2020 08:35:22.476 GMT-0500,117.462,117.038,0.002,0.002
20.03.2020 08:35:23.170 GMT-0500,117.462,117.04700000000001,0.0008,0.0008
20.03.2020 08:35:23.270 GMT-0500,117.462,117.038,0.0008,0.0008
20.03.2020 08:35:24.055 GMT-0500,117.462,117.048,0.0008,0.0008
20.03.2020 08:35:24.162 GMT-0500,117.463,117.04700000000001,0.002,0.0008
20.03.2020 08:35:24.213 GMT-0500,117.462,117.038,0.0008,0.0008
20.03.2020 08:35:24.957 GMT-0500,117.462,117.048,0.002,0.0008
20.03.2020 08:35:25.237 GMT-0500,117.462,117.038,0.0008,0.0008
20.03.2020 08:35:25.764 GMT-0500,117.463,117.037,0.002,0.0008
20.03.2020 08:35:25.815 GMT-0500,117.462,117.018,0.0008,0.0008
20.03.2020 08:35:26.374 GMT-0500,117.462,117.06700000000001,0.0008,0.0008
20.03.2020 08:35:26.623 GMT-0500,117.462,117.208,0.0008,0.0008
20.03.2020 08:35:28.804 GMT-0500,117.463,117.20700000000001,0.0008,0.002
20.03.2020 08:35:28.854 GMT-0500,117.61200000000001,117.208,0.0008,0.0008
20.03.2020 08:35:29.142 GMT-0500,117.603,117.208,0.0008,0.0008
20.03.2020 08:35:29.192 GMT-0500,117.61200000000001,117.208,0.0008,0.0008
20.03.2020 08:35:30.803 GMT-0500,117.603,117.208,0.0008,0.0008
20.03.2020 08:35:30.971 GMT-0500,117.603,117.31700000000001,0.002,0.0008
20.03.2020 08:35:31.022 GMT-0500,117.712,117.208,0.0008,0.0008
20.03.2020 08:35:31.348 GMT-0500,117.81200000000001,117.208,0.002,0.002
20.03.2020 08:35:31.826 GMT-0500,117.803,117.208,0.0008,0.0008
20.03.2020 08:35:31.970 GMT-0500,117.803,117.20700000000001,0.0008,0.002
20.03.2020 08:35:32.020 GMT-0500,117.81299999999999,117.20700000000001,0.002,0.002
20.03.2020 08:35:36.253 GMT-0500,117.802,117.208,0.0008,0.0008
20.03.2020 08:35:36.513 GMT-0500,117.803,117.208,0.0008,0.0008
20.03.2020 08:35:36.563 GMT-0500,117.81200000000001,117.208,0.002,0.002
20.03.2020 08:35:40.479 GMT-0500,117.803,117.208,0.0008,0.0008
20.03.2020 08:35:40.784 GMT-0500,117.81200000000001,117.208,0.0008,0.0008
20.03.2020 08:35:42.311 GMT-0500,117.803,117.20700000000001,0.0008,0.002
20.03.2020 08:35:42.463 GMT-0500,117.802,117.208,0.0008,0.0008
20.03.2020 08:35:42.513 GMT-0500,117.81299999999999,117.20700000000001,0.002,0.002
20.03.2020 08:35:43.363 GMT-0500,117.802,117.208,0.0008,0.0008
20.03.2020 08:35:43.561 GMT-0500,117.81299999999999,117.20700000000001,0.002,0.002
20.03.2020 08:35:45.267 GMT-0500,117.802,117.208,0.0008,0.0008
20.03.2020 08:35:45.611 GMT-0500,117.81299999999999,117.20700000000001,0.002,0.002
20.03.2020 08:35:47.456 GMT-0500,117.802,117.208,0.0008,0.0008
20.03.2020 08:35:47.557 GMT-0500,117.81299999999999,117.20700000000001,0.002,0.002
20.03.2020 08:35:48.322 GMT-0500,117.802,117.208,0.0008,0.0008
20.03.2020 08:35:48.424 GMT-0500,117.81200000000001,117.208,0.0008,0.0008
20.03.2020 08:35:49.056 GMT-0500,117.583,117.208,0.0008,0.0008
20.03.2020 08:35:58.199 GMT-0500,117.583,117.20700000000001,0.002,0.0008
20.03.2020 08:36:00.907 GMT-0500,117.58200000000001,117.21799999999999,0.002,0.0008
20.03.2020 08:36:00.958 GMT-0500,117.42200000000001,117.02799999999999,0.002,0.002
20.03.2020 08:36:01.097 GMT-0500,117.42200000000001,117.018,0.002,0.002
20.03.2020 08:36:01.468 GMT-0500,117.42200000000001,117.208,0.002,0.0008
20.03.2020 08:36:01.861 GMT-0500,117.42200000000001,117.238,0.002,0.0008
20.03.2020 08:36:01.911 GMT-0500,117.42200000000001,117.208,0.0008,0.0008
20.03.2020 08:36:02.351 GMT-0500,117.423,117.227,0.0008,0.0008
20.03.2020 08:36:02.401 GMT-0500,117.58200000000001,117.228,0.0008,0.0008
20.03.2020 08:36:02.609 GMT-0500,117.802,117.228,0.0008,0.0008
20.03.2020 08:36:02.817 GMT-0500,117.81299999999999,117.227,0.002,0.002
20.03.2020 08:36:03.324 GMT-0500,117.802,117.228,0.0008,0.0008
20.03.2020 08:36:03.471 GMT-0500,117.61200000000001,117.228,0.0008,0.0008
20.03.2020 08:36:07.747 GMT-0500,117.23200000000001,117.208,0.0008,0.0008
20.03.2020 08:36:07.797 GMT-0500,117.47200000000001,117.208,0.0008,0.0008
20.03.2020 08:36:11.645 GMT-0500,117.47200000000001,117.27799999999999,0.0008,0.0008
20.03.2020 08:36:12.612 GMT-0500,117.47200000000001,117.198,0.0008,0.0008
20.03.2020 08:36:13.717 GMT-0500,117.33200000000001,117.198,0.002,0.002
20.03.2020 08:36:13.767 GMT-0500,117.473,117.197,0.002,0.002
20.03.2020 08:36:21.057 GMT-0500,117.29200000000002,117.197,0.0008,0.0008
20.03.2020 08:36:21.107 GMT-0500,117.322,116.978,0.0008,0.0008
20.03.2020 08:36:21.258 GMT-0500,117.322,116.958,0.0008,0.0008
20.03.2020 08:36:23.801 GMT-0500,117.113,116.958,0.0008,0.0008
20.03.2020 08:36:23.851 GMT-0500,117.18200000000002,116.96799999999999,0.002,0.002
20.03.2020 08:36:24.706 GMT-0500,117.103,116.96799999999999,0.0008,0.0008
20.03.2020 08:36:24.757 GMT-0500,117.18200000000002,116.768,0.0008,0.0008
20.03.2020 08:36:25.043 GMT-0500,117.18299999999999,116.76700000000001,0.002,0.002
20.03.2020 08:36:25.236 GMT-0500,117.18200000000002,116.76700000000001,0.0008,0.0008
20.03.2020 08:36:25.336 GMT-0500,117.18200000000002,116.628,0.0008,0.0008
20.03.2020 08:36:28.331 GMT-0500,117.18200000000002,116.80799999999999,0.0008,0.0008
20.03.2020 08:36:32.209 GMT-0500,117.18299999999999,116.90700000000001,0.0008,0.0008
20.03.2020 08:36:33.470 GMT-0500,117.03200000000001,116.80799999999999,0.0008,0.002
20.03.2020 08:36:33.520 GMT-0500,117.31200000000001,116.80799999999999,0.0008,0.0008
20.03.2020 08:36:33.571 GMT-0500,117.322,116.80799999999999,0.002,0.002
20.03.2020 08:36:37.565 GMT-0500,117.18200000000002,116.80799999999999,0.0008,0.002
20.03.2020 08:36:38.060 GMT-0500,117.173,116.80700000000002,0.002,0.002
20.03.2020 08:36:40.040 GMT-0500,117.173,116.80799999999999,0.0008,0.0008
20.03.2020 08:36:40.090 GMT-0500,117.18200000000002,116.80799999999999,0.002,0.002
20.03.2020 08:36:44.959 GMT-0500,117.18200000000002,116.947,0.0008,0.0008
20.03.2020 08:36:45.009 GMT-0500,117.84200000000001,116.948,0.0008,0.0008
20.03.2020 08:36:46.024 GMT-0500,117.833,116.948,0.0008,0.0008
20.03.2020 08:36:46.075 GMT-0500,117.84200000000001,116.948,0.0008,0.0008
20.03.2020 08:36:48.097 GMT-0500,117.83200000000001,116.948,0.0008,0.002
20.03.2020 08:36:48.151 GMT-0500,117.84299999999999,116.95700000000001,0.002,0.002
20.03.2020 08:36:48.273 GMT-0500,117.84200000000001,116.948,0.002,0.002
20.03.2020 08:36:50.226 GMT-0500,117.833,116.95700000000001,0.0008,0.0008
20.03.2020 08:36:50.327 GMT-0500,117.833,116.80700000000002,0.002,0.002
20.03.2020 08:36:50.845 GMT-0500,117.822,116.818,0.0008,0.0008
20.03.2020 08:36:51.065 GMT-0500,117.823,116.81700000000001,0.0008,0.0008
20.03.2020 08:36:51.115 GMT-0500,117.84200000000001,116.80799999999999,0.0008,0.0008
20.03.2020 08:36:53.105 GMT-0500,117.833,116.81700000000001,0.0008,0.0008
20.03.2020 08:36:53.205 GMT-0500,117.833,116.80700000000002,0.002,0.002
20.03.2020 08:36:57.739 GMT-0500,117.823,116.81700000000001,0.0008,0.0008
20.03.2020 08:36:58.179 GMT-0500,117.822,116.818,0.0008,0.0008
20.03.2020 08:36:58.230 GMT-0500,117.83200000000001,116.80799999999999,0.0008,0.0008
20.03.2020 08:36:58.387 GMT-0500,117.93200000000002,116.80799999999999,0.0008,0.0008
20.03.2020 08:36:58.853 GMT-0500,117.923,116.81700000000001,0.0008,0.0008
20.03.2020 08:36:59.242 GMT-0500,117.93299999999999,116.80700000000002,0.002,0.002
20.03.2020 08:36:59.866 GMT-0500,117.923,116.81700000000001,0.0008,0.0008
20.03.2020 08:37:00.159 GMT-0500,117.93200000000002,116.80799999999999,0.0008,0.0008
20.03.2020 08:37:04.962 GMT-0500,117.923,116.81700000000001,0.0008,0.0008
20.03.2020 08:37:05.063 GMT-0500,117.92200000000001,116.80799999999999,0.0008,0.0008
20.03.2020 08:37:07.070 GMT-0500,117.50200000000001,116.80799999999999,0.0008,0.0008
20.03.2020 08:37:07.194 GMT-0500,117.34200000000001,116.82799999999999,0.0008,0.0008
20.03.2020 08:37:08.519 GMT-0500,117.34299999999999,116.82700000000001,0.002,0.002
20.03.2020 08:37:08.569 GMT-0500,117.34200000000001,116.80799999999999,0.0008,0.0008
20.03.2020 08:37:09.332 GMT-0500,117.34299999999999,116.81700000000001,0.002,0.0008
20.03.2020 08:37:09.620 GMT-0500,117.34200000000001,116.80799999999999,0.002,0.002
20.03.2020 08:37:12.051 GMT-0500,117.333,116.80799999999999,0.0008,0.0008
20.03.2020 08:37:12.356 GMT-0500,117.333,116.81700000000001,0.002,0.0008
20.03.2020 08:37:12.630 GMT-0500,117.133,116.80700000000002,0.002,0.002
20.03.2020 08:37:12.780 GMT-0500,117.133,116.80799999999999,0.0008,0.0008
20.03.2020 08:37:12.830 GMT-0500,117.33200000000001,116.80799999999999,0.0008,0.0008
20.03.2020 08:37:13.471 GMT-0500,117.323,116.81700000000001,0.0008,0.0008
20.03.2020 08:37:13.915 GMT-0500,117.323,116.947,0.0008,0.002
20.03.2020 08:37:15.094 GMT-0500,117.322,116.948,0.0008,0.0008
20.03.2020 08:37:20.466 GMT-0500,117.31200000000001,116.948,0.0008,0.0008
20.03.2020 08:37:22.597 GMT-0500,117.323,116.947,0.002,0.002
20.03.2020 08:37:23.088 GMT-0500,117.323,116.948,0.0008,0.0008
20.03.2020 08:37:23.281 GMT-0500,117.48200000000001,116.948,0.002,0.002
20.03.2020 08:37:23.443 GMT-0500,117.492,116.948,0.0008,0.0008
20.03.2020 08:37:24.049 GMT-0500,117.303,116.977,0.0008,0.0008
20.03.2020 08:37:26.443 GMT-0500,117.302,116.977,0.0008,0.0008
20.03.2020 08:37:26.493 GMT-0500,117.302,116.80799999999999,0.002,0.002
20.03.2020 08:37:28.622 GMT-0500,117.213,116.81700000000001,0.002,0.002
20.03.2020 08:37:28.672 GMT-0500,117.302,116.80799999999999,0.002,0.002
20.03.2020 08:37:31.413 GMT-0500,117.302,116.818,0.0008,0.0008
20.03.2020 08:37:31.719 GMT-0500,117.302,116.80799999999999,0.0008,0.0008
20.03.2020 08:37:32.220 GMT-0500,117.302,116.81700000000001,0.0008,0.0008
20.03.2020 08:37:32.373 GMT-0500,117.303,116.81700000000001,0.002,0.0008
20.03.2020 08:37:32.423 GMT-0500,117.302,116.80799999999999,0.0008,0.0008
20.03.2020 08:37:32.583 GMT-0500,117.17200000000001,116.80799999999999,0.0008,0.0008
20.03.2020 08:37:33.512 GMT-0500,117.102,116.93799999999999,0.0008,0.0008
20.03.2020 08:37:33.563 GMT-0500,117.303,116.93700000000001,0.002,0.002
20.03.2020 08:37:36.231 GMT-0500,117.29299999999999,116.93700000000001,0.0008,0.0008
20.03.2020 08:37:36.281 GMT-0500,117.29299999999999,116.81700000000001,0.002,0.002
20.03.2020 08:37:36.619 GMT-0500,117.303,116.80700000000002,0.002,0.002
20.03.2020 08:37:38.675 GMT-0500,117.29200000000002,116.818,0.0008,0.0008
20.03.2020 08:37:39.053 GMT-0500,117.303,116.80700000000002,0.002,0.002
20.03.2020 08:37:39.799 GMT-0500,117.29299999999999,116.80700000000002,0.0008,0.002
20.03.2020 08:37:39.900 GMT-0500,117.302,116.80799999999999,0.0008,0.0008
20.03.2020 08:37:41.139 GMT-0500,117.302,116.99700000000001,0.0008,0.0008
20.03.2020 08:37:41.189 GMT-0500,117.303,116.95700000000001,0.002,0.002
20.03.2020 08:37:45.926 GMT-0500,117.173,116.95700000000001,0.0008,0.0008
20.03.2020 08:37:45.976 GMT-0500,117.17200000000001,116.80799999999999,0.0008,0.0008
20.03.2020 08:37:46.822 GMT-0500,117.173,116.95700000000001,0.0008,0.0008
20.03.2020 08:37:46.873 GMT-0500,117.302,116.958,0.0008,0.0008
20.03.2020 08:37:51.221 GMT-0500,117.173,116.958,0.0008,0.0008
20.03.2020 08:37:51.644 GMT-0500,117.163,116.958,0.0008,0.0008
20.03.2020 08:37:52.744 GMT-0500,117.162,116.96700000000001,0.0008,0.0008
20.03.2020 08:37:54.699 GMT-0500,117.162,116.958,0.002,0.002
20.03.2020 08:37:54.862 GMT-0500,117.162,116.80799999999999,0.0008,0.0008
20.03.2020 08:37:55.850 GMT-0500,117.15299999999999,116.80799999999999,0.0008,0.0008
20.03.2020 08:37:55.951 GMT-0500,117.15200000000002,116.818,0.0008,0.0008
20.03.2020 08:37:56.236 GMT-0500,117.15200000000002,116.80799999999999,0.002,0.002
20.03.2020 08:37:56.664 GMT-0500,117.15200000000002,116.96799999999999,0.0008,0.0008
20.03.2020 08:37:56.714 GMT-0500,117.162,116.96799999999999,0.002,0.002
20.03.2020 08:37:57.176 GMT-0500,117.15299999999999,116.96799999999999,0.0008,0.0008
20.03.2020 08:37:58.412 GMT-0500,117.06299999999999,116.95200000000001,0.0008,0.0008
20.03.2020 08:37:58.462 GMT-0500,117.15200000000002,116.818,0.002,0.002
20.03.2020 08:37:58.581 GMT-0500,117.15200000000002,116.80799999999999,0.0008,0.0008
20.03.2020 08:37:59.343 GMT-0500,117.15200000000002,116.758,0.0008,0.0008
20.03.2020 08:37:59.698 GMT-0500,116.98200000000001,116.628,0.0008,0.0008
20.03.2020 08:37:59.956 GMT-0500,116.98200000000001,116.63700000000001,0.0008,0.0008
20.03.2020 08:38:00.057 GMT-0500,116.98200000000001,116.628,0.0008,0.0008
20.03.2020 08:38:01.494 GMT-0500,116.98200000000001,116.63700000000001,0.0008,0.0008
20.03.2020 08:38:01.822 GMT-0500,116.98200000000001,116.628,0.002,0.002
20.03.2020 08:38:03.352 GMT-0500,116.98200000000001,116.63799999999999,0.002,0.0008
20.03.2020 08:38:03.452 GMT-0500,116.98200000000001,116.628,0.002,0.002
20.03.2020 08:38:03.529 GMT-0500,116.97200000000001,116.628,0.0008,0.002
20.03.2020 08:38:04.753 GMT-0500,116.98200000000001,116.628,0.0008,0.0008
20.03.2020 08:38:05.532 GMT-0500,116.97200000000001,116.628,0.0008,0.002
20.03.2020 08:38:07.357 GMT-0500,116.97200000000001,116.63700000000001,0.0008,0.0008
20.03.2020 08:38:07.407 GMT-0500,116.98200000000001,116.628,0.002,0.002
20.03.2020 08:38:07.958 GMT-0500,116.98200000000001,116.63799999999999,0.002,0.0008
20.03.2020 08:38:08.059 GMT-0500,116.98200000000001,116.85799999999999,0.0008,0.0008
20.03.2020 08:38:08.508 GMT-0500,116.98299999999999,116.928,0.0008,0.0008
20.03.2020 08:38:08.559 GMT-0500,117.133,116.93700000000001,0.002,0.002
20.03.2020 08:38:08.912 GMT-0500,117.103,116.85700000000001,0.002,0.002
20.03.2020 08:38:09.051 GMT-0500,117.11200000000001,116.85799999999999,0.002,0.002
20.03.2020 08:38:12.692 GMT-0500,117.103,116.85799999999999,0.0008,0.0008
20.03.2020 08:38:14.464 GMT-0500,117.102,116.867,0.0008,0.0008
20.03.2020 08:38:14.629 GMT-0500,117.102,116.868,0.0008,0.0008
20.03.2020 08:38:14.679 GMT-0500,117.102,116.85799999999999,0.0008,0.0008
20.03.2020 08:38:23.797 GMT-0500,116.973,116.85799999999999,0.0008,0.0008
20.03.2020 08:38:23.848 GMT-0500,116.97200000000001,116.63799999999999,0.0008,0.0008
20.03.2020 08:38:23.959 GMT-0500,116.973,116.63700000000001,0.002,0.0008
20.03.2020 08:38:24.296 GMT-0500,116.97200000000001,116.628,0.0008,0.0008
20.03.2020 08:38:26.237 GMT-0500,116.84200000000001,116.63799999999999,0.0008,0.0008
20.03.2020 08:38:26.288 GMT-0500,116.84299999999999,116.48700000000001,0.002,0.002
20.03.2020 08:38:27.305 GMT-0500,116.84200000000001,116.488,0.0008,0.0008
20.03.2020 08:38:29.064 GMT-0500,116.84200000000001,116.48700000000001,0.0008,0.0008
20.03.2020 08:38:29.428 GMT-0500,116.84200000000001,116.51700000000001,0.0008,0.0008
20.03.2020 08:38:32.553 GMT-0500,116.84299999999999,116.51700000000001,0.002,0.0008
20.03.2020 08:38:32.604 GMT-0500,116.84299999999999,116.35700000000001,0.002,0.002
20.03.2020 08:38:34.625 GMT-0500,116.84299999999999,116.367,0.002,0.002
20.03.2020 08:38:34.676 GMT-0500,116.84299999999999,116.35700000000001,0.002,0.002
20.03.2020 08:38:35.401 GMT-0500,116.84299999999999,116.367,0.002,0.0008
20.03.2020 08:38:35.730 GMT-0500,116.84200000000001,116.367,0.0008,0.0008
20.03.2020 08:38:35.781 GMT-0500,116.84200000000001,116.35799999999999,0.0008,0.0008
20.03.2020 08:38:37.074 GMT-0500,116.84200000000001,116.368,0.002,0.002
20.03.2020 08:38:37.124 GMT-0500,116.84299999999999,116.35700000000001,0.002,0.002
20.03.2020 08:38:38.473 GMT-0500,116.84299999999999,116.367,0.002,0.0008
20.03.2020 08:38:38.523 GMT-0500,116.84200000000001,116.35799999999999,0.002,0.002
20.03.2020 08:38:41.426 GMT-0500,116.84200000000001,116.368,0.002,0.0008
20.03.2020 08:38:41.527 GMT-0500,116.84200000000001,116.35799999999999,0.0008,0.0008
20.03.2020 08:38:44.517 GMT-0500,116.84299999999999,116.367,0.002,0.0008
20.03.2020 08:38:44.877 GMT-0500,116.84200000000001,116.35799999999999,0.0008,0.0008
20.03.2020 08:38:45.335 GMT-0500,116.84200000000001,116.367,0.0008,0.0008
20.03.2020 08:38:45.513 GMT-0500,116.84200000000001,116.368,0.002,0.0008
20.03.2020 08:38:45.563 GMT-0500,116.84200000000001,116.35799999999999,0.002,0.002
20.03.2020 08:38:46.132 GMT-0500,116.84200000000001,116.368,0.002,0.0008
20.03.2020 08:38:46.232 GMT-0500,116.84200000000001,116.35799999999999,0.0008,0.0008
20.03.2020 08:38:46.829 GMT-0500,116.84200000000001,116.368,0.002,0.0008
20.03.2020 08:38:46.930 GMT-0500,116.84299999999999,116.35700000000001,0.002,0.002
20.03.2020 08:38:47.926 GMT-0500,116.673,116.367,0.0008,0.0008
20.03.2020 08:38:48.027 GMT-0500,116.67200000000001,116.35799999999999,0.002,0.002
20.03.2020 08:38:49.243 GMT-0500,116.67200000000001,116.367,0.0008,0.0008
20.03.2020 08:38:49.344 GMT-0500,116.673,116.35700000000001,0.002,0.002
20.03.2020 08:38:49.547 GMT-0500,116.673,116.54700000000001,0.0008,0.0008
20.03.2020 08:38:49.597 GMT-0500,116.84200000000001,116.548,0.0008,0.0008
20.03.2020 08:38:54.987 GMT-0500,116.84299999999999,116.54700000000001,0.002,0.0008
20.03.2020 08:38:55.511 GMT-0500,116.84200000000001,116.488,0.0008,0.0008
20.03.2020 08:38:55.623 GMT-0500,116.823,116.48700000000001,0.0008,0.002
20.03.2020 08:38:58.449 GMT-0500,116.723,116.48700000000001,0.0008,0.0008
20.03.2020 08:38:58.499 GMT-0500,116.72200000000001,116.368,0.0008,0.0008
20.03.2020 08:38:58.619 GMT-0500,116.72200000000001,116.35799999999999,0.002,0.002
20.03.2020 08:38:59.006 GMT-0500,116.84200000000001,116.35799999999999,0.0008,0.0008
20.03.2020 08:39:00.560 GMT-0500,116.712,116.35799999999999,0.002,0.002
20.03.2020 08:39:01.259 GMT-0500,116.712,116.367,0.0008,0.0008
20.03.2020 08:39:01.449 GMT-0500,116.713,116.367,0.002,0.0008
20.03.2020 08:39:01.499 GMT-0500,116.712,116.35799999999999,0.0008,0.0008
20.03.2020 08:39:01.937 GMT-0500,116.84200000000001,116.35799999999999,0.0008,0.0008
20.03.2020 08:39:02.038 GMT-0500,116.713,116.35700000000001,0.0008,0.002
20.03.2020 08:39:02.190 GMT-0500,116.712,116.368,0.0008,0.0008
20.03.2020 08:39:02.240 GMT-0500,116.712,116.35799999999999,0.0008,0.0008
20.03.2020 08:39:02.500 GMT-0500,116.712,116.368,0.002,0.0008
20.03.2020 08:39:02.716 GMT-0500,116.713,116.35700000000001,0.002,0.002
20.03.2020 08:39:05.048 GMT-0500,116.712,116.35799999999999,0.0008,0.0008
20.03.2020 08:39:05.860 GMT-0500,116.712,116.368,0.0008,0.0008
20.03.2020 08:39:06.021 GMT-0500,116.713,116.367,0.002,0.0008
20.03.2020 08:39:06.071 GMT-0500,116.713,116.35700000000001,0.002,0.002
20.03.2020 08:39:08.225 GMT-0500,116.712,116.368,0.0008,0.0008
20.03.2020 08:39:08.512 GMT-0500,116.712,116.35799999999999,0.0008,0.0008
20.03.2020 08:39:10.700 GMT-0500,116.712,116.368,0.0008,0.0008
20.03.2020 08:39:10.750 GMT-0500,116.713,116.35700000000001,0.002,0.002
20.03.2020 08:39:11.558 GMT-0500,116.712,116.368,0.0008,0.0008
20.03.2020 08:39:11.865 GMT-0500,116.712,116.35799999999999,0.0008,0.0008
20.03.2020 08:39:12.360 GMT-0500,116.633,116.367,0.0008,0.0008
20.03.2020 08:39:12.460 GMT-0500,116.572,116.258,0.002,0.002
20.03.2020 08:39:13.199 GMT-0500,116.572,116.268,0.0008,0.0008
20.03.2020 08:39:13.574 GMT-0500,116.572,116.258,0.002,0.002
20.03.2020 08:39:14.216 GMT-0500,116.572,116.268,0.002,0.0008
20.03.2020 08:39:14.523 GMT-0500,116.572,116.26700000000001,0.0008,0.0008
20.03.2020 08:39:14.574 GMT-0500,116.572,116.258,0.002,0.002
20.03.2020 08:39:15.267 GMT-0500,116.573,116.257,0.002,0.002
20.03.2020 08:39:15.674 GMT-0500,116.572,116.268,0.0008,0.0008
20.03.2020 08:39:15.828 GMT-0500,116.572,116.26700000000001,0.0008,0.0008
20.03.2020 08:39:15.878 GMT-0500,116.572,116.258,0.0008,0.0008
20.03.2020 08:39:16.392 GMT-0500,116.572,116.268,0.0008,0.0008
20.03.2020 08:39:16.713 GMT-0500,116.572,116.258,0.0008,0.0008
20.03.2020 08:39:16.781 GMT-0500,116.56200000000001,116.258,0.0008,0.002
20.03.2020 08:39:17.572 GMT-0500,116.56200000000001,116.268,0.002,0.0008
20.03.2020 08:39:17.722 GMT-0500,116.56200000000001,116.35799999999999,0.002,0.002
20.03.2020 08:39:17.864 GMT-0500,116.522,116.35799999999999,0.0008,0.002
20.03.2020 08:39:21.632 GMT-0500,116.523,116.35700000000001,0.002,0.002
20.03.2020 08:39:26.168 GMT-0500,116.56200000000001,116.35799999999999,0.0008,0.0008
20.03.2020 08:39:26.847 GMT-0500,116.42200000000001,116.35700000000001,0.0008,0.0008
20.03.2020 08:39:26.897 GMT-0500,116.42200000000001,116.16799999999999,0.0008,0.0008
20.03.2020 08:39:26.948 GMT-0500,116.423,116.117,0.002,0.002
20.03.2020 08:39:27.874 GMT-0500,116.42200000000001,116.118,0.0008,0.0008
20.03.2020 08:39:29.157 GMT-0500,116.42200000000001,116.128,0.002,0.0008
20.03.2020 08:39:29.301 GMT-0500,116.42200000000001,116.118,0.002,0.002
20.03.2020 08:39:29.912 GMT-0500,116.42200000000001,116.128,0.0008,0.0008
20.03.2020 08:39:29.963 GMT-0500,116.42200000000001,116.118,0.0008,0.0008
20.03.2020 08:39:30.805 GMT-0500,116.31200000000001,116.118,0.0008,0.0008
20.03.2020 08:39:30.855 GMT-0500,116.443,116.117,0.002,0.002
20.03.2020 08:39:31.116 GMT-0500,116.36200000000001,116.118,0.0008,0.0008
20.03.2020 08:39:32.841 GMT-0500,116.363,116.117,0.002,0.002
20.03.2020 08:39:34.687 GMT-0500,116.353,116.117,0.0008,0.002
20.03.2020 08:39:35.249 GMT-0500,116.56200000000001,116.118,0.002,0.002
20.03.2020 08:39:35.347 GMT-0500,116.36200000000001,116.118,0.0008,0.0008
20.03.2020 08:39:36.145 GMT-0500,116.353,116.117,0.002,0.002
20.03.2020 08:39:37.858 GMT-0500,116.353,116.087,0.002,0.002
20.03.2020 08:39:39.037 GMT-0500,116.352,116.158,0.0008,0.0008
20.03.2020 08:39:39.945 GMT-0500,116.352,116.088,0.0008,0.0008
20.03.2020 08:39:40.040 GMT-0500,116.34299999999999,116.088,0.0008,0.0008
20.03.2020 08:39:40.276 GMT-0500,116.352,116.088,0.002,0.002
20.03.2020 08:39:40.623 GMT-0500,116.352,116.13799999999999,0.002,0.0008
20.03.2020 08:39:40.997 GMT-0500,116.352,116.088,0.002,0.002
20.03.2020 08:39:41.261 GMT-0500,116.353,116.087,0.002,0.002
20.03.2020 08:39:41.532 GMT-0500,116.353,116.13799999999999,0.0008,0.0008
20.03.2020 08:39:41.582 GMT-0500,116.44200000000001,116.098,0.002,0.002
20.03.2020 08:39:41.639 GMT-0500,116.443,116.087,0.002,0.002
20.03.2020 08:39:41.752 GMT-0500,116.36200000000001,116.088,0.0008,0.0008
20.03.2020 08:39:44.465 GMT-0500,116.443,116.087,0.002,0.002
20.03.2020 08:39:47.627 GMT-0500,116.352,116.088,0.0008,0.0008
20.03.2020 08:39:47.677 GMT-0500,116.44200000000001,116.088,0.002,0.002
20.03.2020 08:39:48.828 GMT-0500,116.323,116.088,0.0008,0.0008
20.03.2020 08:39:50.270 GMT-0500,116.322,116.088,0.0008,0.0008
20.03.2020 08:39:50.320 GMT-0500,116.443,116.087,0.002,0.002
20.03.2020 08:39:51.332 GMT-0500,116.443,116.18700000000001,0.002,0.0008
20.03.2020 08:39:51.383 GMT-0500,116.44200000000001,116.088,0.002,0.002
20.03.2020 08:39:51.721 GMT-0500,116.352,116.088,0.002,0.002
20.03.2020 08:39:52.089 GMT-0500,116.31200000000001,116.088,0.0008,0.002
20.03.2020 08:39:53.035 GMT-0500,116.25200000000001,116.088,0.0008,0.0008
20.03.2020 08:39:53.085 GMT-0500,116.303,116.087,0.002,0.002
20.03.2020 08:39:53.136 GMT-0500,116.31200000000001,116.088,0.0008,0.0008
20.03.2020 08:39:54.610 GMT-0500,116.352,116.088,0.0008,0.0008
20.03.2020 08:39:54.814 GMT-0500,116.352,116.16799999999999,0.0008,0.0008
20.03.2020 08:39:54.934 GMT-0500,116.31200000000001,116.088,0.002,0.002
20.03.2020 08:39:55.218 GMT-0500,116.303,116.088,0.0008,0.0008
20.03.2020 08:39:58.085 GMT-0500,116.26200000000001,116.088,0.0008,0.0008
20.03.2020 08:39:58.294 GMT-0500,116.193,116.087,0.0008,0.002
20.03.2020 08:39:58.344 GMT-0500,116.19200000000001,115.99799999999999,0.0008,0.0008
20.03.2020 08:39:58.458 GMT-0500,116.193,115.99700000000001,0.002,0.002
20.03.2020 08:40:01.458 GMT-0500,116.14200000000001,115.99799999999999,0.0008,0.0008
20.03.2020 08:40:01.509 GMT-0500,116.193,115.99700000000001,0.002,0.002
20.03.2020 08:40:02.137 GMT-0500,116.19200000000001,115.99799999999999,0.002,0.002
20.03.2020 08:40:02.950 GMT-0500,116.193,115.99700000000001,0.002,0.002
20.03.2020 08:40:05.181 GMT-0500,116.163,115.99700000000001,0.0008,0.002
20.03.2020 08:40:05.282 GMT-0500,116.19200000000001,116.02799999999999,0.0008,0.0008
20.03.2020 08:40:05.491 GMT-0500,116.163,116.02799999999999,0.0008,0.0008
20.03.2020 08:40:05.902 GMT-0500,116.162,116.02799999999999,0.0008,0.0008
20.03.2020 08:40:10.340 GMT-0500,116.163,116.02700000000002,0.002,0.002
20.03.2020 08:40:10.678 GMT-0500,116.162,116.02799999999999,0.0008,0.0008
20.03.2020 08:40:11.822 GMT-0500,116.11200000000001,116.02799999999999,0.0008,0.0008
20.03.2020 08:40:11.873 GMT-0500,116.15200000000002,116.02799999999999,0.0008,0.0008
20.03.2020 08:40:12.327 GMT-0500,116.09299999999999,115.99700000000001,0.002,0.002
20.03.2020 08:40:12.378 GMT-0500,116.103,115.99700000000001,0.002,0.002
20.03.2020 08:40:12.530 GMT-0500,116.08200000000001,115.99799999999999,0.002,0.002
20.03.2020 08:40:13.373 GMT-0500,116.03200000000001,115.96700000000001,0.0008,0.0008
20.03.2020 08:40:13.424 GMT-0500,116.03200000000001,115.758,0.0008,0.0008
20.03.2020 08:40:13.475 GMT-0500,115.912,115.63799999999999,0.0008,0.0008
20.03.2020 08:40:13.668 GMT-0500,115.912,115.647,0.0008,0.0008
20.03.2020 08:40:13.718 GMT-0500,115.912,115.63799999999999,0.0008,0.0008
20.03.2020 08:40:14.101 GMT-0500,115.913,115.63799999999999,0.0008,0.0008
20.03.2020 08:40:15.617 GMT-0500,115.923,115.697,0.002,0.0008
20.03.2020 08:40:16.339 GMT-0500,115.90200000000002,115.698,0.0008,0.0008
20.03.2020 08:40:16.661 GMT-0500,115.81200000000001,115.698,0.0008,0.0008
20.03.2020 08:40:17.304 GMT-0500,115.802,115.698,0.0008,0.0008
20.03.2020 08:40:17.354 GMT-0500,115.802,115.518,0.002,0.002
20.03.2020 08:40:17.405 GMT-0500,115.75200000000001,115.518,0.0008,0.0008
20.03.2020 08:40:17.522 GMT-0500,115.75200000000001,115.508,0.002,0.002
20.03.2020 08:40:17.995 GMT-0500,115.75200000000001,115.51700000000001,0.0008,0.0008
20.03.2020 08:40:18.096 GMT-0500,115.73299999999999,115.507,0.002,0.002
20.03.2020 08:40:18.146 GMT-0500,115.742,115.508,0.002,0.002
20.03.2020 08:40:21.434 GMT-0500,115.723,115.508,0.0008,0.0008
20.03.2020 08:40:23.672 GMT-0500,115.723,115.708,0.0008,0.0008
20.03.2020 08:40:23.722 GMT-0500,115.912,115.618,0.0008,0.0008
20.03.2020 08:40:24.739 GMT-0500,115.92200000000001,115.618,0.002,0.002
20.03.2020 08:40:27.359 GMT-0500,116.162,115.758,0.0008,0.0008
20.03.2020 08:40:28.920 GMT-0500,116.15200000000002,115.758,0.0008,0.0008
20.03.2020 08:40:28.970 GMT-0500,116.15200000000002,115.618,0.0008,0.0008
20.03.2020 08:40:29.085 GMT-0500,116.162,115.618,0.0008,0.0008
20.03.2020 08:40:30.405 GMT-0500,116.15200000000002,115.618,0.0008,0.0008
20.03.2020 08:40:30.567 GMT-0500,116.162,115.618,0.0008,0.0008
20.03.2020 08:40:31.141 GMT-0500,116.15299999999999,115.618,0.0008,0.0008
20.03.2020 08:40:31.241 GMT-0500,116.162,115.618,0.0008,0.0008
20.03.2020 08:40:33.166 GMT-0500,116.15200000000002,115.618,0.0008,0.0008
20.03.2020 08:40:33.279 GMT-0500,116.15299999999999,115.617,0.0008,0.002
20.03.2020 08:40:33.329 GMT-0500,116.163,115.617,0.002,0.002
20.03.2020 08:40:34.505 GMT-0500,115.992,115.618,0.0008,0.0008
20.03.2020 08:40:40.082 GMT-0500,115.992,115.508,0.002,0.002
20.03.2020 08:40:47.620 GMT-0500,115.992,115.62700000000001,0.0008,0.0008
20.03.2020 08:40:49.665 GMT-0500,115.992,115.598,0.002,0.002
20.03.2020 08:40:52.565 GMT-0500,115.992,115.678,0.002,0.0008
20.03.2020 08:40:53.042 GMT-0500,115.962,115.678,0.0008,0.0008
20.03.2020 08:40:57.621 GMT-0500,115.963,115.738,0.0008,0.0008
20.03.2020 08:40:57.722 GMT-0500,116.20200000000001,115.958,0.0008,0.0008
20.03.2020 08:40:57.841 GMT-0500,116.20200000000001,115.96799999999999,0.0008,0.0008
20.03.2020 08:40:58.634 GMT-0500,116.15200000000002,115.96799999999999,0.0008,0.0008
20.03.2020 08:40:58.919 GMT-0500,115.97200000000001,115.787,0.0008,0.0008
20.03.2020 08:40:58.970 GMT-0500,115.97200000000001,115.678,0.002,0.002
20.03.2020 08:40:59.661 GMT-0500,115.97200000000001,115.73700000000001,0.0008,0.0008
20.03.2020 08:40:59.711 GMT-0500,115.973,115.677,0.002,0.002
20.03.2020 08:41:00.654 GMT-0500,115.97200000000001,115.678,0.0008,0.0008
20.03.2020 08:41:00.704 GMT-0500,116.20299999999999,115.96700000000001,0.002,0.002
20.03.2020 08:41:01.794 GMT-0500,116.20200000000001,115.978,0.0008,0.0008
20.03.2020 08:41:03.635 GMT-0500,116.20200000000001,115.977,0.0008,0.0008
20.03.2020 08:41:03.686 GMT-0500,116.20200000000001,115.85799999999999,0.0008,0.0008
20.03.2020 08:41:03.953 GMT-0500,116.173,115.85700000000001,0.0008,0.002
20.03.2020 08:41:05.696 GMT-0500,116.20299999999999,115.85700000000001,0.002,0.002
20.03.2020 08:41:06.582 GMT-0500,116.17200000000001,115.85799999999999,0.0008,0.0008
20.03.2020 08:41:06.632 GMT-0500,116.033,115.68700000000001,0.002,0.002
20.03.2020 08:41:06.762 GMT-0500,116.03200000000001,115.678,0.002,0.002
20.03.2020 08:41:08.080 GMT-0500,116.17200000000001,115.678,0.0008,0.0008
20.03.2020 08:41:08.164 GMT-0500,116.17200000000001,115.788,0.002,0.0008
20.03.2020 08:41:08.293 GMT-0500,116.173,115.93700000000001,0.002,0.0008
20.03.2020 08:41:08.598 GMT-0500,116.173,115.787,0.002,0.002
20.03.2020 08:41:15.668 GMT-0500,116.163,115.787,0.0008,0.002
20.03.2020 08:41:16.021 GMT-0500,116.162,115.788,0.0008,0.0008
20.03.2020 08:41:16.071 GMT-0500,116.173,115.787,0.002,0.002
20.03.2020 08:41:16.215 GMT-0500,116.17200000000001,115.788,0.0008,0.0008
20.03.2020 08:41:17.001 GMT-0500,115.90299999999999,115.788,0.0008,0.0008
20.03.2020 08:41:17.052 GMT-0500,115.93200000000002,115.678,0.002,0.002
20.03.2020 08:41:20.470 GMT-0500,115.87200000000001,115.678,0.0008,0.002
20.03.2020 08:41:20.764 GMT-0500,115.81299999999999,115.678,0.0008,0.0008
20.03.2020 08:41:20.814 GMT-0500,115.81299999999999,115.59700000000001,0.002,0.002
20.03.2020 08:41:20.865 GMT-0500,115.87200000000001,115.60799999999999,0.0008,0.0008
20.03.2020 08:41:23.730 GMT-0500,115.803,115.60799999999999,0.0008,0.0008
20.03.2020 08:41:23.781 GMT-0500,115.822,115.60799999999999,0.002,0.002
20.03.2020 08:41:24.370 GMT-0500,115.84200000000001,115.598,0.002,0.002
20.03.2020 08:41:24.420 GMT-0500,115.84299999999999,115.60700000000001,0.002,0.002
20.03.2020 08:41:24.693 GMT-0500,115.84299999999999,115.59700000000001,0.002,0.002
20.03.2020 08:41:24.743 GMT-0500,115.743,115.59700000000001,0.002,0.002
20.03.2020 08:41:24.883 GMT-0500,115.742,115.598,0.0008,0.0008
20.03.2020 08:41:25.061 GMT-0500,115.743,115.59700000000001,0.002,0.002
20.03.2020 08:41:25.179 GMT-0500,115.68200000000002,115.598,0.0008,0.002
20.03.2020 08:41:25.431 GMT-0500,115.632,115.58,0.0008,0.0008
20.03.2020 08:41:25.481 GMT-0500,115.632,115.398,0.0008,0.0008
20.03.2020 08:41:25.531 GMT-0500,115.632,115.46799999999999,0.002,0.002
20.03.2020 08:41:26.305 GMT-0500,115.68200000000002,115.46799999999999,0.0008,0.0008
20.03.2020 08:41:26.953 GMT-0500,115.643,115.46799999999999,0.0008,0.0008
20.03.2020 08:41:27.137 GMT-0500,115.68200000000002,115.46799999999999,0.0008,0.0008
20.03.2020 08:41:27.941 GMT-0500,115.64200000000001,115.46799999999999,0.0008,0.002
20.03.2020 08:41:28.285 GMT-0500,115.68200000000002,115.46799999999999,0.002,0.002
20.03.2020 08:41:28.889 GMT-0500,115.68200000000002,115.49700000000001,0.0008,0.0008
20.03.2020 08:41:29.037 GMT-0500,115.522,115.49000000000001,0.0008,0.0008
20.03.2020 08:41:29.087 GMT-0500,115.51299999999999,115.257,0.002,0.002
20.03.2020 08:41:29.434 GMT-0500,115.51299999999999,115.258,0.0008,0.0008
20.03.2020 08:41:31.149 GMT-0500,115.56200000000001,115.258,0.0008,0.0008
20.03.2020 08:41:32.371 GMT-0500,115.493,115.29700000000001,0.0008,0.0008
20.03.2020 08:41:33.600 GMT-0500,115.50200000000001,115.298,0.0008,0.0008
20.03.2020 08:41:35.322 GMT-0500,115.493,115.298,0.0008,0.0008
20.03.2020 08:41:35.372 GMT-0500,115.613,115.29700000000001,0.002,0.002
20.03.2020 08:41:35.423 GMT-0500,115.62299999999999,115.29700000000001,0.002,0.002
20.03.2020 08:41:35.473 GMT-0500,115.50200000000001,115.298,0.0008,0.0008
20.03.2020 08:41:36.329 GMT-0500,115.492,115.298,0.0008,0.0008
20.03.2020 08:41:38.451 GMT-0500,115.48299999999999,115.29700000000001,0.0008,0.002
20.03.2020 08:41:39.305 GMT-0500,115.48200000000001,115.298,0.0008,0.002
20.03.2020 08:41:39.355 GMT-0500,115.492,115.298,0.0008,0.0008
20.03.2020 08:41:39.556 GMT-0500,115.473,115.29700000000001,0.0008,0.002
20.03.2020 08:41:40.501 GMT-0500,115.47200000000001,115.298,0.002,0.002
20.03.2020 08:41:42.434 GMT-0500,115.323,115.287,0.0008,0.0008
20.03.2020 08:41:42.486 GMT-0500,115.322,115.05799999999999,0.0008,0.0008
20.03.2020 08:41:43.608 GMT-0500,115.323,115.06700000000001,0.002,0.0008
20.03.2020 08:41:43.710 GMT-0500,115.322,115.068,0.0008,0.0008
20.03.2020 08:41:43.831 GMT-0500,115.47200000000001,115.21799999999999,0.0008,0.0008
20.03.2020 08:41:45.487 GMT-0500,115.47200000000001,115.24799999999999,0.0008,0.0008
20.03.2020 08:41:45.537 GMT-0500,115.62299999999999,115.24700000000001,0.002,0.002
20.03.2020 08:41:45.655 GMT-0500,115.522,115.24799999999999,0.0008,0.0008
20.03.2020 08:41:46.576 GMT-0500,115.412,115.24799999999999,0.0008,0.002
20.03.2020 08:41:47.176 GMT-0500,115.412,115.31700000000001,0.0008,0.0008
20.03.2020 08:41:47.227 GMT-0500,115.613,115.31700000000001,0.002,0.002
20.03.2020 08:41:47.337 GMT-0500,115.62299999999999,115.31700000000001,0.002,0.002
20.03.2020 08:41:48.810 GMT-0500,115.61200000000001,115.318,0.0008,0.0008
20.03.2020 08:41:48.961 GMT-0500,115.62200000000001,115.318,0.0008,0.0008
20.03.2020 08:41:49.611 GMT-0500,115.613,115.318,0.0008,0.0008
20.03.2020 08:41:49.751 GMT-0500,115.613,115.31700000000001,0.0008,0.002
20.03.2020 08:41:49.801 GMT-0500,115.62299999999999,115.31700000000001,0.002,0.002
20.03.2020 08:41:50.293 GMT-0500,115.62200000000001,115.448,0.0008,0.0008
20.03.2020 08:41:50.343 GMT-0500,115.62200000000001,115.318,0.002,0.002
20.03.2020 08:41:51.875 GMT-0500,115.65200000000002,115.318,0.0008,0.0008
20.03.2020 08:41:55.442 GMT-0500,115.65200000000002,115.32799999999999,0.0008,0.0008
20.03.2020 08:41:55.543 GMT-0500,115.64200000000001,115.32799999999999,0.0008,0.0008
20.03.2020 08:41:55.593 GMT-0500,115.643,115.31700000000001,0.002,0.002
20.03.2020 08:41:57.691 GMT-0500,115.643,115.41700000000002,0.002,0.0008
20.03.2020 08:41:57.741 GMT-0500,115.64200000000001,115.318,0.0008,0.0008
20.03.2020 08:42:06.266 GMT-0500,115.54299999999999,115.31700000000001,0.0008,0.0008
20.03.2020 08:42:06.316 GMT-0500,115.54200000000002,115.24799999999999,0.0008,0.0008
20.03.2020 08:42:07.944 GMT-0500,115.54299999999999,115.24700000000001,0.0008,0.002
20.03.2020 08:42:07.995 GMT-0500,115.552,115.24799999999999,0.0008,0.0008
20.03.2020 08:42:08.230 GMT-0500,115.553,115.24700000000001,0.002,0.002
20.03.2020 08:42:08.700 GMT-0500,115.553,115.32700000000001,0.002,0.0008
20.03.2020 08:42:10.836 GMT-0500,115.552,115.32700000000001,0.0008,0.0008
20.03.2020 08:42:10.887 GMT-0500,115.552,115.24799999999999,0.0008,0.0008
20.03.2020 08:42:11.584 GMT-0500,115.553,115.24799999999999,0.0008,0.0008
20.03.2020 08:42:11.635 GMT-0500,115.64200000000001,115.24799999999999,0.002,0.002
20.03.2020 08:42:11.685 GMT-0500,115.50200000000001,115.24799999999999,0.002,0.002
20.03.2020 08:42:11.972 GMT-0500,115.462,115.24799999999999,0.0008,0.002
20.03.2020 08:42:12.023 GMT-0500,115.50200000000001,115.24799999999999,0.0008,0.0008
20.03.2020 08:42:12.976 GMT-0500,115.53200000000001,115.24799999999999,0.002,0.002
20.03.2020 08:42:13.027 GMT-0500,115.48299999999999,115.24700000000001,0.002,0.002
20.03.2020 08:42:13.574 GMT-0500,115.40200000000002,115.24799999999999,0.0008,0.0008
20.03.2020 08:42:14.122 GMT-0500,115.40299999999999,115.24700000000001,0.002,0.002
20.03.2020 08:42:14.813 GMT-0500,115.40200000000002,115.24799999999999,0.0008,0.0008
20.03.2020 08:42:15.581 GMT-0500,115.40299999999999,115.24700000000001,0.002,0.002
20.03.2020 08:42:16.829 GMT-0500,115.302,115.24799999999999,0.002,0.002
20.03.2020 08:42:17.300 GMT-0500,115.303,115.268,0.0008,0.0008
20.03.2020 08:42:17.350 GMT-0500,115.39200000000001,115.24799999999999,0.0008,0.0008
20.03.2020 08:42:21.672 GMT-0500,115.39200000000001,115.27799999999999,0.002,0.0008
20.03.2020 08:42:21.845 GMT-0500,115.39200000000001,115.32799999999999,0.0008,0.0008
20.03.2020 08:42:21.895 GMT-0500,115.64200000000001,115.35799999999999,0.0008,0.0008
20.03.2020 08:42:21.946 GMT-0500,115.64200000000001,115.27799999999999,0.002,0.002
20.03.2020 08:42:23.462 GMT-0500,115.54200000000002,115.27799999999999,0.0008,0.002
20.03.2020 08:42:23.682 GMT-0500,115.54299999999999,115.27700000000002,0.002,0.0008
20.03.2020 08:42:23.732 GMT-0500,115.54200000000002,115.24799999999999,0.0008,0.0008
20.03.2020 08:42:30.649 GMT-0500,115.54299999999999,115.257,0.002,0.0008
20.03.2020 08:42:31.296 GMT-0500,115.53200000000001,115.258,0.0008,0.0008
20.03.2020 08:42:32.326 GMT-0500,115.53200000000001,115.257,0.0008,0.0008
20.03.2020 08:42:32.376 GMT-0500,115.53200000000001,115.24799999999999,0.002,0.002
20.03.2020 08:42:33.187 GMT-0500,115.53200000000001,115.268,0.002,0.0008
20.03.2020 08:42:34.777 GMT-0500,115.53200000000001,115.26700000000001,0.0008,0.0008
20.03.2020 08:42:34.827 GMT-0500,115.53200000000001,115.24799999999999,0.002,0.002
20.03.2020 08:42:39.997 GMT-0500,115.53200000000001,115.268,0.002,0.0008
20.03.2020 08:42:44.227 GMT-0500,115.522,115.268,0.002,0.002
20.03.2020 08:42:46.328 GMT-0500,115.54200000000002,115.268,0.0008,0.0008
20.03.2020 08:42:46.379 GMT-0500,115.65299999999999,115.537,0.002,0.002
20.03.2020 08:42:46.612 GMT-0500,115.65200000000002,115.448,0.0008,0.0008
20.03.2020 08:42:47.350 GMT-0500,115.65299999999999,115.56700000000001,0.0008,0.0008
20.03.2020 08:42:47.400 GMT-0500,115.853,115.697,0.002,0.002
20.03.2020 08:42:47.598 GMT-0500,115.853,115.698,0.0008,0.0008
20.03.2020 08:42:47.649 GMT-0500,115.95200000000001,115.55799999999999,0.0008,0.0008
20.03.2020 08:42:52.675 GMT-0500,115.86200000000001,115.55799999999999,0.0008,0.0008
20.03.2020 08:42:54.978 GMT-0500,115.86200000000001,115.448,0.0008,0.0008
20.03.2020 08:43:03.981 GMT-0500,115.72200000000001,115.447,0.0008,0.0008
20.03.2020 08:43:04.031 GMT-0500,115.72200000000001,115.288,0.002,0.002
20.03.2020 08:43:04.410 GMT-0500,115.723,115.29700000000001,0.002,0.002
20.03.2020 08:43:04.470 GMT-0500,115.72200000000001,115.288,0.0008,0.0008
20.03.2020 08:43:06.447 GMT-0500,115.72200000000001,115.37700000000001,0.0008,0.0008
20.03.2020 08:43:06.661 GMT-0500,115.723,115.378,0.0008,0.0008
20.03.2020 08:43:06.712 GMT-0500,115.742,115.378,0.0008,0.0008
20.03.2020 08:43:08.035 GMT-0500,115.73299999999999,115.37700000000001,0.0008,0.002
20.03.2020 08:43:08.240 GMT-0500,115.723,115.38700000000001,0.0008,0.0008
20.03.2020 08:43:08.419 GMT-0500,115.73200000000001,115.378,0.0008,0.0008
20.03.2020 08:43:10.267 GMT-0500,115.73299999999999,115.49700000000001,0.002,0.002
20.03.2020 08:43:10.638 GMT-0500,115.73299999999999,115.548,0.0008,0.0008
20.03.2020 08:43:10.688 GMT-0500,115.743,115.46700000000001,0.002,0.002
20.03.2020 08:43:11.950 GMT-0500,115.743,115.378,0.0008,0.0008
20.03.2020 08:43:12.001 GMT-0500,115.86200000000001,115.378,0.0008,0.0008
20.03.2020 08:43:12.408 GMT-0500,115.852,115.378,0.0008,0.0008
20.03.2020 08:43:13.226 GMT-0500,115.852,115.38799999999999,0.002,0.002
20.03.2020 08:43:13.276 GMT-0500,115.852,115.378,0.0008,0.0008
20.03.2020 08:43:13.954 GMT-0500,115.853,115.37700000000001,0.0008,0.002
20.03.2020 08:43:15.472 GMT-0500,115.86200000000001,115.38799999999999,0.002,0.0008
20.03.2020 08:43:15.764 GMT-0500,115.86200000000001,115.378,0.0008,0.0008
20.03.2020 08:43:17.261 GMT-0500,115.86200000000001,115.38799999999999,0.002,0.0008
20.03.2020 08:43:17.529 GMT-0500,115.86200000000001,115.378,0.002,0.002
20.03.2020 08:43:18.218 GMT-0500,115.86200000000001,115.38799999999999,0.002,0.0008
20.03.2020 08:43:18.319 GMT-0500,115.86200000000001,115.378,0.0008,0.0008
20.03.2020 08:43:19.372 GMT-0500,115.833,115.37700000000001,0.0008,0.002
20.03.2020 08:43:19.757 GMT-0500,115.83200000000001,115.38700000000001,0.0008,0.0008
20.03.2020 08:43:19.807 GMT-0500,115.86200000000001,115.38799999999999,0.0008,0.0008
20.03.2020 08:43:19.914 GMT-0500,115.86200000000001,115.378,0.0008,0.0008
20.03.2020 08:43:21.634 GMT-0500,115.863,115.38700000000001,0.002,0.0008
20.03.2020 08:43:22.082 GMT-0500,115.863,115.37700000000001,0.002,0.002
20.03.2020 08:43:22.652 GMT-0500,115.86200000000001,115.38799999999999,0.0008,0.0008
20.03.2020 08:43:23.055 GMT-0500,115.95200000000001,115.378,0.002,0.002
20.03.2020 08:43:23.199 GMT-0500,115.833,115.378,0.0008,0.0008
20.03.2020 08:43:24.195 GMT-0500,115.833,115.38700000000001,0.0008,0.0008
20.03.2020 08:43:24.246 GMT-0500,115.95200000000001,115.378,0.002,0.002
20.03.2020 08:43:24.324 GMT-0500,115.83200000000001,115.378,0.0008,0.002
20.03.2020 08:43:24.930 GMT-0500,115.83200000000001,115.46799999999999,0.002,0.0008
20.03.2020 08:43:26.110 GMT-0500,115.822,115.46799999999999,0.0008,0.002
20.03.2020 08:43:26.306 GMT-0500,115.822,115.537,0.0008,0.0008
20.03.2020 08:43:27.131 GMT-0500,115.68299999999999,115.37700000000001,0.002,0.002
20.03.2020 08:43:30.387 GMT-0500,115.73299999999999,115.37700000000001,0.002,0.002
20.03.2020 08:43:30.488 GMT-0500,115.73200000000001,115.378,0.0008,0.0008
20.03.2020 08:43:30.597 GMT-0500,115.73299999999999,115.287,0.002,0.002
20.03.2020 08:43:30.648 GMT-0500,115.73200000000001,115.298,0.0008,0.0008
20.03.2020 08:43:30.786 GMT-0500,115.613,115.29700000000001,0.0008,0.002
20.03.2020 08:43:30.937 GMT-0500,115.73200000000001,115.27799999999999,0.0008,0.0008
20.03.2020 08:43:31.255 GMT-0500,115.602,115.27799999999999,0.0008,0.0008
20.03.2020 08:43:34.353 GMT-0500,115.603,115.27700000000002,0.002,0.002
20.03.2020 08:43:34.935 GMT-0500,115.602,115.27700000000002,0.0008,0.0008
20.03.2020 08:43:34.985 GMT-0500,115.602,115.268,0.0008,0.0008
20.03.2020 08:43:35.413 GMT-0500,115.492,115.268,0.0008,0.002
20.03.2020 08:43:38.758 GMT-0500,115.493,115.26700000000001,0.002,0.002
20.03.2020 08:43:38.966 GMT-0500,115.602,115.408,0.0008,0.0008
20.03.2020 08:43:39.016 GMT-0500,115.602,115.318,0.0008,0.0008
20.03.2020 08:43:39.167 GMT-0500,115.603,115.26700000000001,0.002,0.002
20.03.2020 08:43:40.631 GMT-0500,115.48299999999999,115.26700000000001,0.0008,0.002
20.03.2020 08:43:41.369 GMT-0500,115.48200000000001,115.268,0.0008,0.002
20.03.2020 08:43:41.419 GMT-0500,115.492,115.268,0.002,0.002
20.03.2020 08:43:43.825 GMT-0500,115.48200000000001,115.268,0.0008,0.002
20.03.2020 08:43:44.600 GMT-0500,115.48200000000001,115.35799999999999,0.002,0.0008
20.03.2020 08:43:45.328 GMT-0500,115.48200000000001,115.268,0.0008,0.0008
20.03.2020 08:43:47.040 GMT-0500,115.47200000000001,115.268,0.0008,0.0008
20.03.2020 08:43:47.634 GMT-0500,115.493,115.26700000000001,0.002,0.002
20.03.2020 08:43:47.704 GMT-0500,115.473,115.26700000000001,0.0008,0.002
20.03.2020 08:43:48.364 GMT-0500,115.473,115.268,0.0008,0.0008
20.03.2020 08:43:48.414 GMT-0500,115.492,115.268,0.0008,0.0008
20.03.2020 08:43:50.205 GMT-0500,115.493,115.29700000000001,0.002,0.0008
20.03.2020 08:43:50.882 GMT-0500,115.47200000000001,115.298,0.0008,0.0008
20.03.2020 08:43:51.034 GMT-0500,115.473,115.29700000000001,0.002,0.0008
20.03.2020 08:43:51.243 GMT-0500,115.43299999999999,115.26700000000001,0.002,0.002
20.03.2020 08:43:52.651 GMT-0500,115.43299999999999,115.318,0.0008,0.0008
20.03.2020 08:43:52.702 GMT-0500,115.492,115.318,0.002,0.002
20.03.2020 08:43:52.936 GMT-0500,115.493,115.31700000000001,0.002,0.0008
20.03.2020 08:43:52.987 GMT-0500,115.493,115.26700000000001,0.002,0.002
20.03.2020 08:43:57.068 GMT-0500,115.492,115.268,0.0008,0.0008
20.03.2020 08:43:57.217 GMT-0500,115.43299999999999,115.26700000000001,0.0008,0.002
20.03.2020 08:43:57.268 GMT-0500,115.492,115.268,0.0008,0.0008
20.03.2020 08:43:57.408 GMT-0500,115.493,115.26700000000001,0.002,0.002
20.03.2020 08:43:57.535 GMT-0500,115.492,115.268,0.0008,0.0008
20.03.2020 08:43:57.698 GMT-0500,115.462,115.268,0.0008,0.0008
20.03.2020 08:44:02.856 GMT-0500,115.43299999999999,115.32700000000001,0.002,0.002
20.03.2020 08:44:03.561 GMT-0500,115.333,115.26700000000001,0.002,0.002
20.03.2020 08:44:03.612 GMT-0500,115.413,115.26700000000001,0.002,0.002
20.03.2020 08:44:04.788 GMT-0500,115.413,115.268,0.0008,0.0008
20.03.2020 08:44:04.839 GMT-0500,115.50200000000001,115.268,0.002,0.002
20.03.2020 08:44:07.050 GMT-0500,115.40200000000002,115.268,0.0008,0.002
20.03.2020 08:44:07.586 GMT-0500,115.352,115.21799999999999,0.0008,0.0008
20.03.2020 08:44:07.639 GMT-0500,115.40299999999999,115.21700000000001,0.002,0.002
20.03.2020 08:44:09.514 GMT-0500,115.40200000000002,115.21799999999999,0.0008,0.0008
20.03.2020 08:44:10.417 GMT-0500,115.37299999999999,115.21799999999999,0.0008,0.0008
20.03.2020 08:44:10.469 GMT-0500,115.29299999999999,115.07700000000001,0.002,0.002
20.03.2020 08:44:10.610 GMT-0500,115.29200000000002,115.018,0.0008,0.0008
20.03.2020 08:44:10.780 GMT-0500,115.213,115.018,0.0008,0.0008
20.03.2020 08:44:12.536 GMT-0500,115.20200000000001,115.018,0.0008,0.002
20.03.2020 08:44:14.510 GMT-0500,115.20299999999999,115.018,0.0008,0.0008
20.03.2020 08:44:14.560 GMT-0500,115.29200000000002,115.018,0.0008,0.0008
20.03.2020 08:44:15.986 GMT-0500,115.19200000000001,115.018,0.0008,0.002
20.03.2020 08:44:16.478 GMT-0500,115.193,115.01700000000001,0.002,0.002
20.03.2020 08:44:16.662 GMT-0500,115.19200000000001,115.01700000000001,0.0008,0.0008
20.03.2020 08:44:16.713 GMT-0500,115.19200000000001,114.99799999999999,0.0008,0.0008
20.03.2020 08:44:16.931 GMT-0500,115.193,114.99700000000001,0.002,0.002
20.03.2020 08:44:17.105 GMT-0500,115.113,114.99700000000001,0.0008,0.002
20.03.2020 08:44:17.156 GMT-0500,115.193,114.99700000000001,0.002,0.002
20.03.2020 08:44:17.438 GMT-0500,115.19200000000001,115.018,0.0008,0.0008
20.03.2020 08:44:17.859 GMT-0500,115.022,115.005,0.0008,0.0008
20.03.2020 08:44:17.909 GMT-0500,115.023,114.787,0.002,0.002
20.03.2020 08:44:18.866 GMT-0500,114.943,114.788,0.0008,0.0008
20.03.2020 08:44:18.967 GMT-0500,114.94200000000001,114.788,0.0008,0.0008
20.03.2020 08:44:19.876 GMT-0500,114.943,114.788,0.0008,0.0008
20.03.2020 08:44:19.926 GMT-0500,114.97200000000001,114.788,0.002,0.002
20.03.2020 08:44:20.092 GMT-0500,114.913,114.788,0.0008,0.0008
20.03.2020 08:44:20.142 GMT-0500,114.97200000000001,114.788,0.002,0.002
20.03.2020 08:44:20.307 GMT-0500,114.95200000000001,114.788,0.0008,0.002
20.03.2020 08:44:20.408 GMT-0500,114.95200000000001,114.768,0.0008,0.0008
20.03.2020 08:44:20.883 GMT-0500,114.93299999999999,114.768,0.0008,0.0008
20.03.2020 08:44:21.057 GMT-0500,114.923,114.76700000000001,0.0008,0.002
20.03.2020 08:44:21.158 GMT-0500,114.92200000000001,114.66799999999999,0.002,0.002
20.03.2020 08:44:21.372 GMT-0500,114.92200000000001,114.677,0.0008,0.0008
20.03.2020 08:44:21.473 GMT-0500,114.92200000000001,114.66799999999999,0.002,0.002
20.03.2020 08:44:21.747 GMT-0500,114.93299999999999,114.66700000000002,0.002,0.002
20.03.2020 08:44:21.816 GMT-0500,114.93200000000002,114.728,0.0008,0.0008
20.03.2020 08:44:21.917 GMT-0500,114.92200000000001,114.728,0.0008,0.0008
20.03.2020 08:44:23.315 GMT-0500,114.913,114.728,0.0008,0.0008
20.03.2020 08:44:23.582 GMT-0500,114.913,114.677,0.002,0.002
20.03.2020 08:44:23.699 GMT-0500,114.912,114.66799999999999,0.002,0.002
20.03.2020 08:44:23.847 GMT-0500,114.92200000000001,114.66799999999999,0.0008,0.0008
20.03.2020 08:44:24.224 GMT-0500,114.92200000000001,114.678,0.0008,0.0008
20.03.2020 08:44:24.325 GMT-0500,114.92200000000001,114.66799999999999,0.002,0.002
20.03.2020 08:44:24.708 GMT-0500,114.923,114.66700000000002,0.002,0.002
20.03.2020 08:44:25.015 GMT-0500,114.92200000000001,114.66799999999999,0.0008,0.0008
20.03.2020 08:44:29.255 GMT-0500,114.853,114.66799999999999,0.0008,0.0008
20.03.2020 08:44:29.305 GMT-0500,114.852,114.538,0.002,0.002
20.03.2020 08:44:29.932 GMT-0500,114.742,114.538,0.0008,0.002
20.03.2020 08:44:31.286 GMT-0500,114.743,114.537,0.002,0.002
20.03.2020 08:44:31.617 GMT-0500,114.743,114.43700000000001,0.002,0.002
20.03.2020 08:44:32.198 GMT-0500,114.742,114.43799999999999,0.0008,0.0008
20.03.2020 08:44:33.081 GMT-0500,114.743,114.43700000000001,0.002,0.002
20.03.2020 08:44:33.487 GMT-0500,114.742,114.43799999999999,0.0008,0.0008
20.03.2020 08:44:35.018 GMT-0500,114.69200000000001,114.43799999999999,0.0008,0.0008
20.03.2020 08:44:35.220 GMT-0500,114.69200000000001,114.518,0.002,0.002
20.03.2020 08:44:36.431 GMT-0500,114.69200000000001,114.43799999999999,0.0008,0.0008
20.03.2020 08:44:37.913 GMT-0500,114.68200000000002,114.43799999999999,0.0008,0.0008
20.03.2020 08:44:39.188 GMT-0500,114.632,114.43700000000001,0.0008,0.0008
20.03.2020 08:44:39.239 GMT-0500,114.632,114.38799999999999,0.0008,0.0008
20.03.2020 08:44:41.146 GMT-0500,114.633,114.38700000000001,0.0008,0.002
20.03.2020 08:44:41.197 GMT-0500,114.643,114.38700000000001,0.002,0.002
20.03.2020 08:44:41.274 GMT-0500,114.62200000000001,114.38799999999999,0.0008,0.0008
20.03.2020 08:44:41.527 GMT-0500,114.58200000000001,114.38799999999999,0.0008,0.0008
20.03.2020 08:44:41.578 GMT-0500,114.62200000000001,114.38799999999999,0.0008,0.0008
20.03.2020 08:44:42.793 GMT-0500,114.62200000000001,114.478,0.0008,0.0008
20.03.2020 08:44:42.843 GMT-0500,114.62200000000001,114.38799999999999,0.0008,0.0008
20.03.2020 08:44:42.959 GMT-0500,114.58200000000001,114.38799999999999,0.0008,0.0008
20.03.2020 08:44:43.009 GMT-0500,114.62299999999999,114.38700000000001,0.002,0.002
20.03.2020 08:44:43.061 GMT-0500,114.56200000000001,114.38799999999999,0.0008,0.0008
20.03.2020 08:44:43.112 GMT-0500,114.62200000000001,114.38799999999999,0.0008,0.0008
20.03.2020 08:44:44.243 GMT-0500,114.62299999999999,114.38700000000001,0.002,0.002
20.03.2020 08:44:44.460 GMT-0500,114.62200000000001,114.38799999999999,0.002,0.002
20.03.2020 08:44:45.140 GMT-0500,114.62299999999999,114.38700000000001,0.002,0.002
20.03.2020 08:44:45.240 GMT-0500,114.62200000000001,114.30799999999999,0.0008,0.0008
20.03.2020 08:44:45.516 GMT-0500,114.62299999999999,114.30700000000002,0.002,0.002
20.03.2020 08:44:45.695 GMT-0500,114.62200000000001,114.30799999999999,0.0008,0.0008
20.03.2020 08:44:47.730 GMT-0500,114.62299999999999,114.23700000000001,0.002,0.002
20.03.2020 08:44:47.781 GMT-0500,114.62200000000001,114.228,0.0008,0.0008
20.03.2020 08:44:48.975 GMT-0500,114.62299999999999,114.23700000000001,0.002,0.0008
20.03.2020 08:44:49.165 GMT-0500,114.62200000000001,114.238,0.0008,0.0008
20.03.2020 08:44:49.859 GMT-0500,114.62200000000001,114.24799999999999,0.0008,0.0008
20.03.2020 08:44:50.261 GMT-0500,114.62299999999999,114.23700000000001,0.002,0.002
20.03.2020 08:44:53.113 GMT-0500,114.62200000000001,114.24799999999999,0.002,0.002
20.03.2020 08:44:53.414 GMT-0500,114.62200000000001,114.238,0.002,0.002
20.03.2020 08:44:54.993 GMT-0500,114.62200000000001,114.32700000000001,0.0008,0.0008
20.03.2020 08:44:55.202 GMT-0500,114.62200000000001,114.447,0.0008,0.0008
20.03.2020 08:44:55.404 GMT-0500,114.742,114.598,0.002,0.0008
20.03.2020 08:44:55.455 GMT-0500,114.742,114.52799999999999,0.0008,0.0008
20.03.2020 08:44:55.505 GMT-0500,114.68299999999999,114.52700000000002,0.002,0.002
20.03.2020 08:44:55.643 GMT-0500,114.68200000000002,114.52700000000002,0.0008,0.0008
20.03.2020 08:44:55.694 GMT-0500,114.68200000000002,114.448,0.0008,0.0008
20.03.2020 08:44:55.858 GMT-0500,114.68299999999999,114.52700000000002,0.002,0.0008
20.03.2020 08:44:56.039 GMT-0500,114.68200000000002,114.59700000000001,0.0008,0.0008
20.03.2020 08:44:56.089 GMT-0500,114.742,114.598,0.002,0.002
20.03.2020 08:44:56.140 GMT-0500,114.742,114.52799999999999,0.0008,0.0008
20.03.2020 08:44:56.539 GMT-0500,114.742,114.458,0.0008,0.0008
20.03.2020 08:44:56.686 GMT-0500,114.742,114.45700000000001,0.0008,0.0008
20.03.2020 08:44:56.737 GMT-0500,114.742,114.448,0.002,0.002
20.03.2020 08:44:56.879 GMT-0500,114.742,114.52799999999999,0.002,0.0008
20.03.2020 08:44:57.848 GMT-0500,114.64200000000001,114.52799999999999,0.0008,0.002
20.03.2020 08:44:57.898 GMT-0500,114.59200000000001,114.448,0.0008,0.0008
20.03.2020 08:44:57.949 GMT-0500,114.742,114.448,0.002,0.002
20.03.2020 08:44:58.078 GMT-0500,114.662,114.448,0.0008,0.0008
20.03.2020 08:44:58.129 GMT-0500,114.662,114.338,0.002,0.002
20.03.2020 08:44:58.249 GMT-0500,114.662,114.32799999999999,0.0008,0.0008
20.03.2020 08:44:58.739 GMT-0500,114.662,114.338,0.002,0.0008
20.03.2020 08:44:59.013 GMT-0500,114.663,114.337,0.002,0.002
20.03.2020 08:44:59.511 GMT-0500,114.662,114.348,0.0008,0.0008
20.03.2020 08:44:59.715 GMT-0500,114.663,114.337,0.002,0.002
20.03.2020 08:45:02.531 GMT-0500,114.663,114.478,0.0008,0.0008
20.03.2020 08:45:02.581 GMT-0500,114.742,114.478,0.0008,0.0008
20.03.2020 08:45:04.953 GMT-0500,114.742,114.408,0.0008,0.0008
20.03.2020 08:45:05.271 GMT-0500,114.743,114.48700000000001,0.002,0.0008
20.03.2020 08:45:06.125 GMT-0500,114.742,114.488,0.0008,0.0008
20.03.2020 08:45:06.316 GMT-0500,114.613,114.488,0.0008,0.0008
20.03.2020 08:45:06.366 GMT-0500,114.613,114.23700000000001,0.002,0.002
20.03.2020 08:45:06.862 GMT-0500,114.61200000000001,114.24799999999999,0.002,0.0008
20.03.2020 08:45:07.609 GMT-0500,114.613,114.257,0.002,0.0008
20.03.2020 08:45:07.759 GMT-0500,114.37200000000001,114.10799999999999,0.0008,0.0008
20.03.2020 08:45:07.978 GMT-0500,114.37299999999999,114.13700000000001,0.002,0.0008
20.03.2020 08:45:08.129 GMT-0500,114.45299999999999,114.18700000000001,0.002,0.002
20.03.2020 08:45:08.444 GMT-0500,114.53200000000001,114.32799999999999,0.002,0.002
20.03.2020 08:45:08.963 GMT-0500,114.533,114.18700000000001,0.002,0.002
20.03.2020 08:45:09.264 GMT-0500,114.53200000000001,114.198,0.0008,0.0008
20.03.2020 08:45:09.416 GMT-0500,114.533,114.197,0.002,0.0008
20.03.2020 08:45:09.467 GMT-0500,114.53200000000001,114.18799999999999,0.0008,0.0008
20.03.2020 08:45:09.622 GMT-0500,114.53200000000001,114.32799999999999,0.0008,0.0008
20.03.2020 08:45:10.511 GMT-0500,114.533,114.32700000000001,0.002,0.0008
20.03.2020 08:45:10.562 GMT-0500,114.53200000000001,114.18799999999999,0.0008,0.0008
20.03.2020 08:45:10.664 GMT-0500,114.53200000000001,114.198,0.0008,0.0008
20.03.2020 08:45:10.833 GMT-0500,114.523,114.198,0.0008,0.0008
20.03.2020 08:45:11.151 GMT-0500,114.53200000000001,114.198,0.0008,0.0008
20.03.2020 08:45:11.680 GMT-0500,114.45200000000001,114.148,0.0008,0.0008
20.03.2020 08:45:11.825 GMT-0500,114.302,114.148,0.0008,0.0008
20.03.2020 08:45:12.177 GMT-0500,114.303,114.148,0.0008,0.0008
20.03.2020 08:45:12.227 GMT-0500,114.45200000000001,114.148,0.0008,0.0008
20.03.2020 08:45:13.627 GMT-0500,114.44200000000001,114.238,0.0008,0.0008
20.03.2020 08:45:13.678 GMT-0500,114.45200000000001,114.21799999999999,0.002,0.002
20.03.2020 08:45:14.949 GMT-0500,114.45200000000001,114.30799999999999,0.0008,0.0008
20.03.2020 08:45:14.999 GMT-0500,114.53200000000001,114.30799999999999,0.0008,0.0008
20.03.2020 08:45:15.424 GMT-0500,114.533,114.30700000000002,0.002,0.002
20.03.2020 08:45:15.698 GMT-0500,114.45200000000001,114.30799999999999,0.0008,0.0008
20.03.2020 08:45:15.854 GMT-0500,114.45200000000001,114.21799999999999,0.002,0.002
20.03.2020 08:45:16.599 GMT-0500,114.45200000000001,114.148,0.0008,0.0008
20.03.2020 08:45:17.609 GMT-0500,114.45299999999999,114.18700000000001,0.002,0.0008
20.03.2020 08:45:18.968 GMT-0500,114.37299999999999,114.18799999999999,0.0008,0.0008
20.03.2020 08:45:19.018 GMT-0500,114.37200000000001,114.148,0.0008,0.0008
20.03.2020 08:45:19.099 GMT-0500,114.37200000000001,114.158,0.002,0.0008
20.03.2020 08:45:19.149 GMT-0500,114.37200000000001,114.148,0.0008,0.0008
20.03.2020 08:45:22.168 GMT-0500,114.37200000000001,114.158,0.002,0.0008
20.03.2020 08:45:22.333 GMT-0500,114.36200000000001,114.15700000000001,0.0008,0.0008
20.03.2020 08:45:22.384 GMT-0500,114.36200000000001,114.148,0.0008,0.0008
20.03.2020 08:45:24.566 GMT-0500,114.283,114.147,0.0008,0.0008
20.03.2020 08:45:24.667 GMT-0500,114.20299999999999,114.06700000000001,0.002,0.002
20.03.2020 08:45:24.885 GMT-0500,114.143,114.06700000000001,0.002,0.002
20.03.2020 08:45:24.936 GMT-0500,114.12200000000001,113.99799999999999,0.0008,0.0008
20.03.2020 08:45:25.187 GMT-0500,114.12200000000001,114.02700000000002,0.0008,0.0008
20.03.2020 08:45:25.238 GMT-0500,114.29200000000002,113.99799999999999,0.002,0.002
20.03.2020 08:45:25.338 GMT-0500,114.37299999999999,114.07700000000001,0.002,0.002
20.03.2020 08:45:25.388 GMT-0500,114.34299999999999,114.07700000000001,0.002,0.002
20.03.2020 08:45:25.589 GMT-0500,114.34200000000001,114.07799999999999,0.0008,0.0008
20.03.2020 08:45:25.640 GMT-0500,114.34200000000001,113.99799999999999,0.002,0.002
20.03.2020 08:45:30.171 GMT-0500,114.34200000000001,114.008,0.0008,0.0008
20.03.2020 08:45:30.335 GMT-0500,114.283,114.007,0.0008,0.0008
20.03.2020 08:45:30.385 GMT-0500,114.28200000000001,113.99799999999999,0.0008,0.0008
20.03.2020 08:45:30.801 GMT-0500,114.283,113.99700000000001,0.0008,0.002
20.03.2020 08:45:30.851 GMT-0500,114.34200000000001,114.07799999999999,0.0008,0.0008
20.03.2020 08:45:31.574 GMT-0500,114.34299999999999,114.07799999999999,0.0008,0.0008
20.03.2020 08:45:31.625 GMT-0500,114.37200000000001,114.07799999999999,0.0008,0.0008
20.03.2020 08:45:31.683 GMT-0500,114.303,114.07700000000001,0.002,0.002
20.03.2020 08:45:33.585 GMT-0500,114.303,114.208,0.0008,0.0008
20.03.2020 08:45:33.635 GMT-0500,114.533,114.20700000000001,0.002,0.002
20.03.2020 08:45:33.816 GMT-0500,114.462,114.208,0.0008,0.002
20.03.2020 08:45:34.244 GMT-0500,114.463,114.208,0.0008,0.0008
20.03.2020 08:45:34.294 GMT-0500,114.53200000000001,114.208,0.002,0.002
20.03.2020 08:45:35.448 GMT-0500,114.462,114.208,0.002,0.002
20.03.2020 08:45:36.025 GMT-0500,114.53200000000001,114.208,0.0008,0.0008
20.03.2020 08:45:36.263 GMT-0500,114.462,114.208,0.0008,0.002
20.03.2020 08:45:41.309 GMT-0500,114.462,114.238,0.002,0.0008
20.03.2020 08:45:41.410 GMT-0500,114.53200000000001,114.238,0.002,0.002
20.03.2020 08:45:41.560 GMT-0500,114.44200000000001,114.238,0.002,0.002
20.03.2020 08:45:46.910 GMT-0500,114.443,114.23700000000001,0.001,0.0008
20.03.2020 08:45:46.961 GMT-0500,114.23299999999999,113.99700000000001,0.002,0.002
20.03.2020 08:45:47.199 GMT-0500,114.28200000000001,113.99799999999999,0.002,0.002
20.03.2020 08:45:55.724 GMT-0500,114.22200000000001,113.99799999999999,0.0008,0.0008
20.03.2020 08:45:55.952 GMT-0500,114.20200000000001,113.99799999999999,0.0008,0.0008
20.03.2020 08:45:58.135 GMT-0500,114.20299999999999,114.01700000000001,0.002,0.0008
20.03.2020 08:45:58.556 GMT-0500,114.20200000000001,114.01700000000001,0.0008,0.0008
20.03.2020 08:45:58.607 GMT-0500,114.20200000000001,113.99799999999999,0.002,0.002
20.03.2020 08:45:59.572 GMT-0500,114.20299999999999,113.99700000000001,0.002,0.002
20.03.2020 08:45:59.751 GMT-0500,114.20200000000001,113.99799999999999,0.0008,0.0008
20.03.2020 08:46:00.241 GMT-0500,114.20299999999999,114.037,0.0008,0.0008
20.03.2020 08:46:00.291 GMT-0500,114.28200000000001,114.038,0.0008,0.0008
20.03.2020 08:46:00.383 GMT-0500,114.193,114.037,0.0008,0.0008
20.03.2020 08:46:00.434 GMT-0500,114.193,113.99700000000001,0.002,0.002
20.03.2020 08:46:00.748 GMT-0500,114.19200000000001,113.99799999999999,0.0008,0.0008
20.03.2020 08:46:03.102 GMT-0500,113.993,113.70700000000001,0.002,0.002
20.03.2020 08:46:03.979 GMT-0500,113.893,113.70700000000001,0.0008,0.0008
20.03.2020 08:46:04.030 GMT-0500,113.89200000000001,113.60799999999999,0.002,0.002
20.03.2020 08:46:05.335 GMT-0500,113.89200000000001,113.70700000000001,0.0008,0.0008
20.03.2020 08:46:06.796 GMT-0500,113.89200000000001,113.708,0.0008,0.0008
20.03.2020 08:46:07.232 GMT-0500,113.89200000000001,113.788,0.0008,0.0008
20.03.2020 08:46:07.333 GMT-0500,113.912,113.788,0.0008,0.0008
20.03.2020 08:46:08.111 GMT-0500,113.912,113.84700000000001,0.0008,0.0008
20.03.2020 08:46:08.162 GMT-0500,113.993,113.787,0.002,0.002
20.03.2020 08:46:09.947 GMT-0500,113.993,113.70700000000001,0.002,0.002
20.03.2020 08:46:11.981 GMT-0500,113.993,113.60700000000001,0.002,0.002
20.03.2020 08:46:12.350 GMT-0500,113.992,113.68799999999999,0.0008,0.0008
20.03.2020 08:46:12.915 GMT-0500,113.993,113.68700000000001,0.002,0.002
20.03.2020 08:46:13.079 GMT-0500,113.992,113.788,0.002,0.002
20.03.2020 08:46:14.866 GMT-0500,113.993,113.68700000000001,0.002,0.002
20.03.2020 08:46:15.391 GMT-0500,113.992,113.788,0.0008,0.0008
20.03.2020 08:46:15.881 GMT-0500,113.992,113.68799999999999,0.0008,0.0008
20.03.2020 08:46:15.931 GMT-0500,113.882,113.618,0.0008,0.0008
20.03.2020 08:46:16.032 GMT-0500,113.87200000000001,113.618,0.002,0.002
20.03.2020 08:46:16.160 GMT-0500,113.87299999999999,113.60700000000001,0.002,0.002
20.03.2020 08:46:16.261 GMT-0500,113.87200000000001,113.60799999999999,0.0008,0.0008
20.03.2020 08:46:17.708 GMT-0500,113.95200000000001,113.60799999999999,0.0008,0.0008
20.03.2020 08:46:18.665 GMT-0500,113.86200000000001,113.60799999999999,0.0008,0.002
20.03.2020 08:46:18.909 GMT-0500,113.95200000000001,113.68799999999999,0.002,0.002
20.03.2020 08:46:19.670 GMT-0500,113.83200000000001,113.60799999999999,0.0008,0.0008
20.03.2020 08:46:19.721 GMT-0500,113.87299999999999,113.60700000000001,0.002,0.002
20.03.2020 08:46:23.043 GMT-0500,113.87200000000001,113.68799999999999,0.0008,0.0008
20.03.2020 08:46:23.093 GMT-0500,113.893,113.68700000000001,0.002,0.002
20.03.2020 08:46:23.212 GMT-0500,113.893,113.74700000000001,0.002,0.0008
20.03.2020 08:46:23.322 GMT-0500,113.893,113.76700000000001,0.002,0.0008
20.03.2020 08:46:23.372 GMT-0500,113.89200000000001,113.68799999999999,0.0008,0.0008
20.03.2020 08:46:26.605 GMT-0500,113.87299999999999,113.68700000000001,0.0008,0.002
20.03.2020 08:46:26.655 GMT-0500,113.89200000000001,113.68799999999999,0.0008,0.0008
20.03.2020 08:46:28.063 GMT-0500,113.89200000000001,113.68700000000001,0.0008,0.0008
20.03.2020 08:46:28.113 GMT-0500,113.75200000000001,113.588,0.002,0.002
20.03.2020 08:46:28.163 GMT-0500,113.78200000000001,113.588,0.002,0.002
20.03.2020 08:46:28.315 GMT-0500,113.78200000000001,113.60799999999999,0.002,0.0008
20.03.2020 08:46:28.459 GMT-0500,113.783,113.60700000000001,0.002,0.0008
20.03.2020 08:46:28.509 GMT-0500,113.783,113.587,0.002,0.002
20.03.2020 08:46:31.056 GMT-0500,113.72200000000001,113.588,0.0008,0.0008
20.03.2020 08:46:31.157 GMT-0500,113.78200000000001,113.588,0.0008,0.0008
20.03.2020 08:46:31.370 GMT-0500,113.783,113.587,0.002,0.0008
20.03.2020 08:46:31.470 GMT-0500,113.662,113.43799999999999,0.0008,0.0008
20.03.2020 08:46:32.331 GMT-0500,113.65200000000002,113.43799999999999,0.0008,0.002
20.03.2020 08:46:33.325 GMT-0500,113.662,113.43799999999999,0.002,0.002
20.03.2020 08:46:34.188 GMT-0500,113.65299999999999,113.43799999999999,0.0008,0.0008
20.03.2020 08:46:35.104 GMT-0500,113.65299999999999,113.51700000000001,0.0008,0.0008
20.03.2020 08:46:35.154 GMT-0500,113.663,113.51700000000001,0.002,0.002
20.03.2020 08:46:35.640 GMT-0500,113.78200000000001,113.60799999999999,0.002,0.002
20.03.2020 08:46:35.941 GMT-0500,113.76200000000001,113.518,0.0008,0.0008
20.03.2020 08:46:36.969 GMT-0500,113.76200000000001,113.60799999999999,0.002,0.0008
20.03.2020 08:46:38.413 GMT-0500,113.87299999999999,113.60700000000001,0.002,0.002
20.03.2020 08:46:38.466 GMT-0500,113.773,113.60700000000001,0.0008,0.002
20.03.2020 08:46:38.636 GMT-0500,113.73200000000001,113.518,0.002,0.002
20.03.2020 08:46:39.852 GMT-0500,113.753,113.51700000000001,0.0008,0.002
20.03.2020 08:46:39.904 GMT-0500,113.772,113.518,0.0008,0.0008
20.03.2020 08:46:40.956 GMT-0500,113.79200000000002,113.518,0.0008,0.0008
20.03.2020 08:46:41.006 GMT-0500,113.70299999999999,113.51700000000001,0.002,0.002
20.03.2020 08:46:41.187 GMT-0500,113.693,113.51700000000001,0.0008,0.002
20.03.2020 08:46:41.453 GMT-0500,113.69200000000001,113.51700000000001,0.0008,0.0008
20.03.2020 08:46:41.504 GMT-0500,113.69200000000001,113.43799999999999,0.0008,0.0008
20.03.2020 08:46:48.855 GMT-0500,113.69200000000001,113.518,0.0008,0.0008
20.03.2020 08:46:48.983 GMT-0500,113.70200000000001,113.538,0.0008,0.0008
20.03.2020 08:46:49.393 GMT-0500,113.70299999999999,113.537,0.002,0.002
20.03.2020 08:46:50.839 GMT-0500,113.68299999999999,113.538,0.0008,0.0008
20.03.2020 08:46:50.890 GMT-0500,113.68200000000002,113.43799999999999,0.0008,0.0008
20.03.2020 08:46:52.720 GMT-0500,113.59299999999999,113.43799999999999,0.0008,0.0008
20.03.2020 08:46:52.770 GMT-0500,113.59200000000001,113.35799999999999,0.0008,0.0008
20.03.2020 08:46:54.057 GMT-0500,113.59200000000001,113.43799999999999,0.0008,0.0008
20.03.2020 08:46:54.209 GMT-0500,113.56299999999999,113.43700000000001,0.002,0.0008
20.03.2020 08:46:54.260 GMT-0500,113.56299999999999,113.35700000000001,0.002,0.002
20.03.2020 08:46:56.139 GMT-0500,113.54200000000002,113.35799999999999,0.0008,0.0008
20.03.2020 08:46:59.780 GMT-0500,113.423,113.177,0.002,0.002
20.03.2020 08:47:00.074 GMT-0500,113.42200000000001,113.178,0.0008,0.0008
20.03.2020 08:47:00.349 GMT-0500,113.40299999999999,113.178,0.0008,0.0008
20.03.2020 08:47:00.399 GMT-0500,113.42200000000001,113.178,0.0008,0.0008
20.03.2020 08:47:01.652 GMT-0500,113.382,113.178,0.002,0.002
20.03.2020 08:47:03.762 GMT-0500,113.382,113.13799999999999,0.0008,0.0008
20.03.2020 08:47:04.010 GMT-0500,113.382,113.15700000000001,0.0008,0.0008
20.03.2020 08:47:04.477 GMT-0500,113.383,113.21700000000001,0.002,0.002
20.03.2020 08:47:05.201 GMT-0500,113.382,113.158,0.0008,0.0008
20.03.2020 08:47:08.613 GMT-0500,113.382,113.16700000000002,0.0008,0.0008
20.03.2020 08:47:09.206 GMT-0500,113.382,113.16799999999999,0.0008,0.0008
20.03.2020 08:47:11.339 GMT-0500,113.382,113.21700000000001,0.0008,0.0008
20.03.2020 08:47:11.668 GMT-0500,113.383,113.21700000000001,0.002,0.002
20.03.2020 08:47:12.233 GMT-0500,113.37200000000001,113.21799999999999,0.0008,0.0008
20.03.2020 08:47:12.339 GMT-0500,113.37299999999999,113.21700000000001,0.0008,0.002
20.03.2020 08:47:12.389 GMT-0500,113.382,113.21799999999999,0.0008,0.0008
20.03.2020 08:47:12.545 GMT-0500,113.37299999999999,113.21799999999999,0.0008,0.0008
20.03.2020 08:47:12.934 GMT-0500,113.382,113.21799999999999,0.002,0.002
20.03.2020 08:47:14.759 GMT-0500,113.37299999999999,113.21700000000001,0.0008,0.0008
20.03.2020 08:47:14.809 GMT-0500,113.37200000000001,113.158,0.0008,0.0008
20.03.2020 08:47:14.860 GMT-0500,113.39200000000001,113.228,0.0008,0.0008
20.03.2020 08:47:15.117 GMT-0500,113.51299999999999,113.227,0.002,0.002
20.03.2020 08:47:15.425 GMT-0500,113.43200000000002,113.228,0.002,0.002
20.03.2020 08:47:15.564 GMT-0500,113.43299999999999,113.197,0.002,0.002
20.03.2020 08:47:15.836 GMT-0500,113.51200000000001,113.238,0.0008,0.0008
20.03.2020 08:47:15.918 GMT-0500,113.51299999999999,113.29700000000001,0.002,0.0008
20.03.2020 08:47:16.019 GMT-0500,113.51299999999999,113.30700000000002,0.002,0.002
20.03.2020 08:47:16.136 GMT-0500,113.51299999999999,113.23700000000001,0.002,0.002
20.03.2020 08:47:16.253 GMT-0500,113.383,113.30700000000002,0.0008,0.0008
20.03.2020 08:47:16.587 GMT-0500,113.383,113.31700000000001,0.0008,0.0008
20.03.2020 08:47:16.637 GMT-0500,113.50200000000001,113.318,0.0008,0.0008
20.03.2020 08:47:16.760 GMT-0500,113.51200000000001,113.238,0.0008,0.0008
20.03.2020 08:47:17.013 GMT-0500,113.51200000000001,113.258,0.0008,0.0008
20.03.2020 08:47:17.114 GMT-0500,113.59200000000001,113.238,0.0008,0.0008
20.03.2020 08:47:17.283 GMT-0500,113.59200000000001,113.378,0.002,0.002
20.03.2020 08:47:17.597 GMT-0500,113.59200000000001,113.38799999999999,0.0008,0.0008
20.03.2020 08:47:18.103 GMT-0500,113.59299999999999,113.37700000000001,0.002,0.002
20.03.2020 08:47:18.188 GMT-0500,113.51200000000001,113.378,0.0008,0.0008
20.03.2020 08:47:19.001 GMT-0500,113.68200000000002,113.46799999999999,0.0008,0.0008
20.03.2020 08:47:19.052 GMT-0500,113.79299999999999,113.48700000000001,0.002,0.002
20.03.2020 08:47:19.119 GMT-0500,113.79200000000002,113.57799999999999,0.0008,0.0008
20.03.2020 08:47:19.847 GMT-0500,113.992,113.57799999999999,0.002,0.002
20.03.2020 08:47:20.125 GMT-0500,113.992,113.587,0.0008,0.0008
20.03.2020 08:47:20.384 GMT-0500,113.993,113.587,0.0008,0.002
20.03.2020 08:47:20.435 GMT-0500,114.12299999999999,113.587,0.002,0.002
20.03.2020 08:47:20.724 GMT-0500,114.12200000000001,113.588,0.0008,0.0008
20.03.2020 08:47:20.824 GMT-0500,114.12200000000001,113.66799999999999,0.0008,0.0008
20.03.2020 08:47:20.942 GMT-0500,113.992,113.678,0.002,0.002
20.03.2020 08:47:21.781 GMT-0500,114.12200000000001,113.678,0.002,0.002
20.03.2020 08:47:22.570 GMT-0500,113.993,113.678,0.0008,0.0008
20.03.2020 08:47:23.332 GMT-0500,113.993,113.677,0.0008,0.002
20.03.2020 08:47:23.382 GMT-0500,114.12200000000001,113.678,0.0008,0.0008
20.03.2020 08:47:23.512 GMT-0500,114.11200000000001,113.678,0.0008,0.0008
20.03.2020 08:47:23.613 GMT-0500,114.12299999999999,113.677,0.002,0.002
20.03.2020 08:47:24.249 GMT-0500,114.11200000000001,113.678,0.0008,0.0008
20.03.2020 08:47:24.436 GMT-0500,113.98299999999999,113.678,0.0008,0.0008
20.03.2020 08:47:27.350 GMT-0500,113.98200000000001,113.70700000000001,0.0008,0.0008
20.03.2020 08:47:27.697 GMT-0500,113.98299999999999,113.70700000000001,0.002,0.0008
20.03.2020 08:47:27.748 GMT-0500,113.98200000000001,113.678,0.0008,0.0008
20.03.2020 08:47:28.438 GMT-0500,113.98200000000001,113.738,0.002,0.0008
20.03.2020 08:47:30.468 GMT-0500,113.98200000000001,113.74700000000001,0.0008,0.0008
20.03.2020 08:47:30.518 GMT-0500,114.00200000000001,113.74799999999999,0.0008,0.0008
20.03.2020 08:47:31.567 GMT-0500,113.712,113.488,0.0008,0.0008
20.03.2020 08:47:31.618 GMT-0500,113.79299999999999,113.48700000000001,0.002,0.002
20.03.2020 08:47:32.022 GMT-0500,113.78200000000001,113.488,0.0008,0.0008
20.03.2020 08:47:32.073 GMT-0500,113.79200000000002,113.488,0.0008,0.0008
20.03.2020 08:47:33.496 GMT-0500,113.65299999999999,113.48700000000001,0.0008,0.0008
20.03.2020 08:47:33.546 GMT-0500,113.65200000000002,113.478,0.0008,0.0008
20.03.2020 08:47:38.446 GMT-0500,113.56200000000001,113.478,0.0008,0.0008
20.03.2020 08:47:38.496 GMT-0500,113.56200000000001,113.318,0.002,0.002
20.03.2020 08:47:38.999 GMT-0500,113.56200000000001,113.398,0.0008,0.0008
20.03.2020 08:47:39.049 GMT-0500,113.65200000000002,113.398,0.0008,0.0008
20.03.2020 08:47:40.905 GMT-0500,113.87200000000001,113.398,0.0008,0.0008
20.03.2020 08:47:42.796 GMT-0500,113.95200000000001,113.398,0.0008,0.0008
20.03.2020 08:47:43.240 GMT-0500,113.86200000000001,113.398,0.0008,0.0008
20.03.2020 08:47:46.144 GMT-0500,113.86200000000001,113.397,0.0008,0.0008
20.03.2020 08:47:46.194 GMT-0500,113.86200000000001,113.318,0.0008,0.0008
20.03.2020 08:47:46.980 GMT-0500,113.86200000000001,113.397,0.0008,0.0008
20.03.2020 08:47:49.360 GMT-0500,113.84200000000001,113.398,0.0008,0.0008
20.03.2020 08:47:52.663 GMT-0500,113.833,113.397,0.0008,0.002
20.03.2020 08:47:53.627 GMT-0500,113.833,113.40700000000001,0.002,0.0008
20.03.2020 08:47:55.178 GMT-0500,113.833,113.477,0.002,0.0008
20.03.2020 08:47:56.224 GMT-0500,113.83200000000001,113.478,0.0008,0.0008
20.03.2020 08:47:56.274 GMT-0500,113.863,113.477,0.002,0.002
20.03.2020 08:47:56.682 GMT-0500,113.86200000000001,113.55799999999999,0.0008,0.0008
20.03.2020 08:47:58.276 GMT-0500,113.83200000000001,113.55799999999999,0.0008,0.002
20.03.2020 08:47:59.579 GMT-0500,113.833,113.55799999999999,0.0008,0.0008
20.03.2020 08:47:59.630 GMT-0500,113.86200000000001,113.55799999999999,0.002,0.002
20.03.2020 08:47:59.754 GMT-0500,113.86200000000001,113.588,0.002,0.0008
20.03.2020 08:48:00.665 GMT-0500,113.84200000000001,113.588,0.0008,0.002
20.03.2020 08:48:00.716 GMT-0500,113.84200000000001,113.55799999999999,0.0008,0.0008
20.03.2020 08:48:01.106 GMT-0500,113.84200000000001,113.587,0.0008,0.0008
20.03.2020 08:48:02.259 GMT-0500,113.81200000000001,113.55799999999999,0.0008,0.0008
20.03.2020 08:48:02.570 GMT-0500,113.84299999999999,113.55700000000002,0.002,0.002
20.03.2020 08:48:02.917 GMT-0500,113.84200000000001,113.628,0.0008,0.0008
20.03.2020 08:48:03.032 GMT-0500,113.84200000000001,113.55799999999999,0.0008,0.0008
20.03.2020 08:48:03.088 GMT-0500,113.95200000000001,113.55799999999999,0.0008,0.0008
20.03.2020 08:48:03.138 GMT-0500,113.802,113.55799999999999,0.0008,0.0008
20.03.2020 08:48:06.521 GMT-0500,113.79299999999999,113.55700000000002,0.002,0.002
20.03.2020 08:48:12.588 GMT-0500,113.79200000000002,113.55799999999999,0.0008,0.0008
20.03.2020 08:48:12.926 GMT-0500,113.78200000000001,113.55799999999999,0.0008,0.0008
20.03.2020 08:48:15.487 GMT-0500,113.79200000000002,113.55799999999999,0.002,0.002
20.03.2020 08:48:17.619 GMT-0500,113.76299999999999,113.55799999999999,0.0008,0.0008
20.03.2020 08:48:17.720 GMT-0500,113.76299999999999,113.55700000000002,0.002,0.002
20.03.2020 08:48:20.412 GMT-0500,113.76200000000001,113.588,0.0008,0.0008
20.03.2020 08:48:20.526 GMT-0500,113.76200000000001,113.55799999999999,0.002,0.002
20.03.2020 08:48:21.272 GMT-0500,113.76200000000001,113.588,0.002,0.0008
20.03.2020 08:48:22.102 GMT-0500,113.76299999999999,113.587,0.002,0.002
