Local time,Ask,Bid,AskVolume,BidVolume
23.03.2020 08:30:03.101 GMT-0500,106.01200000000001,104.99799999999999,0.0008,0.0008
23.03.2020 08:30:03.202 GMT-0500,105.992,104.99799999999999,0.0008,0.0008
23.03.2020 08:30:03.353 GMT-0500,105.993,105.587,0.002,0.002
23.03.2020 08:30:03.706 GMT-0500,105.963,105.587,0.0008,0.002
23.03.2020 08:30:04.290 GMT-0500,105.962,105.71799999999999,0.0008,0.0008
23.03.2020 08:30:04.459 GMT-0500,105.95200000000001,105.71799999999999,0.002,0.002
23.03.2020 08:30:04.639 GMT-0500,105.94200000000001,105.728,0.002,0.0008
23.03.2020 08:30:04.882 GMT-0500,105.962,105.728,0.0008,0.0008
23.03.2020 08:30:05.476 GMT-0500,105.76299999999999,105.727,0.002,0.002
23.03.2020 08:30:05.577 GMT-0500,105.72200000000001,105.598,0.0008,0.0008
23.03.2020 08:30:05.683 GMT-0500,105.723,105.59700000000001,0.0008,0.002
23.03.2020 08:30:05.734 GMT-0500,105.75200000000001,105.598,0.0008,0.0008
23.03.2020 08:30:06.191 GMT-0500,105.75200000000001,105.677,0.0008,0.0008
23.03.2020 08:30:06.241 GMT-0500,105.76299999999999,105.65700000000001,0.002,0.002
23.03.2020 08:30:06.292 GMT-0500,105.962,105.708,0.002,0.002
23.03.2020 08:30:06.581 GMT-0500,105.962,104.99799999999999,0.0008,0.0008
23.03.2020 08:30:06.860 GMT-0500,105.962,105.65700000000001,0.0008,0.0008
23.03.2020 08:30:06.911 GMT-0500,105.962,104.99799999999999,0.0008,0.0008
23.03.2020 08:30:07.033 GMT-0500,105.912,104.99799999999999,0.002,0.002
23.03.2020 08:30:07.134 GMT-0500,105.56299999999999,104.99700000000001,0.002,0.002
23.03.2020 08:30:07.235 GMT-0500,105.56200000000001,105.048,0.0008,0.0008
23.03.2020 08:30:07.594 GMT-0500,105.53200000000001,105.048,0.0008,0.0008
23.03.2020 08:30:07.695 GMT-0500,105.39200000000001,104.99799999999999,0.002,0.002
23.03.2020 08:30:08.291 GMT-0500,105.15200000000002,104.99799999999999,0.0008,0.0008
23.03.2020 08:30:08.341 GMT-0500,104.97200000000001,103.99799999999999,0.0008,0.0008
23.03.2020 08:30:08.392 GMT-0500,105.173,103.99700000000001,0.002,0.002
23.03.2020 08:30:08.576 GMT-0500,105.39200000000001,104.198,0.002,0.0008
23.03.2020 08:30:08.677 GMT-0500,105.39200000000001,104.77799999999999,0.002,0.002
23.03.2020 08:30:08.944 GMT-0500,105.39200000000001,103.99799999999999,0.002,0.002
23.03.2020 08:30:09.434 GMT-0500,105.39200000000001,104.35799999999999,0.002,0.0008
23.03.2020 08:30:10.504 GMT-0500,105.253,104.35700000000001,0.0008,0.002
23.03.2020 08:30:10.555 GMT-0500,105.26200000000001,104.35799999999999,0.0008,0.0008
23.03.2020 08:30:10.682 GMT-0500,105.08200000000001,103.99799999999999,0.0008,0.0008
23.03.2020 08:30:10.827 GMT-0500,105.273,103.99700000000001,0.002,0.002
23.03.2020 08:30:10.877 GMT-0500,105.26200000000001,103.99799999999999,0.0008,0.0008
23.03.2020 08:30:11.069 GMT-0500,105.26299999999999,103.99700000000001,0.002,0.002
23.03.2020 08:30:11.218 GMT-0500,105.26299999999999,104.31700000000001,0.002,0.0008
23.03.2020 08:30:11.268 GMT-0500,105.003,103.99700000000001,0.002,0.002
23.03.2020 08:30:11.319 GMT-0500,105.01299999999999,103.99700000000001,0.002,0.002
23.03.2020 08:30:11.619 GMT-0500,104.75200000000001,103.99799999999999,0.0008,0.0008
23.03.2020 08:30:11.669 GMT-0500,104.993,103.99700000000001,0.002,0.002
23.03.2020 08:30:11.719 GMT-0500,104.882,103.99799999999999,0.0008,0.0008
23.03.2020 08:30:11.770 GMT-0500,104.993,103.99700000000001,0.002,0.002
23.03.2020 08:30:11.889 GMT-0500,104.993,103.99799999999999,0.0008,0.0008
23.03.2020 08:30:12.045 GMT-0500,105.04200000000002,103.99799999999999,0.0008,0.002
23.03.2020 08:30:12.331 GMT-0500,104.75200000000001,103.99799999999999,0.0008,0.002
23.03.2020 08:30:12.432 GMT-0500,104.742,103.99799999999999,0.0008,0.0008
23.03.2020 08:30:12.566 GMT-0500,104.45200000000001,103.99799999999999,0.0008,0.0008
23.03.2020 08:30:12.616 GMT-0500,104.662,103.99799999999999,0.0008,0.0008
23.03.2020 08:30:12.667 GMT-0500,104.65299999999999,103.99700000000001,0.002,0.002
23.03.2020 08:30:13.107 GMT-0500,104.33200000000001,103.99799999999999,0.0008,0.0008
23.03.2020 08:30:13.250 GMT-0500,104.322,102.99799999999999,0.0008,0.0008
23.03.2020 08:30:13.340 GMT-0500,104.132,102.99799999999999,0.0008,0.0008
23.03.2020 08:30:14.287 GMT-0500,104.103,103.337,0.002,0.0008
23.03.2020 08:30:14.690 GMT-0500,104.083,103.337,0.002,0.002
23.03.2020 08:30:14.816 GMT-0500,104.083,103.757,0.002,0.0008
23.03.2020 08:30:15.329 GMT-0500,104.06200000000001,103.758,0.002,0.002
23.03.2020 08:30:15.448 GMT-0500,104.052,103.758,0.0008,0.0008
23.03.2020 08:30:15.499 GMT-0500,104.06200000000001,103.758,0.0008,0.0008
23.03.2020 08:30:15.549 GMT-0500,104.022,103.758,0.0008,0.0008
23.03.2020 08:30:15.686 GMT-0500,103.993,103.757,0.002,0.002
23.03.2020 08:30:15.786 GMT-0500,103.863,102.99700000000001,0.002,0.002
23.03.2020 08:30:15.836 GMT-0500,103.852,102.99799999999999,0.0008,0.0008
23.03.2020 08:30:15.937 GMT-0500,103.833,102.99700000000001,0.002,0.002
23.03.2020 08:30:16.038 GMT-0500,103.73200000000001,102.99799999999999,0.0008,0.0008
23.03.2020 08:30:16.139 GMT-0500,103.693,102.99700000000001,0.002,0.002
23.03.2020 08:30:16.470 GMT-0500,103.742,102.99799999999999,0.0008,0.0008
23.03.2020 08:30:16.520 GMT-0500,104.072,103.68799999999999,0.0008,0.0008
23.03.2020 08:30:16.766 GMT-0500,104.073,102.99700000000001,0.002,0.002
23.03.2020 08:30:17.035 GMT-0500,104.06200000000001,102.99799999999999,0.0008,0.0008
23.03.2020 08:30:17.147 GMT-0500,104.06299999999999,102.99700000000001,0.002,0.002
23.03.2020 08:30:17.332 GMT-0500,103.87299999999999,102.99799999999999,0.0008,0.0008
23.03.2020 08:30:17.433 GMT-0500,103.87200000000001,102.99799999999999,0.0008,0.0008
23.03.2020 08:30:17.608 GMT-0500,103.863,102.99799999999999,0.0008,0.0008
23.03.2020 08:30:17.982 GMT-0500,103.86200000000001,103.088,0.0008,0.0008
23.03.2020 08:30:18.180 GMT-0500,103.853,103.087,0.0008,0.002
23.03.2020 08:30:18.281 GMT-0500,103.78200000000001,102.99799999999999,0.0008,0.0008
23.03.2020 08:30:18.331 GMT-0500,103.772,102.99799999999999,0.0008,0.0008
23.03.2020 08:30:19.508 GMT-0500,103.76200000000001,102.99799999999999,0.002,0.002
23.03.2020 08:30:19.693 GMT-0500,103.75200000000001,102.99799999999999,0.0008,0.002
23.03.2020 08:30:20.591 GMT-0500,103.73200000000001,102.99799999999999,0.0008,0.002
23.03.2020 08:30:20.692 GMT-0500,103.70200000000001,102.99799999999999,0.0008,0.0008
23.03.2020 08:30:20.842 GMT-0500,103.662,102.99799999999999,0.0008,0.0008
23.03.2020 08:30:20.951 GMT-0500,103.64200000000001,102.99799999999999,0.0008,0.0008
23.03.2020 08:30:21.187 GMT-0500,103.503,102.99700000000001,0.0008,0.002
23.03.2020 08:30:21.238 GMT-0500,103.522,102.99799999999999,0.0008,0.0008
23.03.2020 08:30:21.354 GMT-0500,103.742,102.99799999999999,0.0008,0.0008
23.03.2020 08:30:21.798 GMT-0500,103.742,103.378,0.0008,0.0008
23.03.2020 08:30:21.972 GMT-0500,103.73200000000001,103.378,0.0008,0.0008
23.03.2020 08:30:22.022 GMT-0500,103.73299999999999,102.99700000000001,0.002,0.002
23.03.2020 08:30:22.073 GMT-0500,103.742,103.32799999999999,0.002,0.002
23.03.2020 08:30:22.423 GMT-0500,103.742,103.428,0.0008,0.0008
23.03.2020 08:30:22.473 GMT-0500,103.742,103.32799999999999,0.0008,0.0008
23.03.2020 08:30:22.932 GMT-0500,103.46000000000001,103.32799999999999,0.0008,0.002
23.03.2020 08:30:22.982 GMT-0500,103.743,103.32700000000001,0.002,0.002
23.03.2020 08:30:23.395 GMT-0500,103.54200000000002,103.32700000000001,0.0008,0.0008
23.03.2020 08:30:23.445 GMT-0500,103.742,102.99799999999999,0.002,0.002
23.03.2020 08:30:23.546 GMT-0500,103.73200000000001,103.008,0.002,0.002
23.03.2020 08:30:23.646 GMT-0500,103.742,102.99799999999999,0.0008,0.0008
23.03.2020 08:30:23.813 GMT-0500,103.742,103.21799999999999,0.0008,0.0008
23.03.2020 08:30:23.864 GMT-0500,103.743,102.99700000000001,0.002,0.002
23.03.2020 08:30:24.110 GMT-0500,103.363,103.007,0.0008,0.0008
23.03.2020 08:30:24.160 GMT-0500,103.742,102.99799999999999,0.0008,0.0008
23.03.2020 08:30:24.211 GMT-0500,103.33200000000001,102.99799999999999,0.0008,0.0008
23.03.2020 08:30:24.320 GMT-0500,103.742,102.99799999999999,0.0008,0.0008
23.03.2020 08:30:24.470 GMT-0500,103.743,103.10700000000001,0.002,0.0008
23.03.2020 08:30:24.797 GMT-0500,103.783,103.10700000000001,0.002,0.002
23.03.2020 08:30:24.984 GMT-0500,103.773,103.10700000000001,0.0008,0.002
23.03.2020 08:30:25.142 GMT-0500,103.78200000000001,103.10799999999999,0.002,0.002
23.03.2020 08:30:25.226 GMT-0500,103.78200000000001,103.12700000000001,0.0008,0.0008
23.03.2020 08:30:25.379 GMT-0500,103.783,102.99700000000001,0.002,0.002
23.03.2020 08:30:25.429 GMT-0500,103.273,102.99700000000001,0.002,0.002
23.03.2020 08:30:25.479 GMT-0500,103.352,102.99799999999999,0.0008,0.0008
23.03.2020 08:30:25.644 GMT-0500,103.783,102.99700000000001,0.002,0.002
23.03.2020 08:30:25.694 GMT-0500,103.352,102.99799999999999,0.0008,0.0008
23.03.2020 08:30:26.218 GMT-0500,103.353,103.09700000000001,0.002,0.0008
23.03.2020 08:30:26.788 GMT-0500,103.353,103.098,0.0008,0.0008
23.03.2020 08:30:26.913 GMT-0500,103.353,103.117,0.002,0.0008
23.03.2020 08:30:27.102 GMT-0500,103.78200000000001,103.46799999999999,0.002,0.002
23.03.2020 08:30:27.202 GMT-0500,103.78200000000001,103.318,0.002,0.002
23.03.2020 08:30:27.253 GMT-0500,103.783,103.367,0.002,0.002
23.03.2020 08:30:27.449 GMT-0500,103.78200000000001,103.367,0.0008,0.0008
23.03.2020 08:30:27.500 GMT-0500,103.78200000000001,103.318,0.002,0.002
23.03.2020 08:30:27.620 GMT-0500,103.78200000000001,103.367,0.0008,0.0008
23.03.2020 08:30:27.772 GMT-0500,103.783,103.31700000000001,0.002,0.002
23.03.2020 08:30:28.287 GMT-0500,103.772,103.318,0.0008,0.0008
23.03.2020 08:30:28.388 GMT-0500,103.78200000000001,103.318,0.002,0.002
23.03.2020 08:30:29.406 GMT-0500,103.773,103.318,0.0008,0.0008
23.03.2020 08:30:29.677 GMT-0500,103.78200000000001,103.318,0.002,0.002
23.03.2020 08:30:30.398 GMT-0500,103.772,103.318,0.0008,0.002
23.03.2020 08:30:30.718 GMT-0500,103.76200000000001,103.318,0.0008,0.0008
23.03.2020 08:30:30.960 GMT-0500,103.553,103.318,0.0008,0.0008
23.03.2020 08:30:31.010 GMT-0500,103.76200000000001,103.318,0.002,0.002
23.03.2020 08:30:31.149 GMT-0500,103.76299999999999,103.31700000000001,0.002,0.002
23.03.2020 08:30:31.272 GMT-0500,103.76299999999999,103.318,0.0008,0.0008
23.03.2020 08:30:31.323 GMT-0500,103.50200000000001,103.318,0.0008,0.0008
23.03.2020 08:30:31.519 GMT-0500,103.48200000000001,103.318,0.0008,0.0008
23.03.2020 08:30:31.569 GMT-0500,103.553,103.31700000000001,0.002,0.002
23.03.2020 08:30:32.325 GMT-0500,103.553,103.427,0.002,0.0008
23.03.2020 08:30:32.375 GMT-0500,103.552,103.35799999999999,0.0008,0.0008
23.03.2020 08:30:32.755 GMT-0500,103.552,103.38700000000001,0.0008,0.0008
23.03.2020 08:30:33.647 GMT-0500,103.553,103.38700000000001,0.002,0.002
23.03.2020 08:30:33.798 GMT-0500,103.78200000000001,103.458,0.0008,0.0008
23.03.2020 08:30:33.848 GMT-0500,103.78200000000001,103.49799999999999,0.002,0.002
23.03.2020 08:30:34.190 GMT-0500,103.783,103.507,0.002,0.0008
23.03.2020 08:30:34.712 GMT-0500,103.783,103.51700000000001,0.002,0.0008
23.03.2020 08:30:35.394 GMT-0500,103.783,103.537,0.002,0.0008
23.03.2020 08:30:35.445 GMT-0500,103.78200000000001,103.32799999999999,0.0008,0.0008
23.03.2020 08:30:35.742 GMT-0500,103.78200000000001,103.318,0.0008,0.0008
23.03.2020 08:30:36.304 GMT-0500,103.783,103.32700000000001,0.002,0.002
23.03.2020 08:30:36.470 GMT-0500,103.78200000000001,103.318,0.0008,0.0008
23.03.2020 08:30:36.526 GMT-0500,103.76200000000001,103.318,0.0008,0.0008
23.03.2020 08:30:36.576 GMT-0500,103.78200000000001,103.318,0.002,0.002
23.03.2020 08:30:36.939 GMT-0500,103.78200000000001,103.32700000000001,0.0008,0.0008
23.03.2020 08:30:37.040 GMT-0500,103.78200000000001,103.318,0.0008,0.0008
23.03.2020 08:30:37.697 GMT-0500,103.78200000000001,103.408,0.0008,0.0008
23.03.2020 08:30:38.517 GMT-0500,103.783,103.31700000000001,0.002,0.002
23.03.2020 08:30:39.022 GMT-0500,103.78200000000001,103.408,0.0008,0.0008
23.03.2020 08:30:39.700 GMT-0500,103.78200000000001,103.318,0.0008,0.0008
23.03.2020 08:30:40.155 GMT-0500,103.78200000000001,102.99799999999999,0.0008,0.0008
23.03.2020 08:30:40.206 GMT-0500,103.78200000000001,103.21799999999999,0.0008,0.0008
23.03.2020 08:30:40.256 GMT-0500,103.783,103.20700000000001,0.002,0.002
23.03.2020 08:30:40.368 GMT-0500,103.783,103.617,0.0008,0.0008
23.03.2020 08:30:40.419 GMT-0500,104.12299999999999,103.757,0.002,0.002
23.03.2020 08:30:40.563 GMT-0500,105.00200000000001,103.758,0.0008,0.0008
23.03.2020 08:30:40.655 GMT-0500,105.00200000000001,103.77700000000002,0.0008,0.0008
23.03.2020 08:30:40.857 GMT-0500,104.43200000000002,103.77799999999999,0.002,0.002
23.03.2020 08:30:40.986 GMT-0500,104.163,102.99799999999999,0.0008,0.0008
23.03.2020 08:30:41.115 GMT-0500,104.21799999999999,103.868,0.0008,0.0008
23.03.2020 08:30:41.216 GMT-0500,104.163,103.87700000000001,0.002,0.002
23.03.2020 08:30:41.625 GMT-0500,104.15200000000002,103.878,0.0008,0.0008
23.03.2020 08:30:41.725 GMT-0500,104.162,103.878,0.0008,0.0008
23.03.2020 08:30:41.776 GMT-0500,105.00200000000001,103.878,0.002,0.002
23.03.2020 08:30:41.826 GMT-0500,104.15299999999999,103.87700000000001,0.002,0.002
23.03.2020 08:30:42.065 GMT-0500,104.15200000000002,103.908,0.0008,0.002
23.03.2020 08:30:42.166 GMT-0500,104.572,103.908,0.0008,0.0008
23.03.2020 08:30:42.216 GMT-0500,104.56200000000001,103.928,0.0008,0.0008
23.03.2020 08:30:42.335 GMT-0500,104.15200000000002,103.928,0.002,0.002
23.03.2020 08:30:42.485 GMT-0500,104.572,103.928,0.0008,0.0008
23.03.2020 08:30:42.536 GMT-0500,104.163,103.927,0.002,0.002
23.03.2020 08:30:42.799 GMT-0500,104.143,103.927,0.0008,0.002
23.03.2020 08:30:42.849 GMT-0500,104.162,103.928,0.0008,0.0008
23.03.2020 08:30:42.900 GMT-0500,104.143,103.927,0.002,0.002
23.03.2020 08:30:43.141 GMT-0500,104.14200000000001,103.928,0.002,0.002
23.03.2020 08:30:43.765 GMT-0500,104.54200000000002,103.878,0.002,0.002
23.03.2020 08:30:43.885 GMT-0500,104.54200000000002,104.007,0.0008,0.0008
23.03.2020 08:30:43.935 GMT-0500,104.552,104.008,0.0008,0.0008
23.03.2020 08:30:44.065 GMT-0500,104.553,104.007,0.002,0.0008
23.03.2020 08:30:44.116 GMT-0500,104.553,103.87700000000001,0.002,0.002
23.03.2020 08:30:44.216 GMT-0500,105.00200000000001,103.878,0.0008,0.0008
23.03.2020 08:30:44.267 GMT-0500,104.552,103.878,0.002,0.002
23.03.2020 08:30:44.444 GMT-0500,104.68200000000002,103.88799999999999,0.0008,0.0008
23.03.2020 08:30:44.494 GMT-0500,104.552,103.88799999999999,0.0008,0.0008
23.03.2020 08:30:44.545 GMT-0500,104.552,103.878,0.0008,0.0008
23.03.2020 08:30:44.645 GMT-0500,104.69200000000001,103.878,0.0008,0.0008
23.03.2020 08:30:44.695 GMT-0500,104.552,103.878,0.0008,0.0008
23.03.2020 08:30:45.200 GMT-0500,104.552,104.117,0.0008,0.0008
23.03.2020 08:30:45.324 GMT-0500,104.552,104.118,0.0008,0.0008
23.03.2020 08:30:45.493 GMT-0500,104.553,104.117,0.0008,0.002
23.03.2020 08:30:45.688 GMT-0500,104.552,104.118,0.0008,0.0008
23.03.2020 08:30:45.739 GMT-0500,104.693,104.117,0.002,0.002
23.03.2020 08:30:46.256 GMT-0500,104.552,104.118,0.0008,0.0008
23.03.2020 08:30:46.487 GMT-0500,104.463,104.117,0.0008,0.0008
23.03.2020 08:30:46.537 GMT-0500,104.45200000000001,103.88799999999999,0.0008,0.0008
23.03.2020 08:30:46.661 GMT-0500,104.45299999999999,103.87700000000001,0.002,0.002
23.03.2020 08:30:46.712 GMT-0500,104.552,103.878,0.0008,0.0008
23.03.2020 08:30:46.821 GMT-0500,104.84200000000001,103.977,0.0008,0.0008
23.03.2020 08:30:46.921 GMT-0500,104.84200000000001,103.878,0.0008,0.0008
23.03.2020 08:30:47.022 GMT-0500,104.68200000000002,103.978,0.0008,0.0008
23.03.2020 08:30:47.158 GMT-0500,104.69200000000001,103.978,0.0008,0.0008
23.03.2020 08:30:47.363 GMT-0500,104.69200000000001,103.948,0.0008,0.0008
23.03.2020 08:30:47.425 GMT-0500,104.69200000000001,103.978,0.002,0.0008
23.03.2020 08:30:47.475 GMT-0500,104.69200000000001,103.948,0.0008,0.0008
23.03.2020 08:30:47.701 GMT-0500,104.84299999999999,103.99700000000001,0.0008,0.0008
23.03.2020 08:30:47.752 GMT-0500,104.992,103.99799999999999,0.0008,0.0008
23.03.2020 08:30:47.906 GMT-0500,105.003,103.99700000000001,0.002,0.002
23.03.2020 08:30:48.240 GMT-0500,104.69200000000001,103.99799999999999,0.0008,0.0008
23.03.2020 08:30:48.389 GMT-0500,104.68200000000002,103.99799999999999,0.0008,0.0008
23.03.2020 08:30:48.439 GMT-0500,104.92200000000001,103.948,0.002,0.002
23.03.2020 08:30:48.784 GMT-0500,104.93200000000002,103.948,0.002,0.002
23.03.2020 08:30:48.930 GMT-0500,104.693,103.948,0.0008,0.0008
23.03.2020 08:30:49.178 GMT-0500,104.68299999999999,103.948,0.0008,0.0008
23.03.2020 08:30:49.228 GMT-0500,104.69200000000001,103.948,0.002,0.002
23.03.2020 08:30:50.155 GMT-0500,104.68200000000002,103.958,0.0008,0.0008
23.03.2020 08:30:50.257 GMT-0500,104.69200000000001,103.948,0.002,0.002
23.03.2020 08:30:50.512 GMT-0500,104.382,103.948,0.0008,0.0008
23.03.2020 08:30:50.562 GMT-0500,104.69200000000001,103.948,0.0008,0.0008
23.03.2020 08:30:50.811 GMT-0500,104.68200000000002,103.948,0.0008,0.002
23.03.2020 08:30:51.036 GMT-0500,104.693,103.947,0.002,0.002
23.03.2020 08:30:51.086 GMT-0500,104.26200000000001,103.948,0.002,0.002
23.03.2020 08:30:51.137 GMT-0500,104.272,103.948,0.002,0.002
23.03.2020 08:30:51.397 GMT-0500,105.003,103.947,0.002,0.002
23.03.2020 08:30:51.693 GMT-0500,104.693,103.947,0.0008,0.002
23.03.2020 08:30:51.997 GMT-0500,104.68200000000002,103.948,0.0008,0.002
23.03.2020 08:30:52.098 GMT-0500,104.69200000000001,103.948,0.002,0.002
23.03.2020 08:30:52.965 GMT-0500,104.68200000000002,103.948,0.0008,0.002
23.03.2020 08:30:53.066 GMT-0500,104.693,103.947,0.002,0.002
23.03.2020 08:30:53.284 GMT-0500,104.923,103.947,0.002,0.002
23.03.2020 08:30:53.446 GMT-0500,104.92200000000001,103.958,0.0008,0.0008
23.03.2020 08:30:53.496 GMT-0500,104.92200000000001,103.948,0.002,0.002
23.03.2020 08:30:53.547 GMT-0500,105.003,103.947,0.002,0.002
23.03.2020 08:30:53.752 GMT-0500,104.69200000000001,103.948,0.0008,0.0008
23.03.2020 08:30:54.169 GMT-0500,104.68299999999999,103.947,0.0008,0.002
23.03.2020 08:30:54.275 GMT-0500,104.54200000000002,103.948,0.0008,0.0008
23.03.2020 08:30:55.405 GMT-0500,104.39200000000001,103.948,0.0008,0.002
23.03.2020 08:30:55.852 GMT-0500,104.37299999999999,103.948,0.0008,0.0008
23.03.2020 08:30:56.008 GMT-0500,104.333,103.947,0.002,0.002
23.03.2020 08:30:56.213 GMT-0500,104.31299999999999,103.947,0.0008,0.002
23.03.2020 08:30:56.363 GMT-0500,104.302,103.958,0.0008,0.0008
23.03.2020 08:30:56.414 GMT-0500,104.522,103.948,0.0008,0.0008
23.03.2020 08:30:56.744 GMT-0500,104.382,103.948,0.0008,0.002
23.03.2020 08:30:56.845 GMT-0500,104.383,103.947,0.002,0.002
23.03.2020 08:30:57.523 GMT-0500,104.36200000000001,103.948,0.0008,0.0008
23.03.2020 08:30:57.831 GMT-0500,104.353,103.95700000000001,0.0008,0.0008
23.03.2020 08:30:57.881 GMT-0500,104.39200000000001,103.948,0.0008,0.0008
23.03.2020 08:30:58.225 GMT-0500,104.382,103.948,0.0008,0.002
23.03.2020 08:30:58.379 GMT-0500,104.382,103.95700000000001,0.0008,0.0008
23.03.2020 08:30:58.480 GMT-0500,104.39200000000001,103.958,0.002,0.002
23.03.2020 08:30:58.530 GMT-0500,104.382,103.948,0.002,0.002
23.03.2020 08:30:59.016 GMT-0500,104.36200000000001,103.948,0.0008,0.002
23.03.2020 08:31:00.858 GMT-0500,104.34299999999999,103.948,0.0008,0.0008
23.03.2020 08:31:01.231 GMT-0500,104.302,103.948,0.0008,0.0008
23.03.2020 08:31:01.400 GMT-0500,104.26200000000001,103.948,0.0008,0.0008
23.03.2020 08:31:01.512 GMT-0500,104.36200000000001,103.568,0.0008,0.0008
23.03.2020 08:31:02.098 GMT-0500,104.243,103.56700000000001,0.0008,0.002
23.03.2020 08:31:02.900 GMT-0500,104.23200000000001,103.568,0.0008,0.0008
23.03.2020 08:31:02.951 GMT-0500,104.242,103.568,0.002,0.002
23.03.2020 08:31:03.366 GMT-0500,104.242,103.57700000000001,0.0008,0.0008
23.03.2020 08:31:03.564 GMT-0500,104.242,104.075,0.0008,0.0008
23.03.2020 08:31:03.615 GMT-0500,104.22200000000001,103.568,0.0008,0.0008
23.03.2020 08:31:04.269 GMT-0500,104.18299999999999,103.57700000000001,0.0008,0.0008
23.03.2020 08:31:04.320 GMT-0500,104.36200000000001,103.57799999999999,0.0008,0.0008
23.03.2020 08:31:04.783 GMT-0500,104.363,103.95700000000001,0.002,0.002
23.03.2020 08:31:04.834 GMT-0500,104.242,103.57799999999999,0.002,0.002
23.03.2020 08:31:04.922 GMT-0500,104.242,103.95700000000001,0.0008,0.0008
23.03.2020 08:31:04.972 GMT-0500,104.64200000000001,103.958,0.0008,0.0008
23.03.2020 08:31:05.023 GMT-0500,104.65200000000002,103.958,0.0008,0.0008
23.03.2020 08:31:06.203 GMT-0500,104.643,103.95700000000001,0.002,0.002
23.03.2020 08:31:06.302 GMT-0500,104.65200000000002,103.958,0.0008,0.0008
23.03.2020 08:31:06.352 GMT-0500,104.393,103.95700000000001,0.002,0.002
23.03.2020 08:31:06.488 GMT-0500,104.65200000000002,103.958,0.002,0.002
23.03.2020 08:31:06.908 GMT-0500,104.64200000000001,103.958,0.0008,0.002
23.03.2020 08:31:06.958 GMT-0500,104.65200000000002,103.958,0.002,0.002
23.03.2020 08:31:07.142 GMT-0500,104.65200000000002,104.01700000000001,0.0008,0.0008
23.03.2020 08:31:07.192 GMT-0500,104.87200000000001,104.098,0.002,0.002
23.03.2020 08:31:07.301 GMT-0500,104.92200000000001,104.098,0.002,0.002
23.03.2020 08:31:07.459 GMT-0500,104.912,104.098,0.0008,0.002
23.03.2020 08:31:07.560 GMT-0500,104.822,103.60799999999999,0.0008,0.0008
23.03.2020 08:31:07.682 GMT-0500,104.923,103.59700000000001,0.0008,0.002
23.03.2020 08:31:07.733 GMT-0500,105.003,103.45700000000001,0.002,0.002
23.03.2020 08:31:07.924 GMT-0500,105.00200000000001,103.45700000000001,0.0008,0.0008
23.03.2020 08:31:08.025 GMT-0500,105.00200000000001,103.32799999999999,0.002,0.002
23.03.2020 08:31:08.143 GMT-0500,104.822,103.32799999999999,0.0008,0.002
23.03.2020 08:31:08.193 GMT-0500,104.822,103.258,0.002,0.002
23.03.2020 08:31:08.245 GMT-0500,104.81299999999999,103.26700000000001,0.0008,0.0008
23.03.2020 08:31:08.296 GMT-0500,104.822,103.268,0.002,0.002
23.03.2020 08:31:08.631 GMT-0500,104.822,103.538,0.002,0.0008
23.03.2020 08:31:09.487 GMT-0500,104.81200000000001,103.548,0.002,0.002
23.03.2020 08:31:09.640 GMT-0500,104.823,103.54700000000001,0.002,0.002
23.03.2020 08:31:10.542 GMT-0500,104.81200000000001,103.55799999999999,0.0008,0.0008
23.03.2020 08:31:10.643 GMT-0500,104.822,103.538,0.0008,0.0008
23.03.2020 08:31:12.192 GMT-0500,104.81299999999999,103.54700000000001,0.002,0.002
23.03.2020 08:31:12.327 GMT-0500,104.822,103.548,0.002,0.002
23.03.2020 08:31:12.390 GMT-0500,104.492,103.548,0.0008,0.002
23.03.2020 08:31:12.440 GMT-0500,105.00200000000001,103.268,0.002,0.002
23.03.2020 08:31:12.952 GMT-0500,104.992,103.27799999999999,0.0008,0.0008
23.03.2020 08:31:13.667 GMT-0500,104.822,103.518,0.0008,0.0008
23.03.2020 08:31:13.843 GMT-0500,104.822,103.27799999999999,0.0008,0.0008
23.03.2020 08:31:15.315 GMT-0500,104.81299999999999,103.287,0.0008,0.0008
23.03.2020 08:31:15.366 GMT-0500,104.822,103.288,0.002,0.002
23.03.2020 08:31:15.469 GMT-0500,104.18200000000002,103.288,0.0008,0.0008
23.03.2020 08:31:15.519 GMT-0500,104.822,103.258,0.0008,0.0008
23.03.2020 08:31:15.904 GMT-0500,104.992,102.99799999999999,0.002,0.002
23.03.2020 08:31:15.954 GMT-0500,104.14200000000001,102.99799999999999,0.0008,0.0008
23.03.2020 08:31:16.055 GMT-0500,104.072,102.99799999999999,0.002,0.002
23.03.2020 08:31:16.173 GMT-0500,104.072,103.63799999999999,0.0008,0.0008
23.03.2020 08:31:17.584 GMT-0500,105.00200000000001,103.63799999999999,0.002,0.002
23.03.2020 08:31:17.838 GMT-0500,104.993,103.647,0.0008,0.0008
23.03.2020 08:31:17.888 GMT-0500,104.992,103.63799999999999,0.0008,0.0008
23.03.2020 08:31:18.390 GMT-0500,104.98299999999999,103.647,0.0008,0.0008
23.03.2020 08:31:18.696 GMT-0500,104.98200000000001,103.85799999999999,0.0008,0.0008
23.03.2020 08:31:18.796 GMT-0500,104.98299999999999,103.76700000000001,0.002,0.002
23.03.2020 08:31:18.948 GMT-0500,104.98299999999999,103.77700000000002,0.002,0.0008
23.03.2020 08:31:19.049 GMT-0500,104.97200000000001,103.77799999999999,0.0008,0.0008
23.03.2020 08:31:19.179 GMT-0500,104.97200000000001,103.768,0.0008,0.0008
23.03.2020 08:31:19.317 GMT-0500,104.48200000000001,103.768,0.002,0.002
23.03.2020 08:31:19.750 GMT-0500,104.47200000000001,103.77799999999999,0.0008,0.0008
23.03.2020 08:31:19.901 GMT-0500,104.48200000000001,103.77799999999999,0.0008,0.0008
23.03.2020 08:31:20.336 GMT-0500,104.48200000000001,103.787,0.0008,0.0008
23.03.2020 08:31:20.489 GMT-0500,104.473,103.787,0.0008,0.002
23.03.2020 08:31:20.804 GMT-0500,104.48200000000001,103.788,0.002,0.002
23.03.2020 08:31:21.284 GMT-0500,104.06299999999999,103.787,0.002,0.002
23.03.2020 08:31:21.712 GMT-0500,104.06299999999999,103.77700000000002,0.002,0.002
23.03.2020 08:31:21.763 GMT-0500,104.06299999999999,103.79700000000001,0.002,0.002
23.03.2020 08:31:22.251 GMT-0500,104.48299999999999,103.79700000000001,0.002,0.002
23.03.2020 08:31:22.361 GMT-0500,104.473,103.79700000000001,0.0008,0.002
23.03.2020 08:31:22.484 GMT-0500,104.47200000000001,103.798,0.002,0.0008
23.03.2020 08:31:22.535 GMT-0500,104.47200000000001,103.77799999999999,0.002,0.002
23.03.2020 08:31:22.723 GMT-0500,104.00200000000001,103.77799999999999,0.0008,0.0008
23.03.2020 08:31:22.904 GMT-0500,104.00200000000001,103.788,0.0008,0.0008
23.03.2020 08:31:22.955 GMT-0500,104.802,103.77799999999999,0.002,0.002
23.03.2020 08:31:23.005 GMT-0500,104.33200000000001,103.77799999999999,0.0008,0.0008
23.03.2020 08:31:23.214 GMT-0500,104.333,103.77799999999999,0.0008,0.0008
23.03.2020 08:31:23.265 GMT-0500,104.44200000000001,103.77799999999999,0.002,0.002
23.03.2020 08:31:23.569 GMT-0500,105.00200000000001,103.788,0.0008,0.0008
23.03.2020 08:31:23.619 GMT-0500,104.44200000000001,103.77799999999999,0.0008,0.0008
23.03.2020 08:31:23.966 GMT-0500,105.00200000000001,103.77799999999999,0.0008,0.0008
23.03.2020 08:31:24.017 GMT-0500,104.833,103.77700000000002,0.002,0.002
23.03.2020 08:31:24.160 GMT-0500,104.833,103.787,0.0008,0.0008
23.03.2020 08:31:24.361 GMT-0500,104.18200000000002,103.77799999999999,0.0008,0.0008
23.03.2020 08:31:24.412 GMT-0500,104.44200000000001,103.77799999999999,0.002,0.002
23.03.2020 08:31:24.949 GMT-0500,104.443,103.77700000000002,0.002,0.002
23.03.2020 08:31:25.999 GMT-0500,104.443,103.77799999999999,0.0008,0.0008
23.03.2020 08:31:26.100 GMT-0500,104.443,103.77700000000002,0.002,0.002
23.03.2020 08:31:26.365 GMT-0500,104.58200000000001,103.77799999999999,0.0008,0.0008
23.03.2020 08:31:26.476 GMT-0500,104.572,103.77799999999999,0.0008,0.002
23.03.2020 08:31:26.578 GMT-0500,104.443,103.77700000000002,0.0008,0.002
23.03.2020 08:31:26.629 GMT-0500,104.58200000000001,103.77799999999999,0.002,0.002
23.03.2020 08:31:26.679 GMT-0500,104.583,103.787,0.002,0.002
23.03.2020 08:31:27.193 GMT-0500,104.572,103.928,0.0008,0.002
23.03.2020 08:31:27.352 GMT-0500,104.573,103.927,0.0008,0.002
23.03.2020 08:31:27.402 GMT-0500,104.583,103.927,0.002,0.002
23.03.2020 08:31:28.193 GMT-0500,104.443,103.927,0.0008,0.002
23.03.2020 08:31:28.243 GMT-0500,104.58200000000001,103.928,0.002,0.002
23.03.2020 08:31:28.454 GMT-0500,104.573,103.928,0.0008,0.0008
23.03.2020 08:31:28.505 GMT-0500,104.58200000000001,103.928,0.0008,0.0008
23.03.2020 08:31:29.289 GMT-0500,104.572,103.928,0.0008,0.002
23.03.2020 08:31:29.390 GMT-0500,104.44200000000001,103.928,0.0008,0.0008
23.03.2020 08:31:30.070 GMT-0500,104.58200000000001,103.928,0.0008,0.0008
23.03.2020 08:31:30.168 GMT-0500,104.443,103.927,0.0008,0.002
23.03.2020 08:31:33.264 GMT-0500,104.44200000000001,103.928,0.0008,0.0008
23.03.2020 08:31:33.314 GMT-0500,104.58200000000001,103.928,0.0008,0.0008
23.03.2020 08:31:33.497 GMT-0500,104.572,103.928,0.0008,0.002
23.03.2020 08:31:33.792 GMT-0500,104.58200000000001,103.928,0.0008,0.0008
23.03.2020 08:31:33.938 GMT-0500,104.44200000000001,103.928,0.0008,0.002
23.03.2020 08:31:34.705 GMT-0500,104.58200000000001,103.928,0.0008,0.0008
23.03.2020 08:31:34.773 GMT-0500,104.352,103.928,0.0008,0.0008
23.03.2020 08:31:34.823 GMT-0500,104.443,103.927,0.002,0.002
23.03.2020 08:31:35.060 GMT-0500,104.443,103.928,0.0008,0.0008
23.03.2020 08:31:35.198 GMT-0500,104.58200000000001,103.928,0.002,0.002
23.03.2020 08:31:35.249 GMT-0500,104.44200000000001,103.928,0.0008,0.0008
23.03.2020 08:31:36.237 GMT-0500,104.43200000000002,103.928,0.0008,0.002
23.03.2020 08:31:36.388 GMT-0500,104.193,103.91700000000002,0.002,0.002
23.03.2020 08:31:36.438 GMT-0500,104.43200000000002,103.91799999999999,0.002,0.002
23.03.2020 08:31:36.769 GMT-0500,104.12299999999999,103.91799999999999,0.0008,0.0008
23.03.2020 08:31:36.819 GMT-0500,104.43200000000002,103.74799999999999,0.002,0.002
23.03.2020 08:31:36.970 GMT-0500,104.42200000000001,103.74799999999999,0.0008,0.0008
23.03.2020 08:31:37.162 GMT-0500,104.423,103.76700000000001,0.002,0.002
23.03.2020 08:31:37.790 GMT-0500,104.42200000000001,103.768,0.0008,0.0008
23.03.2020 08:31:38.000 GMT-0500,104.852,103.768,0.0008,0.0008
23.03.2020 08:31:39.334 GMT-0500,104.84299999999999,103.76700000000001,0.0008,0.002
23.03.2020 08:31:39.435 GMT-0500,104.79299999999999,103.768,0.0008,0.0008
23.03.2020 08:31:40.689 GMT-0500,104.08,103.768,0.0008,0.002
23.03.2020 08:31:42.283 GMT-0500,103.962,103.768,0.0008,0.002
23.03.2020 08:31:42.574 GMT-0500,103.802,103.768,0.0008,0.0008
23.03.2020 08:31:42.624 GMT-0500,103.73200000000001,102.99799999999999,0.0008,0.0008
23.03.2020 08:31:42.674 GMT-0500,103.72200000000001,102.99799999999999,0.002,0.002
23.03.2020 08:31:43.149 GMT-0500,103.70299999999999,103.18700000000001,0.002,0.0008
23.03.2020 08:31:43.257 GMT-0500,103.70200000000001,103.197,0.0008,0.0008
23.03.2020 08:31:43.374 GMT-0500,103.70299999999999,103.197,0.0008,0.0008
23.03.2020 08:31:43.425 GMT-0500,103.772,103.048,0.0008,0.0008
23.03.2020 08:31:43.883 GMT-0500,103.773,103.05700000000002,0.002,0.0008
23.03.2020 08:31:43.988 GMT-0500,103.772,103.05799999999999,0.0008,0.0008
23.03.2020 08:31:44.149 GMT-0500,103.773,103.51700000000001,0.002,0.0008
23.03.2020 08:31:44.249 GMT-0500,103.963,103.51700000000001,0.002,0.002
23.03.2020 08:31:44.411 GMT-0500,103.943,103.51700000000001,0.0008,0.002
23.03.2020 08:31:44.830 GMT-0500,103.523,103.505,0.0008,0.0008
23.03.2020 08:31:44.880 GMT-0500,103.95200000000001,102.99799999999999,0.002,0.002
23.03.2020 08:31:46.357 GMT-0500,103.95200000000001,103.007,0.0008,0.0008
23.03.2020 08:31:47.112 GMT-0500,103.95200000000001,103.05799999999999,0.0008,0.0008
23.03.2020 08:31:48.019 GMT-0500,103.943,103.05700000000002,0.002,0.002
23.03.2020 08:31:49.474 GMT-0500,103.94200000000001,103.05799999999999,0.002,0.002
23.03.2020 08:31:50.072 GMT-0500,103.492,103.05799999999999,0.002,0.002
23.03.2020 08:31:53.472 GMT-0500,103.48200000000001,103.05799999999999,0.0008,0.002
23.03.2020 08:31:54.121 GMT-0500,103.48200000000001,103.068,0.002,0.0008
23.03.2020 08:31:54.440 GMT-0500,103.48299999999999,103.06700000000001,0.002,0.002
23.03.2020 08:31:54.714 GMT-0500,103.47200000000001,103.068,0.0008,0.0008
23.03.2020 08:31:54.943 GMT-0500,103.47200000000001,103.07700000000001,0.0008,0.0008
23.03.2020 08:31:55.087 GMT-0500,103.473,103.07700000000001,0.002,0.002
23.03.2020 08:31:55.314 GMT-0500,103.47200000000001,103.07799999999999,0.0008,0.0008
23.03.2020 08:31:55.769 GMT-0500,103.382,103.07700000000001,0.0008,0.0008
23.03.2020 08:31:55.820 GMT-0500,103.382,103.05799999999999,0.002,0.002
23.03.2020 08:31:56.562 GMT-0500,103.36200000000001,103.05799999999999,0.0008,0.002
23.03.2020 08:31:57.817 GMT-0500,103.352,103.05799999999999,0.0008,0.002
23.03.2020 08:31:58.414 GMT-0500,103.34299999999999,103.05700000000002,0.002,0.002
23.03.2020 08:31:58.724 GMT-0500,103.34200000000001,103.088,0.0008,0.0008
23.03.2020 08:31:58.979 GMT-0500,103.33200000000001,103.088,0.002,0.002
23.03.2020 08:31:59.244 GMT-0500,103.323,103.088,0.0008,0.0008
23.03.2020 08:31:59.535 GMT-0500,103.322,103.088,0.0008,0.0008
23.03.2020 08:32:00.113 GMT-0500,103.303,103.087,0.0008,0.002
23.03.2020 08:32:00.442 GMT-0500,103.29200000000002,103.088,0.0008,0.0008
23.03.2020 08:32:00.718 GMT-0500,103.28200000000001,103.088,0.002,0.002
23.03.2020 08:32:00.769 GMT-0500,103.272,103.05799999999999,0.0008,0.0008
23.03.2020 08:32:01.226 GMT-0500,103.28200000000001,103.16799999999999,0.002,0.002
23.03.2020 08:32:01.376 GMT-0500,103.98200000000001,103.10799999999999,0.0008,0.0008
23.03.2020 08:32:01.627 GMT-0500,103.98200000000001,103.198,0.0008,0.0008
23.03.2020 08:32:01.678 GMT-0500,103.98299999999999,103.05700000000002,0.002,0.002
23.03.2020 08:32:01.728 GMT-0500,103.98299999999999,103.177,0.002,0.002
23.03.2020 08:32:02.154 GMT-0500,103.803,103.177,0.0008,0.002
23.03.2020 08:32:02.287 GMT-0500,103.79299999999999,103.177,0.0008,0.002
23.03.2020 08:32:02.390 GMT-0500,103.79299999999999,103.178,0.0008,0.0008
23.03.2020 08:32:02.440 GMT-0500,103.802,103.178,0.0008,0.0008
23.03.2020 08:32:02.821 GMT-0500,103.802,103.208,0.002,0.0008
23.03.2020 08:32:02.922 GMT-0500,103.98200000000001,103.24799999999999,0.0008,0.0008
23.03.2020 08:32:03.022 GMT-0500,104.79299999999999,103.177,0.002,0.002
23.03.2020 08:32:03.072 GMT-0500,104.102,103.178,0.0008,0.0008
23.03.2020 08:32:03.173 GMT-0500,104.23200000000001,103.178,0.0008,0.0008
23.03.2020 08:32:04.629 GMT-0500,104.22200000000001,103.178,0.0008,0.002
23.03.2020 08:32:05.328 GMT-0500,104.15200000000002,103.178,0.0008,0.002
23.03.2020 08:32:05.428 GMT-0500,104.223,103.177,0.002,0.002
23.03.2020 08:32:05.918 GMT-0500,103.89200000000001,103.178,0.0008,0.0008
23.03.2020 08:32:06.287 GMT-0500,103.893,103.177,0.0008,0.002
23.03.2020 08:32:06.337 GMT-0500,103.90200000000002,103.178,0.0008,0.0008
23.03.2020 08:32:07.041 GMT-0500,103.89200000000001,103.178,0.0008,0.0008
23.03.2020 08:32:07.395 GMT-0500,103.90299999999999,103.177,0.002,0.002
23.03.2020 08:32:07.460 GMT-0500,103.54299999999999,103.177,0.002,0.002
23.03.2020 08:32:08.274 GMT-0500,103.54299999999999,103.337,0.002,0.0008
23.03.2020 08:32:08.480 GMT-0500,103.54200000000002,103.378,0.002,0.0008
23.03.2020 08:32:08.530 GMT-0500,103.54200000000002,103.258,0.0008,0.0008
23.03.2020 08:32:10.128 GMT-0500,103.47200000000001,103.398,0.0008,0.0008
23.03.2020 08:32:10.178 GMT-0500,104.12200000000001,103.05799999999999,0.0008,0.0008
23.03.2020 08:32:10.279 GMT-0500,103.72200000000001,103.43799999999999,0.002,0.002
23.03.2020 08:32:10.381 GMT-0500,103.72200000000001,103.05799999999999,0.0008,0.0008
23.03.2020 08:32:11.270 GMT-0500,103.712,103.05799999999999,0.0008,0.0008
23.03.2020 08:32:11.654 GMT-0500,103.62299999999999,103.37700000000001,0.0008,0.002
23.03.2020 08:32:12.592 GMT-0500,103.53200000000001,103.378,0.002,0.002
23.03.2020 08:32:12.693 GMT-0500,103.51299999999999,103.37700000000001,0.0008,0.002
23.03.2020 08:32:13.146 GMT-0500,103.51200000000001,103.378,0.0008,0.0008
23.03.2020 08:32:13.247 GMT-0500,103.602,103.378,0.0008,0.0008
23.03.2020 08:32:14.299 GMT-0500,103.603,103.37700000000001,0.002,0.0008
23.03.2020 08:32:14.408 GMT-0500,103.712,103.41799999999999,0.002,0.002
23.03.2020 08:32:15.676 GMT-0500,103.713,103.41700000000002,0.002,0.002
23.03.2020 08:32:15.817 GMT-0500,103.522,103.068,0.002,0.002
23.03.2020 08:32:15.926 GMT-0500,103.522,103.05799999999999,0.0008,0.0008
23.03.2020 08:32:16.396 GMT-0500,103.523,103.05799999999999,0.0008,0.0008
23.03.2020 08:32:17.949 GMT-0500,103.69200000000001,103.07799999999999,0.002,0.0008
23.03.2020 08:32:19.283 GMT-0500,103.69200000000001,103.088,0.0008,0.0008
23.03.2020 08:32:19.333 GMT-0500,103.68200000000002,103.068,0.002,0.002
23.03.2020 08:32:19.969 GMT-0500,103.68200000000002,103.07700000000001,0.0008,0.0008
23.03.2020 08:32:20.347 GMT-0500,103.68200000000002,103.05799999999999,0.0008,0.0008
23.03.2020 08:32:21.341 GMT-0500,103.68299999999999,103.31700000000001,0.002,0.0008
23.03.2020 08:32:21.391 GMT-0500,103.67200000000001,103.068,0.002,0.002
23.03.2020 08:32:21.526 GMT-0500,103.67200000000001,103.05799999999999,0.002,0.002
23.03.2020 08:32:21.989 GMT-0500,103.712,103.05799999999999,0.002,0.002
23.03.2020 08:32:22.279 GMT-0500,103.712,103.30799999999999,0.002,0.0008
23.03.2020 08:32:22.330 GMT-0500,103.712,103.05799999999999,0.0008,0.0008
23.03.2020 08:32:22.383 GMT-0500,103.712,103.318,0.002,0.0008
23.03.2020 08:32:22.503 GMT-0500,103.713,103.507,0.002,0.002
23.03.2020 08:32:22.554 GMT-0500,103.712,103.318,0.0008,0.0008
23.03.2020 08:32:22.616 GMT-0500,103.713,103.507,0.002,0.0008
23.03.2020 08:32:22.774 GMT-0500,103.712,103.507,0.0008,0.0008
23.03.2020 08:32:22.824 GMT-0500,103.713,103.31700000000001,0.002,0.002
23.03.2020 08:32:23.093 GMT-0500,103.712,103.338,0.0008,0.0008
23.03.2020 08:32:23.194 GMT-0500,103.713,103.31700000000001,0.002,0.002
23.03.2020 08:32:23.244 GMT-0500,103.713,103.507,0.002,0.002
23.03.2020 08:32:23.294 GMT-0500,103.712,103.088,0.002,0.002
23.03.2020 08:32:23.665 GMT-0500,103.712,103.09700000000001,0.0008,0.0008
23.03.2020 08:32:23.819 GMT-0500,103.712,103.098,0.002,0.0008
23.03.2020 08:32:23.869 GMT-0500,103.712,103.088,0.0008,0.0008
23.03.2020 08:32:24.174 GMT-0500,103.712,103.318,0.0008,0.0008
23.03.2020 08:32:24.225 GMT-0500,103.712,103.05799999999999,0.0008,0.0008
23.03.2020 08:32:24.325 GMT-0500,103.712,103.06700000000001,0.0008,0.0008
23.03.2020 08:32:24.548 GMT-0500,104.03200000000001,103.05799999999999,0.0008,0.0008
23.03.2020 08:32:24.853 GMT-0500,104.04200000000002,103.088,0.0008,0.0008
23.03.2020 08:32:25.261 GMT-0500,104.04299999999999,103.09700000000001,0.002,0.0008
23.03.2020 08:32:25.549 GMT-0500,104.04200000000002,103.09700000000001,0.0008,0.0008
23.03.2020 08:32:26.074 GMT-0500,103.93200000000002,103.20700000000001,0.0008,0.0008
23.03.2020 08:32:26.199 GMT-0500,103.93299999999999,103.20700000000001,0.002,0.0008
23.03.2020 08:32:26.250 GMT-0500,103.93200000000002,103.13799999999999,0.0008,0.0008
23.03.2020 08:32:26.941 GMT-0500,103.93200000000002,103.148,0.0008,0.0008
23.03.2020 08:32:27.883 GMT-0500,103.93200000000002,103.158,0.0008,0.0008
23.03.2020 08:32:28.033 GMT-0500,103.93200000000002,103.49799999999999,0.0008,0.0008
23.03.2020 08:32:28.699 GMT-0500,103.93299999999999,103.55700000000002,0.002,0.0008
23.03.2020 08:32:29.036 GMT-0500,103.93200000000002,103.55799999999999,0.0008,0.0008
23.03.2020 08:32:29.087 GMT-0500,104.132,103.55799999999999,0.0008,0.0008
23.03.2020 08:32:29.590 GMT-0500,104.132,103.57799999999999,0.0008,0.0008
23.03.2020 08:32:29.739 GMT-0500,104.33200000000001,103.57799999999999,0.0008,0.0008
23.03.2020 08:32:30.358 GMT-0500,104.323,103.57799999999999,0.0008,0.0008
23.03.2020 08:32:30.459 GMT-0500,104.33200000000001,103.57799999999999,0.002,0.002
23.03.2020 08:32:31.897 GMT-0500,104.322,103.57799999999999,0.0008,0.002
23.03.2020 08:32:32.132 GMT-0500,104.323,103.57700000000001,0.0008,0.002
23.03.2020 08:32:32.182 GMT-0500,104.33200000000001,103.57799999999999,0.0008,0.0008
23.03.2020 08:32:33.126 GMT-0500,104.322,103.598,0.0008,0.0008
23.03.2020 08:32:33.262 GMT-0500,104.33200000000001,103.598,0.0008,0.0008
23.03.2020 08:32:34.782 GMT-0500,104.322,103.618,0.0008,0.0008
23.03.2020 08:32:34.886 GMT-0500,104.323,103.65700000000001,0.0008,0.002
23.03.2020 08:32:34.936 GMT-0500,104.33200000000001,103.658,0.0008,0.0008
23.03.2020 08:32:35.025 GMT-0500,103.923,103.65700000000001,0.0008,0.002
23.03.2020 08:32:35.125 GMT-0500,103.92200000000001,103.57799999999999,0.002,0.002
23.03.2020 08:32:35.176 GMT-0500,103.92200000000001,103.598,0.0008,0.0008
23.03.2020 08:32:35.545 GMT-0500,103.89200000000001,103.598,0.0008,0.0008
23.03.2020 08:32:35.596 GMT-0500,103.87200000000001,103.538,0.002,0.002
23.03.2020 08:32:35.980 GMT-0500,103.87200000000001,103.56700000000001,0.0008,0.0008
23.03.2020 08:32:36.249 GMT-0500,103.84200000000001,103.568,0.0008,0.0008
23.03.2020 08:32:36.818 GMT-0500,103.833,103.56700000000001,0.0008,0.002
23.03.2020 08:32:36.973 GMT-0500,103.90200000000002,103.568,0.0008,0.0008
23.03.2020 08:32:37.071 GMT-0500,103.893,103.59700000000001,0.0008,0.0008
23.03.2020 08:32:37.596 GMT-0500,103.883,103.59700000000001,0.0008,0.002
23.03.2020 08:32:38.386 GMT-0500,103.87299999999999,103.868,0.0008,0.0008
23.03.2020 08:32:38.437 GMT-0500,104.39200000000001,103.57799999999999,0.002,0.002
23.03.2020 08:32:38.546 GMT-0500,104.39200000000001,103.538,0.0008,0.0008
23.03.2020 08:32:38.596 GMT-0500,104.23200000000001,103.908,0.0008,0.0008
23.03.2020 08:32:39.373 GMT-0500,104.212,103.908,0.0008,0.002
23.03.2020 08:32:40.119 GMT-0500,104.213,103.90700000000001,0.0008,0.002
23.03.2020 08:32:40.169 GMT-0500,104.25200000000001,103.908,0.0008,0.0008
23.03.2020 08:32:40.559 GMT-0500,104.253,103.91700000000002,0.002,0.0008
23.03.2020 08:32:42.378 GMT-0500,104.25200000000001,103.91799999999999,0.0008,0.0008
23.03.2020 08:32:42.428 GMT-0500,104.37299999999999,103.91700000000002,0.002,0.002
23.03.2020 08:32:42.479 GMT-0500,104.382,103.91799999999999,0.0008,0.0008
23.03.2020 08:32:43.464 GMT-0500,104.663,103.91700000000002,0.002,0.002
23.03.2020 08:32:44.038 GMT-0500,104.65299999999999,103.91700000000002,0.0008,0.002
23.03.2020 08:32:44.139 GMT-0500,104.663,103.91700000000002,0.002,0.002
23.03.2020 08:32:44.853 GMT-0500,104.65299999999999,103.91700000000002,0.0008,0.002
23.03.2020 08:32:44.996 GMT-0500,104.65299999999999,103.91799999999999,0.0008,0.0008
23.03.2020 08:32:45.046 GMT-0500,104.662,103.91799999999999,0.002,0.002
23.03.2020 08:32:45.672 GMT-0500,104.65200000000002,103.91799999999999,0.0008,0.002
23.03.2020 08:32:45.908 GMT-0500,104.662,103.91799999999999,0.0008,0.0008
23.03.2020 08:32:47.662 GMT-0500,104.65200000000002,103.91799999999999,0.0008,0.002
23.03.2020 08:32:47.994 GMT-0500,104.662,103.91799999999999,0.0008,0.0008
23.03.2020 08:32:48.163 GMT-0500,104.22200000000001,103.91799999999999,0.0008,0.002
23.03.2020 08:32:48.449 GMT-0500,104.23200000000001,103.91799999999999,0.002,0.002
23.03.2020 08:32:48.861 GMT-0500,104.23200000000001,103.538,0.0008,0.0008
23.03.2020 08:32:49.012 GMT-0500,104.64200000000001,103.548,0.0008,0.0008
23.03.2020 08:32:49.169 GMT-0500,104.64200000000001,103.538,0.0008,0.0008
23.03.2020 08:32:49.243 GMT-0500,104.072,103.538,0.0008,0.0008
23.03.2020 08:32:49.394 GMT-0500,104.06299999999999,103.537,0.002,0.002
23.03.2020 08:32:49.544 GMT-0500,103.97200000000001,103.538,0.0008,0.0008
23.03.2020 08:32:49.645 GMT-0500,103.93200000000002,103.548,0.0008,0.0008
23.03.2020 08:32:49.695 GMT-0500,104.54200000000002,103.848,0.002,0.002
23.03.2020 08:32:49.745 GMT-0500,104.242,103.848,0.0008,0.0008
23.03.2020 08:32:49.796 GMT-0500,104.242,103.538,0.002,0.002
23.03.2020 08:32:50.021 GMT-0500,104.75200000000001,103.538,0.0008,0.0008
23.03.2020 08:32:50.189 GMT-0500,104.742,103.548,0.0008,0.0008
23.03.2020 08:32:50.321 GMT-0500,104.283,103.538,0.0008,0.0008
23.03.2020 08:32:50.371 GMT-0500,104.742,103.538,0.0008,0.0008
23.03.2020 08:32:50.548 GMT-0500,104.603,103.538,0.0008,0.0008
23.03.2020 08:32:51.050 GMT-0500,104.40200000000002,103.538,0.0008,0.0008
23.03.2020 08:32:51.860 GMT-0500,104.39200000000001,103.548,0.002,0.002
23.03.2020 08:32:52.189 GMT-0500,104.40200000000002,103.538,0.0008,0.0008
23.03.2020 08:32:53.914 GMT-0500,104.40200000000002,103.548,0.002,0.002
23.03.2020 08:32:54.158 GMT-0500,104.393,103.548,0.0008,0.0008
23.03.2020 08:32:54.259 GMT-0500,104.40200000000002,103.538,0.0008,0.0008
23.03.2020 08:32:54.717 GMT-0500,104.40200000000002,103.548,0.0008,0.0008
23.03.2020 08:32:54.768 GMT-0500,104.58200000000001,103.548,0.0008,0.0008
23.03.2020 08:32:54.938 GMT-0500,104.583,103.54700000000001,0.002,0.0008
23.03.2020 08:32:55.568 GMT-0500,104.572,103.548,0.0008,0.0008
23.03.2020 08:32:55.669 GMT-0500,104.68200000000002,103.538,0.002,0.002
23.03.2020 08:32:56.756 GMT-0500,104.393,103.538,0.0008,0.0008
23.03.2020 08:32:56.916 GMT-0500,104.382,103.548,0.0008,0.0008
23.03.2020 08:32:57.051 GMT-0500,104.022,103.54700000000001,0.0008,0.0008
23.03.2020 08:32:57.101 GMT-0500,104.022,103.538,0.0008,0.0008
23.03.2020 08:32:58.559 GMT-0500,104.023,103.54700000000001,0.002,0.0008
23.03.2020 08:32:58.803 GMT-0500,104.022,103.54700000000001,0.0008,0.0008
23.03.2020 08:32:58.853 GMT-0500,104.022,103.538,0.0008,0.0008
23.03.2020 08:32:59.269 GMT-0500,103.893,103.537,0.0008,0.002
23.03.2020 08:32:59.319 GMT-0500,104.023,103.537,0.002,0.002
23.03.2020 08:32:59.378 GMT-0500,104.022,103.548,0.0008,0.0008
23.03.2020 08:32:59.478 GMT-0500,104.022,103.538,0.002,0.002
23.03.2020 08:32:59.720 GMT-0500,104.01200000000001,103.538,0.0008,0.002
23.03.2020 08:33:00.055 GMT-0500,104.01200000000001,103.738,0.002,0.002
23.03.2020 08:33:01.937 GMT-0500,104.01200000000001,103.898,0.0008,0.0008
23.03.2020 08:33:01.987 GMT-0500,104.01200000000001,103.738,0.0008,0.0008
23.03.2020 08:33:02.062 GMT-0500,104.01200000000001,103.77799999999999,0.002,0.0008
23.03.2020 08:33:02.162 GMT-0500,104.01299999999999,103.73700000000001,0.002,0.002
23.03.2020 08:33:03.363 GMT-0500,104.01200000000001,103.738,0.0008,0.0008
23.03.2020 08:33:03.594 GMT-0500,104.01299999999999,103.73700000000001,0.002,0.002
23.03.2020 08:33:04.589 GMT-0500,103.883,103.738,0.0008,0.0008
23.03.2020 08:33:04.690 GMT-0500,104.00200000000001,103.738,0.0008,0.0008
23.03.2020 08:33:05.078 GMT-0500,103.90200000000002,103.738,0.0008,0.002
23.03.2020 08:33:05.128 GMT-0500,104.01299999999999,103.73700000000001,0.002,0.002
23.03.2020 08:33:05.556 GMT-0500,104.01200000000001,103.738,0.0008,0.0008
23.03.2020 08:33:06.889 GMT-0500,104.01299999999999,103.73700000000001,0.002,0.0008
23.03.2020 08:33:10.052 GMT-0500,104.01299999999999,103.71700000000001,0.002,0.002
23.03.2020 08:33:10.701 GMT-0500,104.01200000000001,103.71799999999999,0.0008,0.0008
23.03.2020 08:33:11.441 GMT-0500,104.003,103.71799999999999,0.0008,0.0008
23.03.2020 08:33:12.904 GMT-0500,104.003,103.71700000000001,0.002,0.002
23.03.2020 08:33:13.330 GMT-0500,104.00200000000001,103.71799999999999,0.0008,0.0008
23.03.2020 08:33:13.458 GMT-0500,104.003,103.71700000000001,0.002,0.002
23.03.2020 08:33:13.637 GMT-0500,104.003,103.80700000000002,0.002,0.0008
23.03.2020 08:33:13.782 GMT-0500,104.00200000000001,103.81700000000001,0.0008,0.0008
23.03.2020 08:33:13.832 GMT-0500,104.00200000000001,103.71799999999999,0.0008,0.0008
23.03.2020 08:33:14.764 GMT-0500,104.00200000000001,103.728,0.0008,0.0008
23.03.2020 08:33:14.815 GMT-0500,104.00200000000001,103.71799999999999,0.002,0.002
23.03.2020 08:33:16.357 GMT-0500,104.00200000000001,103.768,0.002,0.0008
23.03.2020 08:33:16.714 GMT-0500,104.00200000000001,103.71799999999999,0.0008,0.0008
23.03.2020 08:33:18.862 GMT-0500,104.00200000000001,103.758,0.002,0.0008
23.03.2020 08:33:19.046 GMT-0500,103.772,103.71799999999999,0.002,0.002
23.03.2020 08:33:19.096 GMT-0500,104.003,103.76700000000001,0.002,0.002
23.03.2020 08:33:19.208 GMT-0500,104.00200000000001,103.768,0.0008,0.0008
23.03.2020 08:33:19.341 GMT-0500,104.00200000000001,103.71799999999999,0.0008,0.0008
23.03.2020 08:33:23.813 GMT-0500,103.992,103.71799999999999,0.0008,0.0008
23.03.2020 08:33:23.985 GMT-0500,104.003,103.71700000000001,0.002,0.002
23.03.2020 08:33:24.055 GMT-0500,103.992,103.71799999999999,0.0008,0.0008
23.03.2020 08:33:25.012 GMT-0500,103.992,103.758,0.002,0.0008
23.03.2020 08:33:25.062 GMT-0500,104.42200000000001,103.838,0.0008,0.0008
23.03.2020 08:33:25.113 GMT-0500,104.42200000000001,103.868,0.0008,0.0008
23.03.2020 08:33:25.163 GMT-0500,104.43200000000002,103.868,0.0008,0.0008
23.03.2020 08:33:25.264 GMT-0500,104.70200000000001,103.868,0.0008,0.0008
23.03.2020 08:33:25.314 GMT-0500,104.242,103.868,0.0008,0.0008
23.03.2020 08:33:27.083 GMT-0500,104.242,103.867,0.0008,0.0008
23.03.2020 08:33:28.889 GMT-0500,104.243,104.007,0.002,0.0008
23.03.2020 08:33:30.827 GMT-0500,104.242,103.99799999999999,0.0008,0.0008
23.03.2020 08:33:35.482 GMT-0500,104.242,104.008,0.002,0.0008
23.03.2020 08:33:36.383 GMT-0500,104.76200000000001,104.258,0.002,0.002
23.03.2020 08:33:36.433 GMT-0500,104.723,104.26700000000001,0.002,0.002
23.03.2020 08:33:36.495 GMT-0500,104.772,104.268,0.0008,0.0008
23.03.2020 08:33:36.590 GMT-0500,104.51299999999999,104.268,0.0008,0.0008
23.03.2020 08:33:36.640 GMT-0500,104.51200000000001,104.258,0.0008,0.0008
23.03.2020 08:33:36.760 GMT-0500,104.62200000000001,104.258,0.0008,0.0008
23.03.2020 08:33:36.895 GMT-0500,104.62200000000001,104.268,0.0008,0.0008
23.03.2020 08:33:37.357 GMT-0500,104.742,104.008,0.002,0.002
23.03.2020 08:33:37.490 GMT-0500,105.00200000000001,103.99799999999999,0.0008,0.0008
23.03.2020 08:33:37.540 GMT-0500,105.00200000000001,104.24799999999999,0.0008,0.0008
23.03.2020 08:33:37.646 GMT-0500,105.003,104.24700000000001,0.002,0.002
23.03.2020 08:33:38.058 GMT-0500,105.00200000000001,104.24799999999999,0.0008,0.0008
23.03.2020 08:33:39.045 GMT-0500,104.893,104.24700000000001,0.0008,0.002
23.03.2020 08:33:39.247 GMT-0500,105.00200000000001,104.398,0.002,0.002
23.03.2020 08:33:39.347 GMT-0500,105.003,104.24700000000001,0.002,0.002
23.03.2020 08:33:45.068 GMT-0500,105.00200000000001,104.24799999999999,0.0008,0.0008
23.03.2020 08:33:46.277 GMT-0500,105.00200000000001,104.258,0.002,0.0008
23.03.2020 08:33:47.396 GMT-0500,104.992,104.258,0.0008,0.002
23.03.2020 08:33:47.496 GMT-0500,105.003,104.26700000000001,0.002,0.002
23.03.2020 08:33:47.630 GMT-0500,105.003,104.46700000000001,0.002,0.0008
23.03.2020 08:33:47.911 GMT-0500,104.993,104.46799999999999,0.0008,0.0008
23.03.2020 08:33:47.961 GMT-0500,105.00200000000001,104.46799999999999,0.002,0.002
23.03.2020 08:33:48.735 GMT-0500,104.993,104.46799999999999,0.0008,0.0008
23.03.2020 08:33:48.785 GMT-0500,105.00200000000001,104.46799999999999,0.002,0.002
23.03.2020 08:33:48.874 GMT-0500,104.993,104.46700000000001,0.002,0.002
23.03.2020 08:33:48.980 GMT-0500,105.00200000000001,104.46799999999999,0.0008,0.0008
23.03.2020 08:33:51.924 GMT-0500,104.993,104.46700000000001,0.002,0.002
23.03.2020 08:33:51.975 GMT-0500,105.00200000000001,104.46799999999999,0.0008,0.0008
23.03.2020 08:33:52.817 GMT-0500,104.992,104.46799999999999,0.0008,0.0008
23.03.2020 08:33:52.919 GMT-0500,104.993,104.46700000000001,0.002,0.002
23.03.2020 08:33:54.027 GMT-0500,104.98299999999999,104.46700000000001,0.0008,0.002
23.03.2020 08:33:54.196 GMT-0500,104.973,104.46700000000001,0.0008,0.002
23.03.2020 08:33:54.247 GMT-0500,104.98200000000001,104.46799999999999,0.0008,0.0008
23.03.2020 08:33:54.458 GMT-0500,104.973,104.46799999999999,0.0008,0.0008
23.03.2020 08:33:54.558 GMT-0500,104.98299999999999,104.46700000000001,0.002,0.002
23.03.2020 08:33:55.762 GMT-0500,104.973,104.46700000000001,0.0008,0.002
23.03.2020 08:33:56.581 GMT-0500,104.963,104.46700000000001,0.0008,0.002
23.03.2020 08:33:56.780 GMT-0500,104.51200000000001,104.43700000000001,0.0008,0.0008
23.03.2020 08:33:56.830 GMT-0500,104.783,103.76700000000001,0.002,0.002
23.03.2020 08:33:56.882 GMT-0500,104.723,103.76700000000001,0.0008,0.002
23.03.2020 08:33:57.037 GMT-0500,104.973,103.76700000000001,0.002,0.002
23.03.2020 08:33:57.087 GMT-0500,104.743,103.76700000000001,0.002,0.002
23.03.2020 08:33:57.212 GMT-0500,104.53200000000001,104.12700000000001,0.0008,0.0008
23.03.2020 08:33:57.464 GMT-0500,104.51200000000001,104.13799999999999,0.0008,0.0008
23.03.2020 08:33:57.635 GMT-0500,104.51200000000001,104.128,0.0008,0.0008
23.03.2020 08:33:57.826 GMT-0500,104.51299999999999,104.12700000000001,0.0008,0.0008
23.03.2020 08:33:58.041 GMT-0500,104.59299999999999,103.71799999999999,0.0008,0.0008
23.03.2020 08:33:58.142 GMT-0500,104.89200000000001,103.728,0.0008,0.0008
23.03.2020 08:33:58.253 GMT-0500,104.97200000000001,103.818,0.002,0.002
23.03.2020 08:33:58.366 GMT-0500,104.963,103.818,0.0008,0.0008
23.03.2020 08:33:58.668 GMT-0500,104.93200000000002,103.818,0.0008,0.0008
23.03.2020 08:33:59.923 GMT-0500,104.923,103.82700000000001,0.002,0.002
23.03.2020 08:34:00.042 GMT-0500,104.923,103.82799999999999,0.0008,0.0008
23.03.2020 08:34:00.092 GMT-0500,104.93200000000002,103.82799999999999,0.002,0.002
23.03.2020 08:34:00.633 GMT-0500,104.92200000000001,103.838,0.0008,0.0008
23.03.2020 08:34:00.736 GMT-0500,104.923,103.837,0.0008,0.0008
23.03.2020 08:34:00.786 GMT-0500,104.93200000000002,103.818,0.0008,0.0008
23.03.2020 08:34:01.258 GMT-0500,104.92200000000001,103.82799999999999,0.0008,0.0008
23.03.2020 08:34:01.490 GMT-0500,104.93200000000002,103.818,0.0008,0.0008
23.03.2020 08:34:03.194 GMT-0500,104.93299999999999,103.81700000000001,0.0008,0.002
23.03.2020 08:34:03.245 GMT-0500,104.97200000000001,103.818,0.0008,0.0008
23.03.2020 08:34:03.566 GMT-0500,104.963,103.82700000000001,0.0008,0.0008
23.03.2020 08:34:03.685 GMT-0500,104.962,103.82799999999999,0.0008,0.0008
23.03.2020 08:34:03.735 GMT-0500,104.97200000000001,103.818,0.0008,0.0008
23.03.2020 08:34:04.389 GMT-0500,104.962,103.82799999999999,0.0008,0.0008
23.03.2020 08:34:04.439 GMT-0500,104.97200000000001,103.82799999999999,0.0008,0.0008
23.03.2020 08:34:05.407 GMT-0500,104.632,103.82799999999999,0.0008,0.0008
23.03.2020 08:34:06.285 GMT-0500,104.572,103.837,0.0008,0.0008
23.03.2020 08:34:06.386 GMT-0500,104.572,103.838,0.0008,0.0008
23.03.2020 08:34:06.895 GMT-0500,104.56200000000001,103.837,0.0008,0.0008
23.03.2020 08:34:07.001 GMT-0500,104.54200000000002,103.848,0.0008,0.0008
23.03.2020 08:34:07.165 GMT-0500,104.523,103.84700000000001,0.0008,0.002
23.03.2020 08:34:07.918 GMT-0500,104.522,103.85799999999999,0.0008,0.0008
23.03.2020 08:34:08.792 GMT-0500,104.503,103.867,0.0008,0.0008
23.03.2020 08:34:09.007 GMT-0500,104.43200000000002,104.238,0.0008,0.0008
23.03.2020 08:34:09.108 GMT-0500,104.772,104.238,0.002,0.002
23.03.2020 08:34:09.209 GMT-0500,104.89200000000001,104.238,0.0008,0.0008
23.03.2020 08:34:09.312 GMT-0500,104.712,104.238,0.0008,0.002
23.03.2020 08:34:09.755 GMT-0500,104.712,103.848,0.0008,0.0008
23.03.2020 08:34:10.851 GMT-0500,104.70299999999999,103.85700000000001,0.0008,0.0008
23.03.2020 08:34:10.902 GMT-0500,104.712,103.85799999999999,0.002,0.002
23.03.2020 08:34:11.259 GMT-0500,104.70200000000001,103.85799999999999,0.0008,0.0008
23.03.2020 08:34:11.309 GMT-0500,104.712,103.85799999999999,0.0008,0.0008
23.03.2020 08:34:11.416 GMT-0500,104.70200000000001,103.85799999999999,0.0008,0.002
23.03.2020 08:34:11.466 GMT-0500,104.713,103.84700000000001,0.002,0.002
23.03.2020 08:34:11.824 GMT-0500,104.70200000000001,103.848,0.0008,0.0008
23.03.2020 08:34:11.874 GMT-0500,104.712,103.848,0.0008,0.0008
23.03.2020 08:34:12.001 GMT-0500,104.712,103.82799999999999,0.0008,0.0008
23.03.2020 08:34:12.211 GMT-0500,104.712,103.838,0.0008,0.0008
23.03.2020 08:34:12.312 GMT-0500,104.712,103.82799999999999,0.002,0.002
23.03.2020 08:34:12.466 GMT-0500,104.70200000000001,103.82799999999999,0.0008,0.0008
23.03.2020 08:34:12.516 GMT-0500,104.712,103.82799999999999,0.0008,0.0008
23.03.2020 08:34:13.166 GMT-0500,104.712,103.837,0.0008,0.0008
23.03.2020 08:34:13.333 GMT-0500,104.713,103.837,0.002,0.002
23.03.2020 08:34:13.434 GMT-0500,104.70200000000001,103.838,0.0008,0.0008
23.03.2020 08:34:13.484 GMT-0500,104.712,103.838,0.002,0.002
23.03.2020 08:34:13.569 GMT-0500,104.69200000000001,103.838,0.0008,0.002
23.03.2020 08:34:14.594 GMT-0500,104.51200000000001,103.848,0.0008,0.0008
23.03.2020 08:34:14.703 GMT-0500,104.65200000000002,103.848,0.0008,0.0008
23.03.2020 08:34:14.972 GMT-0500,104.503,103.848,0.0008,0.0008
23.03.2020 08:34:15.563 GMT-0500,104.503,103.85700000000001,0.002,0.0008
23.03.2020 08:34:15.804 GMT-0500,104.50200000000001,103.85799999999999,0.0008,0.0008
23.03.2020 08:34:17.004 GMT-0500,104.50200000000001,103.868,0.002,0.002
23.03.2020 08:34:17.206 GMT-0500,104.50200000000001,104.21799999999999,0.002,0.0008
23.03.2020 08:34:18.631 GMT-0500,104.492,104.21799999999999,0.0008,0.0008
23.03.2020 08:34:19.055 GMT-0500,104.45200000000001,104.21799999999999,0.0008,0.0008
23.03.2020 08:34:19.414 GMT-0500,104.44200000000001,104.21799999999999,0.002,0.0008
23.03.2020 08:34:19.464 GMT-0500,104.44200000000001,103.85799999999999,0.0008,0.0008
23.03.2020 08:34:19.858 GMT-0500,104.44200000000001,103.867,0.0008,0.0008
23.03.2020 08:34:19.990 GMT-0500,104.443,103.867,0.002,0.0008
23.03.2020 08:34:20.041 GMT-0500,104.443,103.85700000000001,0.002,0.002
23.03.2020 08:34:20.091 GMT-0500,104.44200000000001,104.228,0.002,0.002
23.03.2020 08:34:20.142 GMT-0500,104.44200000000001,103.85799999999999,0.002,0.002
23.03.2020 08:34:21.293 GMT-0500,104.44200000000001,103.867,0.0008,0.0008
23.03.2020 08:34:21.409 GMT-0500,104.443,103.867,0.002,0.0008
23.03.2020 08:34:21.459 GMT-0500,104.44200000000001,103.85799999999999,0.0008,0.0008
23.03.2020 08:34:21.671 GMT-0500,104.44200000000001,104.228,0.0008,0.0008
23.03.2020 08:34:21.722 GMT-0500,104.44200000000001,103.85799999999999,0.002,0.002
23.03.2020 08:34:22.117 GMT-0500,104.44200000000001,103.867,0.0008,0.0008
23.03.2020 08:34:22.218 GMT-0500,104.44200000000001,103.85799999999999,0.002,0.002
23.03.2020 08:34:22.866 GMT-0500,104.44200000000001,103.868,0.0008,0.0008
23.03.2020 08:34:23.039 GMT-0500,104.44200000000001,103.91799999999999,0.002,0.0008
23.03.2020 08:34:23.843 GMT-0500,104.443,103.927,0.002,0.0008
23.03.2020 08:34:24.118 GMT-0500,104.43200000000002,103.928,0.0008,0.0008
23.03.2020 08:34:24.218 GMT-0500,104.43299999999999,103.85700000000001,0.002,0.002
23.03.2020 08:34:24.566 GMT-0500,104.443,103.85700000000001,0.002,0.002
23.03.2020 08:34:24.651 GMT-0500,104.43299999999999,103.85700000000001,0.002,0.002
23.03.2020 08:34:25.968 GMT-0500,104.43299999999999,103.867,0.002,0.0008
23.03.2020 08:34:26.069 GMT-0500,104.43200000000002,103.85799999999999,0.002,0.002
23.03.2020 08:34:26.396 GMT-0500,104.40200000000002,103.85799999999999,0.0008,0.002
23.03.2020 08:34:26.555 GMT-0500,104.43299999999999,103.85700000000001,0.002,0.002
23.03.2020 08:34:28.497 GMT-0500,104.43200000000002,104.05799999999999,0.0008,0.0008
23.03.2020 08:34:28.547 GMT-0500,104.43200000000002,103.838,0.0008,0.0008
23.03.2020 08:34:28.598 GMT-0500,104.43200000000002,104.18799999999999,0.002,0.002
23.03.2020 08:34:29.077 GMT-0500,104.423,104.18700000000001,0.002,0.002
23.03.2020 08:34:29.469 GMT-0500,104.42200000000001,104.228,0.0008,0.0008
23.03.2020 08:34:29.519 GMT-0500,104.43200000000002,104.18799999999999,0.002,0.002
23.03.2020 08:34:31.372 GMT-0500,104.43200000000002,103.838,0.0008,0.0008
23.03.2020 08:34:31.682 GMT-0500,104.43200000000002,103.848,0.002,0.0008
23.03.2020 08:34:31.930 GMT-0500,104.43200000000002,103.818,0.0008,0.0008
23.03.2020 08:34:32.894 GMT-0500,104.303,103.82700000000001,0.0008,0.0008
23.03.2020 08:34:32.945 GMT-0500,104.43200000000002,103.728,0.002,0.002
23.03.2020 08:34:33.500 GMT-0500,104.43200000000002,103.738,0.002,0.0008
23.03.2020 08:34:33.690 GMT-0500,104.43200000000002,103.71799999999999,0.0008,0.0008
23.03.2020 08:34:34.459 GMT-0500,104.43200000000002,103.728,0.0008,0.0008
23.03.2020 08:34:35.330 GMT-0500,104.43200000000002,103.73700000000001,0.0008,0.0008
23.03.2020 08:34:35.431 GMT-0500,104.43200000000002,103.738,0.0008,0.0008
23.03.2020 08:34:35.846 GMT-0500,104.43299999999999,104.007,0.002,0.0008
23.03.2020 08:34:39.173 GMT-0500,104.43299999999999,104.02700000000002,0.002,0.0008
23.03.2020 08:34:44.052 GMT-0500,104.43299999999999,104.257,0.002,0.0008
23.03.2020 08:34:45.952 GMT-0500,104.43299999999999,104.26700000000001,0.002,0.0008
23.03.2020 08:34:46.258 GMT-0500,104.43200000000002,103.85799999999999,0.0008,0.0008
23.03.2020 08:34:46.710 GMT-0500,104.43200000000002,103.868,0.0008,0.0008
23.03.2020 08:34:46.760 GMT-0500,104.43200000000002,103.85799999999999,0.0008,0.0008
23.03.2020 08:34:46.879 GMT-0500,104.43200000000002,103.897,0.0008,0.0008
23.03.2020 08:34:46.929 GMT-0500,104.98200000000001,104.30799999999999,0.0008,0.0008
23.03.2020 08:34:47.028 GMT-0500,104.98200000000001,104.368,0.002,0.002
23.03.2020 08:34:47.135 GMT-0500,105.00200000000001,104.368,0.002,0.002
23.03.2020 08:34:47.390 GMT-0500,104.833,104.368,0.0008,0.0008
23.03.2020 08:34:48.047 GMT-0500,104.823,104.367,0.0008,0.002
23.03.2020 08:34:48.147 GMT-0500,104.83200000000001,104.368,0.0008,0.0008
23.03.2020 08:34:48.282 GMT-0500,104.833,104.367,0.002,0.0008
23.03.2020 08:34:48.620 GMT-0500,104.822,104.368,0.0008,0.0008
23.03.2020 08:34:48.695 GMT-0500,104.83200000000001,104.368,0.0008,0.0008
23.03.2020 08:34:48.833 GMT-0500,104.833,104.367,0.002,0.0008
23.03.2020 08:34:48.884 GMT-0500,104.83200000000001,103.99799999999999,0.0008,0.0008
23.03.2020 08:34:49.472 GMT-0500,104.83200000000001,104.378,0.002,0.002
23.03.2020 08:34:50.380 GMT-0500,104.83200000000001,103.99799999999999,0.0008,0.0008
23.03.2020 08:34:50.857 GMT-0500,104.822,103.99799999999999,0.0008,0.0008
23.03.2020 08:34:50.958 GMT-0500,104.83200000000001,103.988,0.002,0.002
23.03.2020 08:34:52.176 GMT-0500,104.822,103.99799999999999,0.0008,0.0008
23.03.2020 08:34:52.226 GMT-0500,104.833,103.99700000000001,0.002,0.002
23.03.2020 08:34:52.842 GMT-0500,104.822,104.008,0.0008,0.0008
23.03.2020 08:34:52.892 GMT-0500,104.833,104.007,0.002,0.002
23.03.2020 08:34:53.607 GMT-0500,104.833,103.84700000000001,0.002,0.002
23.03.2020 08:34:53.748 GMT-0500,104.83200000000001,103.838,0.0008,0.0008
23.03.2020 08:34:53.991 GMT-0500,104.462,103.838,0.0008,0.002
23.03.2020 08:34:54.092 GMT-0500,104.45200000000001,103.838,0.002,0.002
23.03.2020 08:34:54.142 GMT-0500,104.48200000000001,103.788,0.0008,0.0008
23.03.2020 08:34:54.522 GMT-0500,104.48200000000001,103.818,0.0008,0.0008
23.03.2020 08:34:55.191 GMT-0500,104.462,103.818,0.0008,0.002
23.03.2020 08:34:55.411 GMT-0500,104.462,103.82700000000001,0.0008,0.0008
23.03.2020 08:34:55.742 GMT-0500,104.462,103.818,0.002,0.002
23.03.2020 08:34:55.840 GMT-0500,104.44200000000001,103.818,0.0008,0.002
23.03.2020 08:34:55.944 GMT-0500,104.39200000000001,103.818,0.0008,0.0008
23.03.2020 08:34:56.226 GMT-0500,104.39200000000001,103.82700000000001,0.0008,0.0008
23.03.2020 08:34:56.340 GMT-0500,104.383,103.82700000000001,0.0008,0.002
23.03.2020 08:34:56.441 GMT-0500,104.37200000000001,103.82799999999999,0.0008,0.0008
23.03.2020 08:34:56.826 GMT-0500,104.36200000000001,103.82799999999999,0.0008,0.0008
23.03.2020 08:34:56.877 GMT-0500,104.37200000000001,103.738,0.0008,0.0008
23.03.2020 08:34:57.028 GMT-0500,104.34200000000001,103.738,0.0008,0.0008
23.03.2020 08:34:57.178 GMT-0500,104.25200000000001,103.738,0.0008,0.0008
23.03.2020 08:34:57.347 GMT-0500,104.29299999999999,103.73700000000001,0.002,0.002
23.03.2020 08:34:57.447 GMT-0500,104.33200000000001,103.738,0.0008,0.0008
23.03.2020 08:34:57.608 GMT-0500,104.31299999999999,103.738,0.0008,0.0008
23.03.2020 08:34:57.847 GMT-0500,104.272,103.738,0.0008,0.0008
23.03.2020 08:34:57.948 GMT-0500,104.25200000000001,103.738,0.002,0.002
23.03.2020 08:34:58.048 GMT-0500,104.31200000000001,103.74799999999999,0.0008,0.0008
23.03.2020 08:34:58.212 GMT-0500,104.23200000000001,103.74799999999999,0.0008,0.002
23.03.2020 08:34:58.262 GMT-0500,104.272,103.74799999999999,0.0008,0.0008
23.03.2020 08:34:58.312 GMT-0500,104.23299999999999,103.74700000000001,0.002,0.002
23.03.2020 08:34:58.420 GMT-0500,104.22200000000001,103.74799999999999,0.0008,0.0008
23.03.2020 08:34:58.471 GMT-0500,104.37200000000001,103.74799999999999,0.0008,0.0008
23.03.2020 08:34:58.521 GMT-0500,104.04200000000002,103.71799999999999,0.002,0.002
23.03.2020 08:34:58.622 GMT-0500,104.00200000000001,103.71799999999999,0.002,0.002
23.03.2020 08:34:58.672 GMT-0500,104.04200000000002,103.74799999999999,0.0008,0.0008
23.03.2020 08:34:58.722 GMT-0500,103.93299999999999,103.71700000000001,0.002,0.002
23.03.2020 08:34:58.860 GMT-0500,104.03200000000001,103.71799999999999,0.002,0.002
23.03.2020 08:34:58.910 GMT-0500,104.03200000000001,103.74799999999999,0.0008,0.0008
23.03.2020 08:34:59.245 GMT-0500,104.01200000000001,103.74799999999999,0.0008,0.0008
23.03.2020 08:34:59.451 GMT-0500,104.022,103.74799999999999,0.0008,0.0008
23.03.2020 08:34:59.535 GMT-0500,104.023,103.76700000000001,0.002,0.0008
23.03.2020 08:34:59.945 GMT-0500,104.022,103.788,0.0008,0.0008
23.03.2020 08:34:59.995 GMT-0500,104.37200000000001,104.018,0.0008,0.0008
23.03.2020 08:35:00.046 GMT-0500,104.37200000000001,103.82799999999999,0.0008,0.0008
23.03.2020 08:35:00.318 GMT-0500,104.37200000000001,103.82700000000001,0.0008,0.0008
23.03.2020 08:35:00.369 GMT-0500,104.37200000000001,103.71799999999999,0.002,0.002
23.03.2020 08:35:00.426 GMT-0500,104.37200000000001,103.82700000000001,0.0008,0.0008
23.03.2020 08:35:00.701 GMT-0500,104.37200000000001,103.838,0.002,0.0008
23.03.2020 08:35:00.826 GMT-0500,104.36200000000001,103.838,0.0008,0.0008
23.03.2020 08:35:00.876 GMT-0500,104.37200000000001,103.71799999999999,0.0008,0.0008
23.03.2020 08:35:01.447 GMT-0500,104.37299999999999,103.727,0.002,0.0008
23.03.2020 08:35:01.497 GMT-0500,104.87200000000001,104.16799999999999,0.0008,0.0008
23.03.2020 08:35:01.548 GMT-0500,104.863,104.12700000000001,0.002,0.002
23.03.2020 08:35:01.689 GMT-0500,104.863,104.128,0.0008,0.0008
23.03.2020 08:35:01.740 GMT-0500,104.87200000000001,104.128,0.0008,0.0008
23.03.2020 08:35:01.873 GMT-0500,105.00200000000001,104.128,0.0008,0.0008
23.03.2020 08:35:02.278 GMT-0500,104.912,104.128,0.0008,0.0008
23.03.2020 08:35:02.386 GMT-0500,104.90299999999999,104.12700000000001,0.0008,0.002
23.03.2020 08:35:02.510 GMT-0500,104.90200000000002,104.148,0.0008,0.002
23.03.2020 08:35:02.561 GMT-0500,104.912,104.148,0.0008,0.0008
23.03.2020 08:35:03.064 GMT-0500,104.90299999999999,104.148,0.0008,0.0008
23.03.2020 08:35:03.394 GMT-0500,104.912,104.148,0.002,0.002
23.03.2020 08:35:04.153 GMT-0500,104.912,104.32799999999999,0.002,0.0008
23.03.2020 08:35:04.203 GMT-0500,105.00200000000001,104.318,0.002,0.002
23.03.2020 08:35:04.304 GMT-0500,104.94200000000001,104.18799999999999,0.0008,0.0008
23.03.2020 08:35:05.138 GMT-0500,104.76200000000001,104.18799999999999,0.0008,0.0008
23.03.2020 08:35:05.493 GMT-0500,104.76200000000001,104.21799999999999,0.002,0.0008
23.03.2020 08:35:06.752 GMT-0500,104.76200000000001,104.227,0.0008,0.0008
23.03.2020 08:35:06.803 GMT-0500,104.93299999999999,104.227,0.002,0.002
23.03.2020 08:35:07.535 GMT-0500,104.803,104.21799999999999,0.0008,0.0008
23.03.2020 08:35:07.821 GMT-0500,104.802,104.228,0.002,0.0008
23.03.2020 08:35:08.160 GMT-0500,104.802,104.21799999999999,0.0008,0.0008
23.03.2020 08:35:08.666 GMT-0500,104.76200000000001,104.228,0.0008,0.0008
23.03.2020 08:35:08.717 GMT-0500,104.76200000000001,104.18799999999999,0.0008,0.0008
23.03.2020 08:35:09.251 GMT-0500,104.743,104.197,0.0008,0.0008
23.03.2020 08:35:09.352 GMT-0500,104.742,104.18799999999999,0.0008,0.0008
23.03.2020 08:35:09.923 GMT-0500,104.743,104.197,0.0008,0.0008
23.03.2020 08:35:09.973 GMT-0500,104.802,104.18799999999999,0.0008,0.0008
23.03.2020 08:35:10.023 GMT-0500,104.62200000000001,104.18799999999999,0.002,0.002
23.03.2020 08:35:11.279 GMT-0500,104.62200000000001,104.198,0.0008,0.0008
23.03.2020 08:35:11.329 GMT-0500,104.632,104.198,0.0008,0.0008
23.03.2020 08:35:11.380 GMT-0500,104.632,104.18799999999999,0.0008,0.0008
23.03.2020 08:35:11.832 GMT-0500,104.803,104.18700000000001,0.002,0.002
23.03.2020 08:35:11.902 GMT-0500,104.79200000000002,104.198,0.0008,0.0008
23.03.2020 08:35:12.115 GMT-0500,104.553,104.18700000000001,0.0008,0.002
23.03.2020 08:35:12.519 GMT-0500,104.552,104.198,0.0008,0.0008
23.03.2020 08:35:12.682 GMT-0500,104.552,104.197,0.0008,0.0008
23.03.2020 08:35:12.732 GMT-0500,104.552,104.18799999999999,0.0008,0.0008
23.03.2020 08:35:13.189 GMT-0500,104.553,104.198,0.0008,0.0008
23.03.2020 08:35:13.240 GMT-0500,104.742,104.18799999999999,0.002,0.002
23.03.2020 08:35:13.290 GMT-0500,104.583,104.20700000000001,0.002,0.002
23.03.2020 08:35:14.391 GMT-0500,104.583,104.21700000000001,0.002,0.0008
23.03.2020 08:35:14.563 GMT-0500,104.583,104.20700000000001,0.002,0.002
23.03.2020 08:35:14.975 GMT-0500,104.522,104.208,0.0008,0.0008
23.03.2020 08:35:17.166 GMT-0500,104.48299999999999,104.208,0.0008,0.0008
23.03.2020 08:35:17.867 GMT-0500,104.43200000000002,104.318,0.0008,0.0008
23.03.2020 08:35:17.918 GMT-0500,104.43200000000002,104.208,0.0008,0.0008
23.03.2020 08:35:18.367 GMT-0500,104.43200000000002,104.24799999999999,0.0008,0.0008
23.03.2020 08:35:18.703 GMT-0500,104.43200000000002,104.208,0.0008,0.0008
23.03.2020 08:35:19.726 GMT-0500,104.423,104.208,0.0008,0.0008
23.03.2020 08:35:19.937 GMT-0500,104.37299999999999,104.18700000000001,0.0008,0.002
23.03.2020 08:35:19.987 GMT-0500,104.43200000000002,104.18799999999999,0.0008,0.0008
23.03.2020 08:35:20.142 GMT-0500,104.423,104.18799999999999,0.0008,0.0008
23.03.2020 08:35:20.873 GMT-0500,104.42200000000001,104.30799999999999,0.0008,0.0008
23.03.2020 08:35:20.923 GMT-0500,104.43200000000002,104.208,0.002,0.002
23.03.2020 08:35:22.002 GMT-0500,104.42200000000001,104.18799999999999,0.0008,0.0008
23.03.2020 08:35:22.053 GMT-0500,104.43200000000002,104.238,0.002,0.002
23.03.2020 08:35:22.103 GMT-0500,104.43200000000002,104.21799999999999,0.002,0.002
23.03.2020 08:35:23.989 GMT-0500,104.43299999999999,104.337,0.0008,0.0008
23.03.2020 08:35:24.039 GMT-0500,104.583,104.337,0.002,0.002
23.03.2020 08:35:24.934 GMT-0500,104.58200000000001,104.18799999999999,0.0008,0.0008
23.03.2020 08:35:25.292 GMT-0500,104.58200000000001,104.198,0.0008,0.0008
23.03.2020 08:35:25.485 GMT-0500,104.58200000000001,104.18799999999999,0.0008,0.0008
23.03.2020 08:35:26.222 GMT-0500,104.58200000000001,104.197,0.0008,0.0008
23.03.2020 08:35:26.498 GMT-0500,104.583,104.197,0.002,0.0008
23.03.2020 08:35:26.548 GMT-0500,104.58200000000001,104.18799999999999,0.0008,0.0008
23.03.2020 08:35:27.151 GMT-0500,104.573,104.18700000000001,0.002,0.002
23.03.2020 08:35:27.294 GMT-0500,104.58200000000001,104.18799999999999,0.0008,0.0008
23.03.2020 08:35:27.663 GMT-0500,104.58200000000001,104.198,0.0008,0.0008
23.03.2020 08:35:27.882 GMT-0500,104.583,104.18700000000001,0.002,0.002
23.03.2020 08:35:28.033 GMT-0500,104.58200000000001,104.18799999999999,0.0008,0.0008
23.03.2020 08:35:28.084 GMT-0500,104.573,104.18700000000001,0.002,0.002
23.03.2020 08:35:28.134 GMT-0500,104.58200000000001,104.18799999999999,0.0008,0.0008
23.03.2020 08:35:29.900 GMT-0500,104.572,104.18799999999999,0.002,0.002
23.03.2020 08:35:30.056 GMT-0500,104.58200000000001,104.18799999999999,0.002,0.002
23.03.2020 08:35:30.642 GMT-0500,104.45200000000001,104.18799999999999,0.0008,0.002
23.03.2020 08:35:34.643 GMT-0500,104.45200000000001,103.728,0.0008,0.0008
23.03.2020 08:35:34.774 GMT-0500,104.45200000000001,103.71799999999999,0.002,0.002
23.03.2020 08:35:35.200 GMT-0500,104.163,103.71799999999999,0.0008,0.0008
23.03.2020 08:35:35.301 GMT-0500,104.162,103.988,0.0008,0.0008
23.03.2020 08:35:35.351 GMT-0500,104.44200000000001,104.088,0.002,0.002
23.03.2020 08:35:35.402 GMT-0500,104.44200000000001,103.988,0.0008,0.0008
23.03.2020 08:35:36.878 GMT-0500,104.102,103.988,0.0008,0.0008
23.03.2020 08:35:37.020 GMT-0500,104.08200000000001,103.988,0.0008,0.0008
23.03.2020 08:35:37.071 GMT-0500,104.12200000000001,103.988,0.002,0.002
23.03.2020 08:35:39.229 GMT-0500,104.443,103.98700000000001,0.002,0.002
23.03.2020 08:35:39.314 GMT-0500,104.45200000000001,103.988,0.0008,0.0008
23.03.2020 08:35:40.061 GMT-0500,104.06299999999999,103.727,0.002,0.002
23.03.2020 08:35:40.112 GMT-0500,104.45200000000001,103.728,0.002,0.002
23.03.2020 08:35:41.946 GMT-0500,104.44200000000001,103.728,0.0008,0.0008
23.03.2020 08:35:42.107 GMT-0500,104.45200000000001,103.71799999999999,0.002,0.002
23.03.2020 08:35:42.680 GMT-0500,104.44200000000001,103.728,0.0008,0.0008
23.03.2020 08:35:43.095 GMT-0500,104.45200000000001,103.71799999999999,0.002,0.002
23.03.2020 08:35:44.520 GMT-0500,104.443,103.727,0.0008,0.0008
23.03.2020 08:35:44.684 GMT-0500,104.45299999999999,103.71700000000001,0.002,0.002
23.03.2020 08:35:45.193 GMT-0500,104.443,103.727,0.0008,0.0008
23.03.2020 08:35:45.437 GMT-0500,104.45200000000001,103.71799999999999,0.0008,0.0008
23.03.2020 08:35:46.119 GMT-0500,104.443,103.727,0.0008,0.0008
23.03.2020 08:35:46.270 GMT-0500,104.45299999999999,103.71700000000001,0.002,0.002
23.03.2020 08:35:46.808 GMT-0500,104.443,103.727,0.0008,0.0008
23.03.2020 08:35:46.958 GMT-0500,104.45200000000001,103.71799999999999,0.0008,0.0008
23.03.2020 08:35:47.286 GMT-0500,104.45299999999999,103.81700000000001,0.002,0.002
23.03.2020 08:35:47.924 GMT-0500,104.45200000000001,103.85799999999999,0.0008,0.0008
23.03.2020 08:35:48.166 GMT-0500,104.443,103.85799999999999,0.0008,0.0008
23.03.2020 08:35:48.216 GMT-0500,104.45200000000001,103.85799999999999,0.002,0.002
23.03.2020 08:35:48.531 GMT-0500,104.45200000000001,103.818,0.002,0.002
23.03.2020 08:35:48.582 GMT-0500,104.083,103.81700000000001,0.002,0.002
23.03.2020 08:35:48.842 GMT-0500,104.083,103.818,0.0008,0.0008
23.03.2020 08:35:49.779 GMT-0500,104.08200000000001,103.818,0.0008,0.0008
23.03.2020 08:35:50.589 GMT-0500,104.08200000000001,103.848,0.0008,0.0008
23.03.2020 08:35:50.707 GMT-0500,104.083,103.867,0.002,0.0008
23.03.2020 08:35:52.364 GMT-0500,104.08200000000001,103.868,0.002,0.002
23.03.2020 08:35:52.805 GMT-0500,104.08200000000001,103.848,0.002,0.002
23.03.2020 08:35:53.023 GMT-0500,103.98200000000001,103.848,0.0008,0.002
23.03.2020 08:35:53.073 GMT-0500,104.08200000000001,103.848,0.0008,0.0008
23.03.2020 08:35:53.748 GMT-0500,104.083,103.81700000000001,0.002,0.002
23.03.2020 08:35:53.989 GMT-0500,104.08200000000001,103.818,0.0008,0.0008
23.03.2020 08:35:56.345 GMT-0500,104.08200000000001,103.82799999999999,0.0008,0.0008
23.03.2020 08:35:56.396 GMT-0500,104.45200000000001,103.818,0.0008,0.0008
23.03.2020 08:35:56.446 GMT-0500,104.44200000000001,104.02799999999999,0.0008,0.0008
23.03.2020 08:35:56.547 GMT-0500,104.443,104.07700000000001,0.002,0.002
23.03.2020 08:35:56.863 GMT-0500,104.443,104.07799999999999,0.0008,0.0008
23.03.2020 08:35:56.913 GMT-0500,104.45200000000001,104.07799999999999,0.002,0.002
23.03.2020 08:35:57.143 GMT-0500,104.45200000000001,104.118,0.002,0.0008
23.03.2020 08:35:57.193 GMT-0500,104.45200000000001,104.088,0.0008,0.0008
23.03.2020 08:35:57.294 GMT-0500,104.45200000000001,103.818,0.0008,0.0008
23.03.2020 08:35:57.439 GMT-0500,104.43200000000002,103.948,0.0008,0.0008
23.03.2020 08:35:57.540 GMT-0500,104.45200000000001,103.948,0.0008,0.0008
23.03.2020 08:35:57.672 GMT-0500,104.45200000000001,103.818,0.002,0.002
23.03.2020 08:35:57.792 GMT-0500,104.443,103.82700000000001,0.0008,0.0008
23.03.2020 08:35:57.893 GMT-0500,104.45200000000001,103.818,0.002,0.002
23.03.2020 08:35:58.083 GMT-0500,104.43299999999999,103.818,0.0008,0.0008
23.03.2020 08:35:58.398 GMT-0500,104.42200000000001,103.818,0.0008,0.002
23.03.2020 08:35:58.517 GMT-0500,104.29299999999999,103.81700000000001,0.0008,0.002
23.03.2020 08:35:58.568 GMT-0500,104.43200000000002,103.82799999999999,0.0008,0.0008
23.03.2020 08:35:59.026 GMT-0500,104.40299999999999,103.82700000000001,0.002,0.002
23.03.2020 08:35:59.133 GMT-0500,104.393,103.85700000000001,0.0008,0.0008
23.03.2020 08:35:59.184 GMT-0500,104.39200000000001,103.818,0.002,0.002
23.03.2020 08:35:59.287 GMT-0500,104.45200000000001,103.818,0.0008,0.0008
23.03.2020 08:35:59.418 GMT-0500,104.45299999999999,103.87700000000001,0.002,0.0008
23.03.2020 08:35:59.747 GMT-0500,104.443,103.87700000000001,0.002,0.002
23.03.2020 08:35:59.863 GMT-0500,104.443,103.878,0.0008,0.0008
23.03.2020 08:35:59.913 GMT-0500,104.45200000000001,103.878,0.002,0.002
23.03.2020 08:36:00.013 GMT-0500,104.37200000000001,103.878,0.002,0.002
23.03.2020 08:36:00.124 GMT-0500,104.37299999999999,103.897,0.002,0.002
23.03.2020 08:36:00.256 GMT-0500,104.45200000000001,103.898,0.0008,0.0008
23.03.2020 08:36:01.497 GMT-0500,104.44200000000001,103.898,0.0008,0.0008
23.03.2020 08:36:01.703 GMT-0500,104.45299999999999,103.93700000000001,0.002,0.0008
23.03.2020 08:36:02.291 GMT-0500,104.44200000000001,103.958,0.0008,0.0008
23.03.2020 08:36:02.392 GMT-0500,104.45299999999999,103.95700000000001,0.002,0.002
23.03.2020 08:36:03.138 GMT-0500,104.443,103.95700000000001,0.0008,0.002
23.03.2020 08:36:03.189 GMT-0500,104.45200000000001,103.958,0.0008,0.0008
23.03.2020 08:36:04.167 GMT-0500,104.44200000000001,103.958,0.0008,0.0008
23.03.2020 08:36:04.268 GMT-0500,104.45200000000001,103.958,0.0008,0.0008
23.03.2020 08:36:05.051 GMT-0500,104.443,103.95700000000001,0.002,0.002
23.03.2020 08:36:05.112 GMT-0500,104.44200000000001,103.82799999999999,0.002,0.002
23.03.2020 08:36:05.386 GMT-0500,104.45200000000001,103.818,0.0008,0.0008
23.03.2020 08:36:06.147 GMT-0500,104.44200000000001,103.82799999999999,0.0008,0.0008
23.03.2020 08:36:06.305 GMT-0500,104.20200000000001,103.818,0.002,0.002
23.03.2020 08:36:06.962 GMT-0500,104.193,103.818,0.0008,0.0008
23.03.2020 08:36:07.063 GMT-0500,104.20200000000001,103.818,0.0008,0.0008
23.03.2020 08:36:07.554 GMT-0500,104.20200000000001,103.82799999999999,0.0008,0.0008
23.03.2020 08:36:07.605 GMT-0500,104.45299999999999,103.96700000000001,0.002,0.002
23.03.2020 08:36:08.600 GMT-0500,104.443,103.96700000000001,0.0008,0.002
23.03.2020 08:36:08.963 GMT-0500,104.44200000000001,103.96799999999999,0.0008,0.002
23.03.2020 08:36:09.013 GMT-0500,104.45200000000001,103.96799999999999,0.002,0.002
23.03.2020 08:36:09.516 GMT-0500,104.45200000000001,104.088,0.002,0.0008
23.03.2020 08:36:09.667 GMT-0500,104.20200000000001,104.088,0.0008,0.0008
23.03.2020 08:36:09.717 GMT-0500,104.45200000000001,104.148,0.0008,0.0008
23.03.2020 08:36:10.006 GMT-0500,104.26299999999999,104.148,0.0008,0.0008
23.03.2020 08:36:10.056 GMT-0500,104.26200000000001,103.978,0.002,0.002
23.03.2020 08:36:10.408 GMT-0500,104.25200000000001,103.978,0.002,0.002
23.03.2020 08:36:11.040 GMT-0500,104.242,103.818,0.002,0.002
23.03.2020 08:36:11.284 GMT-0500,104.242,103.82700000000001,0.0008,0.0008
23.03.2020 08:36:11.936 GMT-0500,104.223,103.818,0.0008,0.0008
23.03.2020 08:36:12.212 GMT-0500,104.22200000000001,103.82799999999999,0.0008,0.0008
23.03.2020 08:36:12.390 GMT-0500,104.22200000000001,103.818,0.002,0.002
23.03.2020 08:36:13.057 GMT-0500,104.22200000000001,103.988,0.002,0.0008
23.03.2020 08:36:13.200 GMT-0500,104.212,103.988,0.0008,0.002
23.03.2020 08:36:14.223 GMT-0500,104.212,103.818,0.0008,0.0008
23.03.2020 08:36:14.585 GMT-0500,104.212,103.82799999999999,0.002,0.0008
23.03.2020 08:36:14.635 GMT-0500,104.44200000000001,103.99799999999999,0.0008,0.0008
23.03.2020 08:36:14.702 GMT-0500,104.22200000000001,103.99799999999999,0.002,0.002
23.03.2020 08:36:15.331 GMT-0500,104.22200000000001,104.10799999999999,0.0008,0.0008
23.03.2020 08:36:15.381 GMT-0500,104.23200000000001,104.05799999999999,0.0008,0.0008
23.03.2020 08:36:15.760 GMT-0500,104.23200000000001,104.13799999999999,0.0008,0.0008
23.03.2020 08:36:15.811 GMT-0500,104.242,104.098,0.0008,0.0008
23.03.2020 08:36:15.911 GMT-0500,104.45299999999999,104.15700000000001,0.002,0.002
23.03.2020 08:36:16.014 GMT-0500,104.423,104.15700000000001,0.0008,0.002
23.03.2020 08:36:16.810 GMT-0500,104.423,104.177,0.002,0.0008
23.03.2020 08:36:16.916 GMT-0500,104.423,104.29700000000001,0.0008,0.0008
23.03.2020 08:36:16.967 GMT-0500,104.79200000000002,104.198,0.0008,0.0008
23.03.2020 08:36:17.076 GMT-0500,104.802,104.198,0.0008,0.0008
23.03.2020 08:36:17.202 GMT-0500,104.802,104.337,0.0008,0.0008
23.03.2020 08:36:17.445 GMT-0500,104.803,104.337,0.002,0.0008
23.03.2020 08:36:17.495 GMT-0500,104.802,104.24799999999999,0.0008,0.0008
23.03.2020 08:36:17.917 GMT-0500,104.79299999999999,104.24799999999999,0.0008,0.0008
23.03.2020 08:36:18.186 GMT-0500,104.79299999999999,104.24700000000001,0.0008,0.002
23.03.2020 08:36:18.237 GMT-0500,104.803,104.24700000000001,0.002,0.002
23.03.2020 08:36:19.568 GMT-0500,104.79200000000002,104.24799999999999,0.0008,0.0008
23.03.2020 08:36:19.739 GMT-0500,104.803,104.24700000000001,0.002,0.002
23.03.2020 08:36:20.229 GMT-0500,104.79200000000002,104.24799999999999,0.0008,0.0008
23.03.2020 08:36:20.437 GMT-0500,104.802,104.24799999999999,0.0008,0.0008
23.03.2020 08:36:20.899 GMT-0500,104.803,103.90700000000001,0.002,0.002
23.03.2020 08:36:20.951 GMT-0500,104.802,104.24799999999999,0.0008,0.0008
23.03.2020 08:36:21.270 GMT-0500,104.79200000000002,104.24799999999999,0.0008,0.0008
23.03.2020 08:36:21.486 GMT-0500,104.802,104.24799999999999,0.002,0.002
23.03.2020 08:36:22.313 GMT-0500,104.79299999999999,104.24700000000001,0.002,0.002
23.03.2020 08:36:22.486 GMT-0500,104.79299999999999,104.24799999999999,0.0008,0.0008
23.03.2020 08:36:22.536 GMT-0500,104.802,104.24799999999999,0.002,0.002
23.03.2020 08:36:23.262 GMT-0500,104.802,104.008,0.002,0.002
23.03.2020 08:36:23.312 GMT-0500,104.68200000000002,104.008,0.002,0.002
23.03.2020 08:36:23.440 GMT-0500,104.802,104.008,0.0008,0.0008
23.03.2020 08:36:23.491 GMT-0500,104.69200000000001,103.818,0.0008,0.0008
23.03.2020 08:36:23.583 GMT-0500,104.693,104.007,0.002,0.0008
23.03.2020 08:36:23.690 GMT-0500,104.69200000000001,104.008,0.0008,0.002
23.03.2020 08:36:23.741 GMT-0500,104.73200000000001,104.008,0.002,0.002
23.03.2020 08:36:23.791 GMT-0500,104.712,104.008,0.0008,0.0008
23.03.2020 08:36:24.019 GMT-0500,104.70200000000001,104.008,0.002,0.002
23.03.2020 08:36:24.427 GMT-0500,104.69200000000001,104.008,0.0008,0.0008
23.03.2020 08:36:24.925 GMT-0500,104.68200000000002,104.008,0.0008,0.002
23.03.2020 08:36:25.347 GMT-0500,104.69200000000001,104.008,0.0008,0.0008
23.03.2020 08:36:25.397 GMT-0500,104.69200000000001,104.038,0.002,0.002
23.03.2020 08:36:25.534 GMT-0500,104.70200000000001,104.038,0.0008,0.0008
23.03.2020 08:36:25.904 GMT-0500,104.69200000000001,104.038,0.0008,0.0008
23.03.2020 08:36:25.955 GMT-0500,104.69200000000001,104.008,0.0008,0.0008
23.03.2020 08:36:26.055 GMT-0500,104.70299999999999,104.01700000000001,0.002,0.002
23.03.2020 08:36:26.729 GMT-0500,104.69200000000001,104.018,0.002,0.002
23.03.2020 08:36:26.781 GMT-0500,104.70200000000001,104.018,0.002,0.002
23.03.2020 08:36:27.100 GMT-0500,104.29200000000002,104.018,0.0008,0.002
23.03.2020 08:36:28.220 GMT-0500,104.29299999999999,104.007,0.002,0.002
23.03.2020 08:36:29.146 GMT-0500,104.20200000000001,104.008,0.002,0.002
23.03.2020 08:36:29.196 GMT-0500,104.28200000000001,104.02799999999999,0.002,0.002
23.03.2020 08:36:29.345 GMT-0500,104.28200000000001,104.07799999999999,0.0008,0.0008
23.03.2020 08:36:29.396 GMT-0500,104.29200000000002,104.07799999999999,0.0008,0.0008
23.03.2020 08:36:29.507 GMT-0500,104.29200000000002,104.07700000000001,0.0008,0.0008
23.03.2020 08:36:29.607 GMT-0500,104.72200000000001,104.27799999999999,0.002,0.002
23.03.2020 08:36:29.657 GMT-0500,104.742,104.27799999999999,0.002,0.002
23.03.2020 08:36:30.030 GMT-0500,104.79200000000002,104.27799999999999,0.0008,0.002
23.03.2020 08:36:30.171 GMT-0500,104.79299999999999,104.27700000000002,0.0008,0.002
23.03.2020 08:36:30.769 GMT-0500,104.79200000000002,104.27799999999999,0.0008,0.0008
23.03.2020 08:36:30.908 GMT-0500,104.79299999999999,104.27700000000002,0.0008,0.002
23.03.2020 08:36:30.959 GMT-0500,104.802,104.27799999999999,0.0008,0.0008
23.03.2020 08:36:31.644 GMT-0500,104.79200000000002,104.27799999999999,0.0008,0.002
23.03.2020 08:36:32.014 GMT-0500,104.802,104.27799999999999,0.002,0.002
23.03.2020 08:36:32.326 GMT-0500,104.45,104.27799999999999,0.0008,0.0008
23.03.2020 08:36:36.184 GMT-0500,104.443,104.245,0.002,0.0008
23.03.2020 08:36:36.234 GMT-0500,104.44200000000001,103.848,0.0008,0.0008
23.03.2020 08:36:36.911 GMT-0500,104.443,103.88700000000001,0.002,0.0008
23.03.2020 08:36:37.416 GMT-0500,104.443,103.897,0.002,0.0008
23.03.2020 08:36:37.466 GMT-0500,104.44200000000001,103.88799999999999,0.0008,0.0008
23.03.2020 08:36:38.234 GMT-0500,104.443,103.897,0.002,0.0008
23.03.2020 08:36:38.643 GMT-0500,104.44200000000001,103.88799999999999,0.0008,0.0008
23.03.2020 08:36:39.571 GMT-0500,104.44200000000001,103.898,0.0008,0.0008
23.03.2020 08:36:40.152 GMT-0500,104.44200000000001,104.27799999999999,0.0008,0.0008
23.03.2020 08:36:40.517 GMT-0500,104.443,104.265,0.002,0.0008
23.03.2020 08:36:40.567 GMT-0500,104.44200000000001,103.85799999999999,0.0008,0.0008
23.03.2020 08:36:40.617 GMT-0500,104.44200000000001,104.068,0.0008,0.0008
23.03.2020 08:36:40.668 GMT-0500,104.44200000000001,103.818,0.0008,0.0008
23.03.2020 08:36:41.293 GMT-0500,104.43200000000002,103.82799999999999,0.0008,0.0008
23.03.2020 08:36:41.468 GMT-0500,104.44200000000001,103.818,0.0008,0.0008
23.03.2020 08:36:41.932 GMT-0500,104.443,103.82700000000001,0.002,0.0008
23.03.2020 08:36:42.032 GMT-0500,104.443,103.81700000000001,0.002,0.002
23.03.2020 08:36:42.243 GMT-0500,104.43299999999999,103.81700000000001,0.0008,0.002
23.03.2020 08:36:42.343 GMT-0500,104.443,103.81700000000001,0.002,0.002
23.03.2020 08:36:42.722 GMT-0500,104.443,103.82700000000001,0.002,0.002
23.03.2020 08:36:42.835 GMT-0500,104.69200000000001,103.818,0.0008,0.0008
23.03.2020 08:36:42.885 GMT-0500,104.68299999999999,103.81700000000001,0.002,0.002
23.03.2020 08:36:43.047 GMT-0500,104.68200000000002,103.818,0.0008,0.0008
23.03.2020 08:36:43.150 GMT-0500,104.68299999999999,103.81700000000001,0.002,0.002
23.03.2020 08:36:43.289 GMT-0500,104.68200000000002,104.02799999999999,0.0008,0.0008
23.03.2020 08:36:43.712 GMT-0500,104.67200000000001,104.02799999999999,0.0008,0.0008
23.03.2020 08:36:43.878 GMT-0500,104.68200000000002,104.02799999999999,0.0008,0.0008
23.03.2020 08:36:44.048 GMT-0500,104.583,104.02700000000002,0.002,0.002
23.03.2020 08:36:45.295 GMT-0500,104.572,104.02799999999999,0.0008,0.0008
23.03.2020 08:36:45.608 GMT-0500,104.58200000000001,104.02799999999999,0.0008,0.0008
23.03.2020 08:36:46.416 GMT-0500,104.40200000000002,104.02799999999999,0.0008,0.002
23.03.2020 08:36:47.256 GMT-0500,104.393,104.02799999999999,0.0008,0.0008
23.03.2020 08:36:47.356 GMT-0500,104.40200000000002,104.02799999999999,0.002,0.002
23.03.2020 08:36:48.319 GMT-0500,104.102,103.82799999999999,0.002,0.002
23.03.2020 08:36:48.370 GMT-0500,104.40200000000002,103.818,0.0008,0.0008
23.03.2020 08:36:49.044 GMT-0500,104.393,103.82700000000001,0.0008,0.0008
23.03.2020 08:36:49.145 GMT-0500,104.40200000000002,103.818,0.0008,0.0008
23.03.2020 08:36:50.553 GMT-0500,104.39200000000001,103.82799999999999,0.0008,0.0008
23.03.2020 08:36:50.894 GMT-0500,104.40200000000002,103.818,0.002,0.002
23.03.2020 08:36:51.493 GMT-0500,104.162,103.818,0.0008,0.002
23.03.2020 08:36:52.424 GMT-0500,104.162,103.82799999999999,0.002,0.0008
23.03.2020 08:36:52.570 GMT-0500,104.072,103.82799999999999,0.0008,0.0008
23.03.2020 08:36:52.620 GMT-0500,104.162,103.82799999999999,0.002,0.002
23.03.2020 08:36:52.671 GMT-0500,104.052,103.818,0.002,0.002
23.03.2020 08:36:52.721 GMT-0500,104.163,103.81700000000001,0.002,0.002
23.03.2020 08:36:53.962 GMT-0500,104.03200000000001,103.82799999999999,0.0008,0.0008
23.03.2020 08:36:54.013 GMT-0500,104.162,103.818,0.0008,0.0008
23.03.2020 08:36:54.952 GMT-0500,104.072,103.818,0.0008,0.0008
23.03.2020 08:36:55.270 GMT-0500,104.072,103.82799999999999,0.002,0.002
23.03.2020 08:36:55.443 GMT-0500,104.072,103.818,0.002,0.002
23.03.2020 08:36:56.003 GMT-0500,104.072,103.82799999999999,0.002,0.0008
23.03.2020 08:36:56.054 GMT-0500,104.072,103.818,0.0008,0.0008
23.03.2020 08:36:57.256 GMT-0500,104.072,103.82799999999999,0.002,0.0008
23.03.2020 08:36:57.306 GMT-0500,104.072,103.818,0.002,0.002
23.03.2020 08:36:58.307 GMT-0500,104.072,103.878,0.002,0.002
23.03.2020 08:36:58.723 GMT-0500,104.04299999999999,103.87700000000001,0.002,0.002
23.03.2020 08:36:58.773 GMT-0500,104.073,103.87700000000001,0.002,0.002
23.03.2020 08:36:58.985 GMT-0500,104.072,103.908,0.0008,0.0008
23.03.2020 08:36:59.540 GMT-0500,104.06299999999999,103.908,0.0008,0.0008
23.03.2020 08:37:01.879 GMT-0500,104.06200000000001,103.908,0.0008,0.0008
23.03.2020 08:37:02.784 GMT-0500,104.052,103.908,0.0008,0.0008
23.03.2020 08:37:05.741 GMT-0500,104.04299999999999,103.908,0.0008,0.0008
23.03.2020 08:37:06.015 GMT-0500,104.04200000000002,103.908,0.0008,0.0008
23.03.2020 08:37:06.820 GMT-0500,104.04200000000002,103.91799999999999,0.0008,0.0008
23.03.2020 08:37:06.871 GMT-0500,104.052,103.908,0.0008,0.0008
23.03.2020 08:37:06.971 GMT-0500,104.15299999999999,103.90700000000001,0.002,0.002
23.03.2020 08:37:07.021 GMT-0500,104.15200000000002,103.91799999999999,0.0008,0.0008
23.03.2020 08:37:07.191 GMT-0500,104.163,103.91700000000002,0.002,0.002
23.03.2020 08:37:07.329 GMT-0500,104.162,103.99799999999999,0.0008,0.0008
23.03.2020 08:37:07.458 GMT-0500,104.162,103.91799999999999,0.0008,0.0008
23.03.2020 08:37:07.814 GMT-0500,104.162,103.91700000000002,0.0008,0.0008
23.03.2020 08:37:07.866 GMT-0500,104.162,104.008,0.0008,0.0008
23.03.2020 08:37:08.255 GMT-0500,104.162,104.068,0.0008,0.0008
23.03.2020 08:37:08.963 GMT-0500,104.163,104.117,0.002,0.0008
23.03.2020 08:37:09.013 GMT-0500,104.39200000000001,104.148,0.0008,0.0008
23.03.2020 08:37:09.266 GMT-0500,104.40200000000002,104.148,0.0008,0.0008
23.03.2020 08:37:09.317 GMT-0500,104.40200000000002,104.16799999999999,0.0008,0.0008
23.03.2020 08:37:10.419 GMT-0500,104.40299999999999,104.16700000000002,0.002,0.002
23.03.2020 08:37:10.469 GMT-0500,104.40200000000002,103.99799999999999,0.002,0.002
23.03.2020 08:37:10.662 GMT-0500,104.40200000000002,104.008,0.002,0.0008
23.03.2020 08:37:10.762 GMT-0500,104.40299999999999,103.99700000000001,0.002,0.002
23.03.2020 08:37:11.082 GMT-0500,104.40200000000002,103.99799999999999,0.0008,0.0008
23.03.2020 08:37:11.228 GMT-0500,104.40200000000002,104.008,0.002,0.0008
23.03.2020 08:37:11.329 GMT-0500,104.40299999999999,103.99700000000001,0.002,0.002
23.03.2020 08:37:12.733 GMT-0500,104.40200000000002,104.008,0.0008,0.0008
23.03.2020 08:37:12.904 GMT-0500,104.40200000000002,103.99799999999999,0.0008,0.0008
23.03.2020 08:37:15.306 GMT-0500,104.40299999999999,104.007,0.002,0.0008
23.03.2020 08:37:15.436 GMT-0500,104.40200000000002,104.007,0.0008,0.0008
23.03.2020 08:37:15.486 GMT-0500,104.40200000000002,103.99799999999999,0.002,0.002
23.03.2020 08:37:16.486 GMT-0500,104.333,103.99700000000001,0.002,0.002
23.03.2020 08:37:16.943 GMT-0500,104.33200000000001,104.008,0.0008,0.0008
23.03.2020 08:37:17.140 GMT-0500,104.33200000000001,103.99799999999999,0.0008,0.0008
23.03.2020 08:37:18.244 GMT-0500,104.33200000000001,104.007,0.0008,0.0008
23.03.2020 08:37:18.402 GMT-0500,104.333,103.99700000000001,0.002,0.002
23.03.2020 08:37:19.563 GMT-0500,104.33200000000001,104.008,0.0008,0.0008
23.03.2020 08:37:19.794 GMT-0500,104.31200000000001,103.99799999999999,0.0008,0.0008
23.03.2020 08:37:20.832 GMT-0500,104.09299999999999,103.87700000000001,0.002,0.002
23.03.2020 08:37:20.961 GMT-0500,104.083,103.87700000000001,0.0008,0.002
23.03.2020 08:37:21.159 GMT-0500,104.073,103.87700000000001,0.0008,0.002
23.03.2020 08:37:22.078 GMT-0500,104.072,103.87700000000001,0.0008,0.0008
23.03.2020 08:37:22.129 GMT-0500,104.072,103.818,0.0008,0.0008
23.03.2020 08:37:23.355 GMT-0500,104.03200000000001,103.818,0.0008,0.0008
23.03.2020 08:37:23.406 GMT-0500,104.072,103.818,0.0008,0.0008
23.03.2020 08:37:23.456 GMT-0500,104.023,103.81700000000001,0.002,0.002
23.03.2020 08:37:23.606 GMT-0500,104.01200000000001,103.818,0.0008,0.0008
23.03.2020 08:37:24.345 GMT-0500,104.01299999999999,103.82700000000001,0.002,0.002
23.03.2020 08:37:24.745 GMT-0500,104.01299999999999,103.848,0.0008,0.0008
23.03.2020 08:37:24.796 GMT-0500,104.283,103.84700000000001,0.002,0.002
23.03.2020 08:37:24.999 GMT-0500,104.283,103.81700000000001,0.002,0.002
23.03.2020 08:37:25.336 GMT-0500,104.273,103.81700000000001,0.0008,0.002
23.03.2020 08:37:25.493 GMT-0500,104.283,103.81700000000001,0.002,0.002
23.03.2020 08:37:25.695 GMT-0500,104.283,103.82700000000001,0.002,0.0008
23.03.2020 08:37:26.113 GMT-0500,104.283,103.81700000000001,0.002,0.002
23.03.2020 08:37:26.214 GMT-0500,104.39200000000001,103.818,0.002,0.002
23.03.2020 08:37:26.764 GMT-0500,104.272,103.818,0.0008,0.0008
23.03.2020 08:37:27.763 GMT-0500,104.26299999999999,103.81700000000001,0.0008,0.002
23.03.2020 08:37:28.045 GMT-0500,104.26299999999999,103.818,0.0008,0.0008
23.03.2020 08:37:28.095 GMT-0500,104.272,103.818,0.0008,0.0008
23.03.2020 08:37:28.291 GMT-0500,104.00200000000001,103.818,0.0008,0.002
23.03.2020 08:37:30.610 GMT-0500,104.00200000000001,103.82700000000001,0.0008,0.0008
23.03.2020 08:37:30.760 GMT-0500,104.00200000000001,103.82799999999999,0.0008,0.0008
23.03.2020 08:37:32.771 GMT-0500,104.003,103.82700000000001,0.002,0.002
23.03.2020 08:37:32.904 GMT-0500,104.003,103.837,0.002,0.0008
23.03.2020 08:37:35.065 GMT-0500,104.00200000000001,103.838,0.0008,0.0008
23.03.2020 08:37:35.522 GMT-0500,104.00200000000001,103.848,0.0008,0.0008
23.03.2020 08:37:36.366 GMT-0500,104.003,103.97,0.0008,0.0008
23.03.2020 08:37:36.417 GMT-0500,104.04200000000002,103.988,0.0008,0.0008
23.03.2020 08:37:36.468 GMT-0500,104.37200000000001,103.82799999999999,0.002,0.002
23.03.2020 08:37:36.518 GMT-0500,104.37200000000001,103.898,0.0008,0.0008
23.03.2020 08:37:36.641 GMT-0500,104.382,103.91799999999999,0.0008,0.0008
23.03.2020 08:37:36.767 GMT-0500,104.052,103.91799999999999,0.002,0.002
23.03.2020 08:37:37.128 GMT-0500,104.052,103.93700000000001,0.0008,0.0008
23.03.2020 08:37:37.178 GMT-0500,104.053,103.90700000000001,0.002,0.002
23.03.2020 08:37:37.229 GMT-0500,104.052,103.898,0.0008,0.0008
23.03.2020 08:37:38.033 GMT-0500,104.04200000000002,103.91799999999999,0.0008,0.0008
23.03.2020 08:37:38.083 GMT-0500,104.04200000000002,103.898,0.0008,0.0008
23.03.2020 08:37:38.215 GMT-0500,104.052,103.898,0.002,0.002
23.03.2020 08:37:38.630 GMT-0500,104.052,103.91799999999999,0.002,0.0008
23.03.2020 08:37:39.207 GMT-0500,104.053,103.91700000000002,0.002,0.002
23.03.2020 08:37:39.330 GMT-0500,104.052,103.91799999999999,0.002,0.002
23.03.2020 08:37:39.769 GMT-0500,104.053,103.91700000000002,0.002,0.002
23.03.2020 08:37:39.953 GMT-0500,104.052,103.91700000000002,0.0008,0.0008
23.03.2020 08:37:40.003 GMT-0500,104.052,103.80799999999999,0.0008,0.0008
23.03.2020 08:37:40.947 GMT-0500,104.052,103.848,0.002,0.0008
23.03.2020 08:37:41.048 GMT-0500,104.04200000000002,103.848,0.0008,0.0008
23.03.2020 08:37:41.098 GMT-0500,104.053,103.84700000000001,0.002,0.002
23.03.2020 08:37:41.337 GMT-0500,103.973,103.84700000000001,0.002,0.002
23.03.2020 08:37:41.981 GMT-0500,104.052,103.848,0.0008,0.0008
23.03.2020 08:37:42.389 GMT-0500,103.963,103.84700000000001,0.0008,0.002
23.03.2020 08:37:42.602 GMT-0500,103.962,103.848,0.0008,0.0008
23.03.2020 08:37:44.125 GMT-0500,103.89200000000001,103.848,0.0008,0.0008
23.03.2020 08:37:44.176 GMT-0500,103.89200000000001,103.818,0.0008,0.0008
23.03.2020 08:37:44.283 GMT-0500,103.962,103.82799999999999,0.0008,0.0008
23.03.2020 08:37:44.843 GMT-0500,103.95299999999999,103.81700000000001,0.0008,0.002
23.03.2020 08:37:44.948 GMT-0500,103.95200000000001,103.818,0.0008,0.0008
23.03.2020 08:37:49.113 GMT-0500,103.923,103.818,0.0008,0.0008
23.03.2020 08:37:49.165 GMT-0500,103.923,103.727,0.002,0.002
23.03.2020 08:37:49.331 GMT-0500,103.92200000000001,103.71799999999999,0.0008,0.0008
23.03.2020 08:37:49.449 GMT-0500,103.923,103.71700000000001,0.002,0.002
23.03.2020 08:37:50.211 GMT-0500,103.86200000000001,103.71799999999999,0.0008,0.0008
23.03.2020 08:37:50.345 GMT-0500,103.912,103.71799999999999,0.0008,0.0008
23.03.2020 08:37:51.561 GMT-0500,103.81299999999999,103.71700000000001,0.002,0.002
23.03.2020 08:37:51.611 GMT-0500,103.87200000000001,103.71799999999999,0.002,0.002
23.03.2020 08:37:52.323 GMT-0500,103.863,103.71700000000001,0.0008,0.0008
23.03.2020 08:37:52.373 GMT-0500,103.863,103.537,0.002,0.002
23.03.2020 08:37:52.716 GMT-0500,103.83200000000001,103.548,0.0008,0.0008
23.03.2020 08:37:52.819 GMT-0500,103.833,103.537,0.002,0.002
23.03.2020 08:37:53.054 GMT-0500,103.76299999999999,103.537,0.0008,0.002
23.03.2020 08:37:53.302 GMT-0500,103.76299999999999,103.65700000000001,0.002,0.002
23.03.2020 08:37:54.274 GMT-0500,103.76299999999999,103.735,0.0008,0.0008
23.03.2020 08:37:54.325 GMT-0500,104.023,103.697,0.002,0.002
23.03.2020 08:37:54.460 GMT-0500,104.033,103.65700000000001,0.0008,0.002
23.03.2020 08:37:54.612 GMT-0500,104.03200000000001,103.658,0.0008,0.0008
23.03.2020 08:37:54.952 GMT-0500,104.022,103.658,0.0008,0.002
23.03.2020 08:37:55.057 GMT-0500,103.772,103.658,0.002,0.002
23.03.2020 08:37:55.516 GMT-0500,103.772,103.71799999999999,0.002,0.0008
23.03.2020 08:37:55.566 GMT-0500,104.023,103.65700000000001,0.002,0.002
23.03.2020 08:37:55.616 GMT-0500,104.022,103.68799999999999,0.0008,0.0008
23.03.2020 08:37:55.666 GMT-0500,104.03200000000001,103.658,0.0008,0.0008
23.03.2020 08:37:55.717 GMT-0500,104.052,103.658,0.0008,0.0008
23.03.2020 08:37:55.836 GMT-0500,103.86200000000001,103.658,0.0008,0.0008
23.03.2020 08:37:56.126 GMT-0500,103.86200000000001,103.66700000000002,0.0008,0.0008
23.03.2020 08:37:56.279 GMT-0500,103.86200000000001,103.658,0.002,0.002
23.03.2020 08:37:56.576 GMT-0500,103.853,103.658,0.0008,0.0008
23.03.2020 08:37:56.896 GMT-0500,103.78200000000001,103.658,0.0008,0.0008
23.03.2020 08:37:57.909 GMT-0500,103.78200000000001,103.768,0.0008,0.0008
23.03.2020 08:37:57.960 GMT-0500,103.86200000000001,103.66799999999999,0.002,0.002
23.03.2020 08:37:58.080 GMT-0500,103.86200000000001,103.658,0.002,0.002
23.03.2020 08:37:58.232 GMT-0500,103.823,103.658,0.0008,0.0008
23.03.2020 08:37:58.620 GMT-0500,103.78200000000001,103.658,0.0008,0.002
23.03.2020 08:37:58.873 GMT-0500,103.76200000000001,103.658,0.0008,0.0008
23.03.2020 08:37:58.923 GMT-0500,103.87200000000001,103.698,0.0008,0.0008
23.03.2020 08:37:59.026 GMT-0500,103.87200000000001,103.658,0.0008,0.0008
23.03.2020 08:38:00.060 GMT-0500,103.79299999999999,103.658,0.0008,0.0008
23.03.2020 08:38:00.695 GMT-0500,103.79200000000002,103.658,0.0008,0.0008
23.03.2020 08:38:02.132 GMT-0500,103.74799999999999,103.728,0.0008,0.0008
23.03.2020 08:38:02.182 GMT-0500,103.87200000000001,103.548,0.0008,0.0008
23.03.2020 08:38:02.233 GMT-0500,103.87200000000001,103.538,0.0008,0.0008
23.03.2020 08:38:04.206 GMT-0500,103.79299999999999,103.537,0.0008,0.002
23.03.2020 08:38:04.622 GMT-0500,103.79200000000002,103.538,0.0008,0.0008
23.03.2020 08:38:05.830 GMT-0500,103.79200000000002,103.618,0.0008,0.0008
23.03.2020 08:38:06.297 GMT-0500,103.79299999999999,103.617,0.002,0.0008
23.03.2020 08:38:06.347 GMT-0500,103.79299999999999,103.537,0.002,0.002
23.03.2020 08:38:06.523 GMT-0500,103.79200000000002,103.618,0.0008,0.0008
23.03.2020 08:38:06.661 GMT-0500,103.783,103.617,0.002,0.002
23.03.2020 08:38:08.285 GMT-0500,103.78200000000001,103.617,0.0008,0.0008
23.03.2020 08:38:08.335 GMT-0500,103.78200000000001,103.548,0.0008,0.0008
23.03.2020 08:38:08.738 GMT-0500,103.78200000000001,103.54700000000001,0.0008,0.0008
23.03.2020 08:38:11.914 GMT-0500,103.75200000000001,103.538,0.0008,0.002
23.03.2020 08:38:15.699 GMT-0500,103.713,103.538,0.0008,0.0008
23.03.2020 08:38:16.189 GMT-0500,103.59200000000001,103.508,0.0008,0.0008
23.03.2020 08:38:16.295 GMT-0500,103.59299999999999,103.508,0.0008,0.0008
23.03.2020 08:38:16.345 GMT-0500,103.61200000000001,103.508,0.0008,0.0008
23.03.2020 08:38:16.822 GMT-0500,103.603,103.508,0.0008,0.0008
23.03.2020 08:38:17.121 GMT-0500,103.59299999999999,103.507,0.0008,0.002
23.03.2020 08:38:17.329 GMT-0500,103.583,103.507,0.0008,0.002
23.03.2020 08:38:17.480 GMT-0500,103.56200000000001,103.49799999999999,0.002,0.002
23.03.2020 08:38:18.010 GMT-0500,103.53200000000001,103.408,0.0008,0.0008
23.03.2020 08:38:18.207 GMT-0500,103.503,103.40700000000001,0.0008,0.002
23.03.2020 08:38:18.307 GMT-0500,103.53200000000001,103.408,0.0008,0.0008
23.03.2020 08:38:18.443 GMT-0500,103.522,103.408,0.0008,0.0008
23.03.2020 08:38:18.544 GMT-0500,103.51299999999999,103.40700000000001,0.002,0.002
23.03.2020 08:38:18.668 GMT-0500,103.47200000000001,103.408,0.0008,0.0008
23.03.2020 08:38:18.769 GMT-0500,103.463,103.40700000000001,0.002,0.002
23.03.2020 08:38:19.108 GMT-0500,103.463,103.427,0.002,0.002
23.03.2020 08:38:19.222 GMT-0500,103.712,103.18799999999999,0.002,0.002
23.03.2020 08:38:19.273 GMT-0500,103.45299999999999,103.18700000000001,0.002,0.002
23.03.2020 08:38:19.417 GMT-0500,103.45200000000001,103.05799999999999,0.0008,0.0008
23.03.2020 08:38:19.512 GMT-0500,103.44200000000001,103.05799999999999,0.0008,0.0008
23.03.2020 08:38:19.825 GMT-0500,103.44200000000001,103.087,0.0008,0.0008
23.03.2020 08:38:20.529 GMT-0500,103.412,103.07799999999999,0.0008,0.0008
23.03.2020 08:38:20.630 GMT-0500,103.352,103.088,0.0008,0.0008
23.03.2020 08:38:20.760 GMT-0500,103.412,103.088,0.0008,0.0008
23.03.2020 08:38:20.929 GMT-0500,103.412,103.05799999999999,0.0008,0.0008
23.03.2020 08:38:21.267 GMT-0500,103.413,103.05700000000002,0.002,0.002
23.03.2020 08:38:21.470 GMT-0500,103.413,103.06700000000001,0.002,0.0008
23.03.2020 08:38:21.571 GMT-0500,103.412,103.05799999999999,0.0008,0.0008
23.03.2020 08:38:21.796 GMT-0500,103.40200000000002,103.05799999999999,0.0008,0.002
23.03.2020 08:38:22.049 GMT-0500,103.40200000000002,103.06700000000001,0.0008,0.0008
23.03.2020 08:38:22.150 GMT-0500,103.40200000000002,103.05799999999999,0.0008,0.0008
23.03.2020 08:38:22.785 GMT-0500,103.40299999999999,103.06700000000001,0.002,0.002
