Local time,Ask,Bid,AskVolume,BidVolume
18.03.2020 08:30:01.781 GMT-0500,120.56200000000001,120.088,0.0008,0.0008
18.03.2020 08:30:02.087 GMT-0500,120.45200000000001,120.088,0.0008,0.0008
18.03.2020 08:30:02.258 GMT-0500,120.45200000000001,120.208,0.0008,0.0008
18.03.2020 08:30:02.309 GMT-0500,120.50200000000001,120.208,0.002,0.002
18.03.2020 08:30:02.460 GMT-0500,120.44200000000001,120.088,0.0008,0.0008
18.03.2020 08:30:02.615 GMT-0500,120.09299999999999,120.007,0.0008,0.0008
18.03.2020 08:30:02.665 GMT-0500,120.072,119.588,0.0008,0.0008
18.03.2020 08:30:02.782 GMT-0500,119.79200000000002,119.41799999999999,0.0008,0.0008
18.03.2020 08:30:02.932 GMT-0500,119.572,119.008,0.002,0.002
18.03.2020 08:30:04.163 GMT-0500,119.003,118.62700000000001,0.002,0.002
18.03.2020 08:30:04.486 GMT-0500,119.003,118.73700000000001,0.0008,0.0008
18.03.2020 08:30:04.536 GMT-0500,119.12299999999999,118.73700000000001,0.002,0.002
18.03.2020 08:30:04.587 GMT-0500,119.11200000000001,118.628,0.0008,0.0008
18.03.2020 08:30:04.827 GMT-0500,119.113,118.628,0.0008,0.0008
18.03.2020 08:30:04.878 GMT-0500,119.12200000000001,118.628,0.0008,0.0008
18.03.2020 08:30:04.928 GMT-0500,119.272,118.91799999999999,0.0008,0.0008
18.03.2020 08:30:05.059 GMT-0500,119.00200000000001,118.628,0.0008,0.0008
18.03.2020 08:30:05.202 GMT-0500,119.003,118.87700000000001,0.0008,0.0008
18.03.2020 08:30:05.252 GMT-0500,119.572,118.788,0.002,0.002
18.03.2020 08:30:05.303 GMT-0500,119.25200000000001,118.788,0.002,0.002
18.03.2020 08:30:05.353 GMT-0500,119.14200000000001,118.628,0.0008,0.0008
18.03.2020 08:30:05.403 GMT-0500,119.14200000000001,118.848,0.0008,0.0008
18.03.2020 08:30:05.454 GMT-0500,119.14200000000001,118.738,0.0008,0.0008
18.03.2020 08:30:05.623 GMT-0500,119.143,118.73700000000001,0.0008,0.0008
18.03.2020 08:30:05.796 GMT-0500,119.103,118.62700000000001,0.0008,0.002
18.03.2020 08:30:05.998 GMT-0500,119.102,118.62700000000001,0.0008,0.0008
18.03.2020 08:30:06.965 GMT-0500,118.852,118.508,0.0008,0.0008
18.03.2020 08:30:07.015 GMT-0500,118.84200000000001,117.958,0.0008,0.0008
18.03.2020 08:30:07.072 GMT-0500,118.84299999999999,118.117,0.002,0.0008
18.03.2020 08:30:08.818 GMT-0500,118.48200000000001,118.298,0.0008,0.0008
18.03.2020 08:30:08.868 GMT-0500,118.84299999999999,118.29700000000001,0.002,0.002
18.03.2020 08:30:08.919 GMT-0500,118.84200000000001,118.118,0.0008,0.0008
18.03.2020 08:30:10.767 GMT-0500,118.84200000000001,118.21799999999999,0.002,0.0008
18.03.2020 08:30:12.275 GMT-0500,118.84200000000001,118.228,0.002,0.0008
18.03.2020 08:30:12.408 GMT-0500,118.84200000000001,118.227,0.0008,0.0008
18.03.2020 08:30:12.458 GMT-0500,118.84200000000001,118.21799999999999,0.002,0.002
18.03.2020 08:30:13.413 GMT-0500,118.84200000000001,118.228,0.002,0.0008
18.03.2020 08:30:13.607 GMT-0500,118.84200000000001,118.21799999999999,0.0008,0.0008
18.03.2020 08:30:16.546 GMT-0500,118.84200000000001,118.228,0.002,0.002
18.03.2020 08:30:16.779 GMT-0500,118.84200000000001,118.21799999999999,0.002,0.002
18.03.2020 08:30:17.451 GMT-0500,118.84200000000001,118.228,0.002,0.0008
18.03.2020 08:30:17.551 GMT-0500,118.84200000000001,118.21799999999999,0.002,0.002
18.03.2020 08:30:17.602 GMT-0500,118.84200000000001,118.348,0.0008,0.0008
18.03.2020 08:30:18.599 GMT-0500,118.723,118.34700000000001,0.0008,0.0008
18.03.2020 08:30:18.649 GMT-0500,118.73200000000001,118.228,0.0008,0.0008
18.03.2020 08:30:18.700 GMT-0500,118.73299999999999,118.21700000000001,0.002,0.002
18.03.2020 08:30:19.384 GMT-0500,118.73200000000001,118.228,0.0008,0.0008
18.03.2020 08:30:19.489 GMT-0500,118.73200000000001,118.21799999999999,0.002,0.002
18.03.2020 08:30:20.641 GMT-0500,118.643,118.21700000000001,0.002,0.002
18.03.2020 08:30:21.443 GMT-0500,118.43200000000002,118.21700000000001,0.0008,0.0008
18.03.2020 08:30:21.493 GMT-0500,118.54200000000002,117.96799999999999,0.0008,0.0008
18.03.2020 08:30:21.544 GMT-0500,118.54200000000002,118.068,0.0008,0.0008
18.03.2020 08:30:21.820 GMT-0500,118.54299999999999,118.06700000000001,0.002,0.002
18.03.2020 08:30:22.042 GMT-0500,118.54200000000002,118.068,0.0008,0.002
18.03.2020 08:30:22.092 GMT-0500,118.64200000000001,118.068,0.0008,0.0008
18.03.2020 08:30:22.823 GMT-0500,118.59200000000001,118.068,0.0008,0.0008
18.03.2020 08:30:23.291 GMT-0500,118.54200000000002,118.068,0.0008,0.002
18.03.2020 08:30:23.415 GMT-0500,118.533,118.068,0.0008,0.0008
18.03.2020 08:30:25.259 GMT-0500,118.54200000000002,118.30799999999999,0.0008,0.0008
18.03.2020 08:30:25.310 GMT-0500,118.54299999999999,118.177,0.002,0.002
18.03.2020 08:30:25.623 GMT-0500,118.53200000000001,118.178,0.0008,0.0008
18.03.2020 08:30:26.772 GMT-0500,118.53200000000001,118.35700000000001,0.0008,0.0008
18.03.2020 08:30:26.823 GMT-0500,118.742,118.46799999999999,0.0008,0.0008
18.03.2020 08:30:49.148 GMT-0500,120.243,118.257,0.002,0.0008
18.03.2020 08:30:49.801 GMT-0500,120.23200000000001,118.258,0.0008,0.002
18.03.2020 08:30:50.065 GMT-0500,120.243,118.257,0.002,0.002
18.03.2020 08:30:51.021 GMT-0500,120.23200000000001,118.258,0.0008,0.0008
18.03.2020 08:30:51.072 GMT-0500,120.242,118.258,0.002,0.002
18.03.2020 08:30:52.143 GMT-0500,120.23200000000001,118.258,0.0008,0.002
18.03.2020 08:30:52.244 GMT-0500,120.242,118.258,0.002,0.002
18.03.2020 08:30:57.999 GMT-0500,120.23299999999999,118.258,0.0008,0.0008
18.03.2020 08:30:58.149 GMT-0500,120.242,118.258,0.0008,0.0008
18.03.2020 08:30:59.815 GMT-0500,120.23299999999999,118.257,0.0008,0.002
18.03.2020 08:30:59.916 GMT-0500,120.242,118.258,0.0008,0.0008
18.03.2020 08:31:00.065 GMT-0500,120.242,118.26700000000001,0.0008,0.0008
18.03.2020 08:31:25.735 GMT-0500,120.083,118.29700000000001,0.0008,0.002
18.03.2020 08:31:31.680 GMT-0500,120.083,118.31700000000001,0.002,0.0008
18.03.2020 08:31:36.070 GMT-0500,120.073,118.31700000000001,0.0008,0.002
18.03.2020 08:31:36.738 GMT-0500,120.073,118.29700000000001,0.002,0.002
18.03.2020 08:31:37.557 GMT-0500,120.072,118.30799999999999,0.0008,0.0008
18.03.2020 08:31:37.608 GMT-0500,120.073,118.29700000000001,0.002,0.002
18.03.2020 08:31:38.386 GMT-0500,120.052,118.298,0.0008,0.0008
18.03.2020 08:31:44.202 GMT-0500,120.022,118.298,0.0008,0.0008
18.03.2020 08:31:45.282 GMT-0500,120.072,118.298,0.002,0.002
18.03.2020 08:31:46.414 GMT-0500,120.023,118.298,0.0008,0.0008
18.03.2020 08:31:46.870 GMT-0500,120.022,118.35799999999999,0.002,0.0008
18.03.2020 08:31:51.922 GMT-0500,120.023,118.29700000000001,0.002,0.002
18.03.2020 08:31:52.034 GMT-0500,120.023,118.367,0.002,0.0008
18.03.2020 08:31:53.322 GMT-0500,120.023,118.37700000000001,0.002,0.0008
18.03.2020 08:31:53.673 GMT-0500,120.022,118.368,0.0008,0.0008
18.03.2020 08:31:54.254 GMT-0500,120.022,118.378,0.002,0.002
18.03.2020 08:31:54.305 GMT-0500,120.022,118.368,0.0008,0.0008
18.03.2020 08:31:55.442 GMT-0500,120.022,118.378,0.002,0.0008
18.03.2020 08:31:55.559 GMT-0500,119.83200000000001,118.30799999999999,0.0008,0.0008
18.03.2020 08:31:56.894 GMT-0500,119.833,118.30700000000002,0.002,0.002
18.03.2020 08:31:57.062 GMT-0500,119.833,118.31700000000001,0.002,0.0008
18.03.2020 08:31:57.112 GMT-0500,119.83200000000001,118.30799999999999,0.0008,0.0008
18.03.2020 08:31:57.163 GMT-0500,119.83200000000001,118.768,0.0008,0.0008
18.03.2020 08:32:02.085 GMT-0500,119.802,118.768,0.0008,0.0008
18.03.2020 08:32:04.433 GMT-0500,119.79200000000002,118.768,0.0008,0.002
18.03.2020 08:32:09.070 GMT-0500,119.78200000000001,118.768,0.0008,0.002
18.03.2020 08:32:12.694 GMT-0500,119.75200000000001,118.768,0.0008,0.0008
18.03.2020 08:32:18.959 GMT-0500,119.73299999999999,118.76700000000001,0.0008,0.002
18.03.2020 08:32:19.174 GMT-0500,119.723,118.768,0.0008,0.0008
18.03.2020 08:32:20.668 GMT-0500,119.72200000000001,118.768,0.002,0.002
18.03.2020 08:32:23.056 GMT-0500,119.723,118.68700000000001,0.002,0.002
18.03.2020 08:32:23.879 GMT-0500,119.723,118.697,0.002,0.0008
18.03.2020 08:32:24.307 GMT-0500,119.712,118.478,0.002,0.002
18.03.2020 08:32:24.357 GMT-0500,119.712,118.958,0.0008,0.0008
18.03.2020 08:32:25.383 GMT-0500,119.712,118.878,0.0008,0.0008
18.03.2020 08:32:26.945 GMT-0500,119.712,118.87700000000001,0.0008,0.0008
18.03.2020 08:32:27.631 GMT-0500,119.712,118.99799999999999,0.002,0.0008
18.03.2020 08:32:28.709 GMT-0500,119.693,119.007,0.0008,0.0008
18.03.2020 08:32:29.636 GMT-0500,119.693,119.018,0.0008,0.0008
18.03.2020 08:32:29.751 GMT-0500,119.68200000000002,119.427,0.0008,0.0008
18.03.2020 08:32:29.851 GMT-0500,119.753,119.177,0.002,0.002
18.03.2020 08:32:29.902 GMT-0500,119.73200000000001,119.178,0.0008,0.0008
18.03.2020 08:32:30.239 GMT-0500,119.73200000000001,119.49799999999999,0.0008,0.0008
18.03.2020 08:32:30.289 GMT-0500,119.75200000000001,119.30799999999999,0.0008,0.0008
18.03.2020 08:32:30.454 GMT-0500,119.75200000000001,119.49799999999999,0.0008,0.0008
18.03.2020 08:32:30.808 GMT-0500,119.753,119.52799999999999,0.0008,0.0008
18.03.2020 08:32:30.859 GMT-0500,120.22200000000001,119.52799999999999,0.0008,0.0008
18.03.2020 08:32:31.119 GMT-0500,120.223,119.52700000000002,0.002,0.0008
18.03.2020 08:32:31.170 GMT-0500,120.223,119.51700000000001,0.002,0.002
18.03.2020 08:32:32.452 GMT-0500,120.22200000000001,119.52799999999999,0.0008,0.0008
18.03.2020 08:32:32.503 GMT-0500,120.58200000000001,119.82799999999999,0.0008,0.0008
18.03.2020 08:32:32.694 GMT-0500,120.58200000000001,119.818,0.002,0.0008
18.03.2020 08:32:33.891 GMT-0500,120.473,119.818,0.0008,0.0008
18.03.2020 08:32:34.594 GMT-0500,120.462,119.818,0.0008,0.0008
18.03.2020 08:32:34.696 GMT-0500,120.47200000000001,119.818,0.0008,0.0008
18.03.2020 08:32:36.147 GMT-0500,120.47200000000001,120.018,0.0008,0.0008
18.03.2020 08:32:36.197 GMT-0500,120.473,119.81700000000001,0.002,0.002
18.03.2020 08:32:36.248 GMT-0500,120.47200000000001,119.958,0.0008,0.0008
18.03.2020 08:32:38.505 GMT-0500,120.86200000000001,120.208,0.0008,0.0008
18.03.2020 08:32:38.605 GMT-0500,120.712,119.978,0.002,0.002
18.03.2020 08:32:38.740 GMT-0500,120.712,120.06700000000001,0.0008,0.0008
18.03.2020 08:32:45.937 GMT-0500,120.713,120.06700000000001,0.002,0.002
18.03.2020 08:32:47.093 GMT-0500,120.713,120.07700000000001,0.002,0.0008
18.03.2020 08:32:47.694 GMT-0500,120.712,120.128,0.0008,0.0008
18.03.2020 08:32:47.851 GMT-0500,120.713,120.12700000000001,0.002,0.002
18.03.2020 08:32:52.490 GMT-0500,120.712,120.128,0.0008,0.0008
18.03.2020 08:32:53.050 GMT-0500,120.712,120.13799999999999,0.002,0.002
18.03.2020 08:32:53.701 GMT-0500,120.712,120.148,0.002,0.0008
18.03.2020 08:32:56.100 GMT-0500,120.712,120.15700000000001,0.0008,0.0008
18.03.2020 08:32:56.725 GMT-0500,120.713,120.16700000000002,0.002,0.0008
18.03.2020 08:32:57.189 GMT-0500,120.45200000000001,120.16799999999999,0.0008,0.0008
18.03.2020 08:32:57.239 GMT-0500,120.712,120.16799999999999,0.002,0.002
18.03.2020 08:33:00.250 GMT-0500,120.70299999999999,120.16799999999999,0.0008,0.0008
18.03.2020 08:33:02.706 GMT-0500,120.70299999999999,120.18700000000001,0.002,0.0008
18.03.2020 08:33:06.283 GMT-0500,120.69200000000001,120.18799999999999,0.0008,0.0008
18.03.2020 08:33:10.073 GMT-0500,120.698,120.63700000000001,0.0008,0.0008
18.03.2020 08:33:10.124 GMT-0500,121.273,120.63700000000001,0.002,0.002
18.03.2020 08:33:10.234 GMT-0500,121.632,120.63799999999999,0.002,0.002
18.03.2020 08:33:10.285 GMT-0500,121.64200000000001,120.63799999999999,0.002,0.002
18.03.2020 08:33:10.506 GMT-0500,121.64200000000001,120.99700000000001,0.0008,0.0008
18.03.2020 08:33:11.545 GMT-0500,121.633,120.99700000000001,0.0008,0.002
18.03.2020 08:33:11.682 GMT-0500,121.633,120.99799999999999,0.0008,0.0008
18.03.2020 08:33:11.733 GMT-0500,121.64200000000001,120.99799999999999,0.002,0.002
18.03.2020 08:33:13.318 GMT-0500,121.632,120.99799999999999,0.0008,0.002
18.03.2020 08:33:13.746 GMT-0500,121.633,120.99700000000001,0.002,0.002
18.03.2020 08:33:14.071 GMT-0500,121.01299999999999,120.99700000000001,0.0008,0.0008
18.03.2020 08:33:14.121 GMT-0500,121.272,120.57799999999999,0.0008,0.0008
18.03.2020 08:33:14.503 GMT-0500,120.93200000000002,120.57799999999999,0.0008,0.0008
18.03.2020 08:33:14.553 GMT-0500,121.12200000000001,120.448,0.002,0.002
18.03.2020 08:33:14.610 GMT-0500,121.12200000000001,120.458,0.002,0.0008
18.03.2020 08:33:14.660 GMT-0500,121.12200000000001,120.448,0.0008,0.0008
18.03.2020 08:33:15.031 GMT-0500,121.12299999999999,120.56700000000001,0.002,0.0008
18.03.2020 08:33:16.311 GMT-0500,121.12200000000001,120.57700000000001,0.0008,0.0008
18.03.2020 08:33:18.069 GMT-0500,121.12299999999999,120.57700000000001,0.002,0.002
18.03.2020 08:33:20.602 GMT-0500,121.12200000000001,120.57799999999999,0.0008,0.0008
18.03.2020 08:33:20.962 GMT-0500,121.12299999999999,120.70700000000001,0.0008,0.0008
18.03.2020 08:33:21.012 GMT-0500,121.162,120.708,0.0008,0.0008
18.03.2020 08:33:23.919 GMT-0500,121.64200000000001,121.048,0.002,0.002
18.03.2020 08:33:23.969 GMT-0500,121.633,121.04700000000001,0.002,0.002
18.03.2020 08:33:24.024 GMT-0500,121.64200000000001,121.048,0.0008,0.0008
18.03.2020 08:33:25.089 GMT-0500,121.98200000000001,121.048,0.002,0.002
18.03.2020 08:33:25.822 GMT-0500,121.97200000000001,121.048,0.0008,0.002
18.03.2020 08:33:26.127 GMT-0500,121.643,121.048,0.0008,0.0008
18.03.2020 08:33:26.477 GMT-0500,121.633,121.04700000000001,0.0008,0.002
18.03.2020 08:33:26.814 GMT-0500,121.64200000000001,121.048,0.0008,0.0008
18.03.2020 08:33:27.444 GMT-0500,121.633,121.048,0.0008,0.0008
18.03.2020 08:33:27.653 GMT-0500,121.632,121.048,0.0008,0.0008
18.03.2020 08:33:27.704 GMT-0500,122.303,121.56700000000001,0.002,0.002
18.03.2020 08:33:28.389 GMT-0500,122.08200000000001,121.568,0.0008,0.0008
18.03.2020 08:33:28.563 GMT-0500,121.963,121.568,0.0008,0.0008
18.03.2020 08:33:28.613 GMT-0500,121.962,121.46799999999999,0.0008,0.0008
18.03.2020 08:33:28.666 GMT-0500,121.962,121.458,0.0008,0.0008
18.03.2020 08:33:28.717 GMT-0500,121.81200000000001,121.268,0.002,0.002
18.03.2020 08:33:28.975 GMT-0500,121.95200000000001,121.268,0.0008,0.002
18.03.2020 08:33:29.972 GMT-0500,121.95200000000001,121.478,0.0008,0.0008
18.03.2020 08:33:30.022 GMT-0500,121.97200000000001,121.478,0.0008,0.0008
18.03.2020 08:33:31.269 GMT-0500,121.973,121.478,0.0008,0.0008
18.03.2020 08:33:32.065 GMT-0500,122.073,121.478,0.0008,0.0008
18.03.2020 08:33:32.165 GMT-0500,122.083,121.477,0.002,0.002
18.03.2020 08:33:32.315 GMT-0500,121.93200000000002,121.378,0.0008,0.0008
18.03.2020 08:33:32.484 GMT-0500,121.93299999999999,121.52700000000002,0.002,0.0008
18.03.2020 08:33:32.534 GMT-0500,122.08200000000001,121.52799999999999,0.0008,0.0008
18.03.2020 08:33:32.955 GMT-0500,122.073,121.52799999999999,0.0008,0.0008
18.03.2020 08:33:33.005 GMT-0500,122.08200000000001,121.52799999999999,0.0008,0.0008
18.03.2020 08:33:33.816 GMT-0500,122.072,121.52799999999999,0.0008,0.0008
18.03.2020 08:33:33.867 GMT-0500,122.08200000000001,121.52799999999999,0.002,0.002
18.03.2020 08:33:34.466 GMT-0500,122.072,121.52799999999999,0.0008,0.002
18.03.2020 08:33:34.720 GMT-0500,122.073,121.52700000000002,0.0008,0.002
18.03.2020 08:33:34.771 GMT-0500,122.08200000000001,121.52799999999999,0.0008,0.0008
18.03.2020 08:33:36.248 GMT-0500,122.073,121.52700000000002,0.0008,0.002
18.03.2020 08:33:36.407 GMT-0500,122.083,121.52700000000002,0.002,0.002
18.03.2020 08:33:37.218 GMT-0500,121.923,121.52700000000002,0.0008,0.0008
18.03.2020 08:33:37.268 GMT-0500,121.92200000000001,121.38799999999999,0.0008,0.0008
18.03.2020 08:33:37.418 GMT-0500,121.92200000000001,121.378,0.0008,0.0008
18.03.2020 08:33:38.541 GMT-0500,121.92200000000001,121.52799999999999,0.0008,0.0008
18.03.2020 08:33:38.591 GMT-0500,121.912,121.378,0.002,0.002
18.03.2020 08:33:38.733 GMT-0500,121.92200000000001,121.378,0.002,0.002
18.03.2020 08:33:39.104 GMT-0500,121.92200000000001,121.52799999999999,0.0008,0.0008
18.03.2020 08:33:39.154 GMT-0500,122.08200000000001,121.52799999999999,0.0008,0.0008
18.03.2020 08:33:39.235 GMT-0500,122.08200000000001,121.56700000000001,0.0008,0.0008
18.03.2020 08:33:39.477 GMT-0500,122.03200000000001,121.568,0.0008,0.0008
18.03.2020 08:33:42.368 GMT-0500,121.97200000000001,121.758,0.0008,0.0008
18.03.2020 08:33:42.418 GMT-0500,122.493,121.56700000000001,0.002,0.002
18.03.2020 08:33:43.292 GMT-0500,122.492,121.758,0.0008,0.0008
18.03.2020 08:33:55.372 GMT-0500,122.493,121.757,0.002,0.0008
18.03.2020 08:33:57.413 GMT-0500,122.492,121.758,0.0008,0.0008
18.03.2020 08:33:57.463 GMT-0500,122.492,121.52799999999999,0.0008,0.0008
18.03.2020 08:33:58.386 GMT-0500,122.493,121.537,0.002,0.002
18.03.2020 08:33:58.514 GMT-0500,122.492,121.537,0.0008,0.0008
18.03.2020 08:33:58.565 GMT-0500,122.492,121.52799999999999,0.0008,0.0008
18.03.2020 08:33:59.003 GMT-0500,122.492,121.538,0.002,0.0008
18.03.2020 08:33:59.175 GMT-0500,122.492,121.52799999999999,0.002,0.002
18.03.2020 08:34:00.519 GMT-0500,122.492,121.537,0.0008,0.0008
18.03.2020 08:34:00.569 GMT-0500,122.492,121.52799999999999,0.0008,0.0008
18.03.2020 08:34:01.549 GMT-0500,122.492,121.538,0.002,0.0008
18.03.2020 08:34:01.649 GMT-0500,122.492,121.52799999999999,0.0008,0.0008
18.03.2020 08:34:02.638 GMT-0500,122.492,121.538,0.0008,0.0008
18.03.2020 08:34:02.874 GMT-0500,122.492,121.818,0.002,0.0008
18.03.2020 08:34:04.225 GMT-0500,122.393,121.818,0.0008,0.0008
18.03.2020 08:34:07.518 GMT-0500,122.40200000000002,121.818,0.002,0.002
18.03.2020 08:34:13.056 GMT-0500,122.39200000000001,121.818,0.0008,0.002
18.03.2020 08:34:13.157 GMT-0500,121.86200000000001,121.268,0.0008,0.0008
18.03.2020 08:34:13.207 GMT-0500,121.97200000000001,121.60799999999999,0.0008,0.0008
18.03.2020 08:34:13.258 GMT-0500,121.97200000000001,121.478,0.002,0.002
18.03.2020 08:34:14.493 GMT-0500,121.973,121.46700000000001,0.002,0.002
18.03.2020 08:34:15.894 GMT-0500,121.963,121.46700000000001,0.0008,0.002
18.03.2020 08:34:16.374 GMT-0500,121.753,121.46700000000001,0.0008,0.002
18.03.2020 08:34:16.698 GMT-0500,121.603,121.46700000000001,0.0008,0.0008
18.03.2020 08:34:16.748 GMT-0500,121.603,121.06700000000001,0.002,0.002
18.03.2020 08:34:16.865 GMT-0500,121.602,121.05799999999999,0.0008,0.0008
18.03.2020 08:34:18.199 GMT-0500,121.383,121.05700000000002,0.0008,0.0008
18.03.2020 08:34:18.249 GMT-0500,121.382,121.018,0.0008,0.0008
18.03.2020 08:34:21.037 GMT-0500,121.383,121.06700000000001,0.002,0.0008
18.03.2020 08:34:22.772 GMT-0500,121.23299999999999,121.06700000000001,0.0008,0.0008
18.03.2020 08:34:22.822 GMT-0500,121.102,120.588,0.0008,0.0008
18.03.2020 08:34:25.254 GMT-0500,121.19200000000001,120.588,0.0008,0.0008
18.03.2020 08:34:26.033 GMT-0500,121.193,120.587,0.0008,0.002
18.03.2020 08:34:26.084 GMT-0500,121.22200000000001,120.588,0.0008,0.0008
18.03.2020 08:34:29.744 GMT-0500,121.212,120.588,0.0008,0.002
18.03.2020 08:34:29.795 GMT-0500,121.223,120.587,0.002,0.002
18.03.2020 08:34:30.604 GMT-0500,121.052,120.588,0.0008,0.0008
18.03.2020 08:34:32.842 GMT-0500,121.052,120.508,0.002,0.002
18.03.2020 08:34:32.958 GMT-0500,121.052,120.518,0.002,0.0008
18.03.2020 08:34:33.058 GMT-0500,121.053,120.507,0.002,0.002
18.03.2020 08:34:33.651 GMT-0500,121.052,120.518,0.0008,0.0008
18.03.2020 08:34:33.701 GMT-0500,121.052,120.508,0.002,0.002
18.03.2020 08:34:34.565 GMT-0500,121.052,120.51700000000001,0.0008,0.0008
18.03.2020 08:34:36.783 GMT-0500,120.822,120.598,0.0008,0.0008
18.03.2020 08:34:36.834 GMT-0500,120.94200000000001,120.598,0.002,0.002
18.03.2020 08:34:37.343 GMT-0500,120.93299999999999,120.598,0.0008,0.0008
18.03.2020 08:34:38.738 GMT-0500,120.613,120.59700000000001,0.002,0.002
18.03.2020 08:34:38.788 GMT-0500,120.93200000000002,120.24799999999999,0.002,0.002
18.03.2020 08:34:38.960 GMT-0500,120.81200000000001,120.24799999999999,0.002,0.002
18.03.2020 08:34:39.078 GMT-0500,120.67200000000001,120.24799999999999,0.0008,0.002
18.03.2020 08:34:39.301 GMT-0500,120.673,120.24700000000001,0.002,0.002
18.03.2020 08:34:40.307 GMT-0500,120.56200000000001,120.24700000000001,0.0008,0.0008
18.03.2020 08:34:40.358 GMT-0500,120.56299999999999,120.02700000000002,0.002,0.002
18.03.2020 08:34:40.466 GMT-0500,120.462,119.788,0.0008,0.0008
18.03.2020 08:34:41.097 GMT-0500,120.462,119.80799999999999,0.002,0.0008
18.03.2020 08:34:41.432 GMT-0500,120.462,119.798,0.0008,0.0008
18.03.2020 08:34:41.530 GMT-0500,120.462,119.80799999999999,0.002,0.0008
18.03.2020 08:34:41.756 GMT-0500,120.462,119.788,0.0008,0.0008
18.03.2020 08:34:41.807 GMT-0500,120.462,119.798,0.0008,0.0008
18.03.2020 08:34:41.916 GMT-0500,120.45299999999999,119.79700000000001,0.0008,0.002
18.03.2020 08:34:42.247 GMT-0500,120.45299999999999,119.80700000000002,0.002,0.0008
18.03.2020 08:34:42.348 GMT-0500,120.45200000000001,119.798,0.002,0.002
18.03.2020 08:34:42.879 GMT-0500,120.45200000000001,119.80700000000002,0.0008,0.0008
18.03.2020 08:34:42.930 GMT-0500,120.45299999999999,119.79700000000001,0.002,0.002
18.03.2020 08:34:45.441 GMT-0500,120.45299999999999,119.897,0.002,0.0008
18.03.2020 08:34:46.681 GMT-0500,120.45200000000001,119.908,0.0008,0.0008
18.03.2020 08:34:46.781 GMT-0500,120.45200000000001,119.798,0.0008,0.0008
18.03.2020 08:34:46.946 GMT-0500,120.45299999999999,119.79700000000001,0.002,0.0008
18.03.2020 08:34:46.997 GMT-0500,120.45299999999999,119.787,0.002,0.002
18.03.2020 08:34:47.076 GMT-0500,120.443,119.787,0.0008,0.002
18.03.2020 08:34:47.177 GMT-0500,120.243,119.787,0.002,0.002
18.03.2020 08:34:47.497 GMT-0500,120.243,119.79700000000001,0.002,0.0008
18.03.2020 08:34:47.682 GMT-0500,120.15200000000002,119.55799999999999,0.0008,0.0008
18.03.2020 08:34:47.733 GMT-0500,120.242,119.848,0.0008,0.0008
18.03.2020 08:34:47.833 GMT-0500,120.242,119.55799999999999,0.0008,0.0008
18.03.2020 08:34:47.884 GMT-0500,120.25200000000001,119.55799999999999,0.002,0.002
18.03.2020 08:34:48.333 GMT-0500,120.25200000000001,119.848,0.002,0.0008
18.03.2020 08:34:48.528 GMT-0500,120.25200000000001,119.55799999999999,0.002,0.002
18.03.2020 08:34:48.860 GMT-0500,120.213,119.55799999999999,0.0008,0.0008
18.03.2020 08:34:48.971 GMT-0500,120.213,119.84700000000001,0.002,0.0008
18.03.2020 08:34:49.112 GMT-0500,120.212,119.84700000000001,0.0008,0.0008
18.03.2020 08:34:49.162 GMT-0500,120.212,119.55799999999999,0.0008,0.0008
18.03.2020 08:34:49.603 GMT-0500,120.212,119.85700000000001,0.0008,0.0008
18.03.2020 08:34:49.704 GMT-0500,120.212,119.55799999999999,0.0008,0.0008
18.03.2020 08:34:49.800 GMT-0500,120.213,119.84700000000001,0.002,0.0008
18.03.2020 08:34:50.165 GMT-0500,120.212,119.848,0.0008,0.0008
18.03.2020 08:34:50.266 GMT-0500,120.212,119.85799999999999,0.0008,0.0008
18.03.2020 08:34:50.678 GMT-0500,120.212,119.848,0.002,0.002
18.03.2020 08:34:50.810 GMT-0500,120.20200000000001,119.55799999999999,0.0008,0.0008
18.03.2020 08:34:57.566 GMT-0500,120.12200000000001,119.55799999999999,0.0008,0.0008
18.03.2020 08:34:59.145 GMT-0500,120.12200000000001,119.55700000000002,0.0008,0.0008
18.03.2020 08:34:59.195 GMT-0500,120.12200000000001,119.448,0.0008,0.0008
18.03.2020 08:35:00.063 GMT-0500,119.993,119.447,0.0008,0.002
18.03.2020 08:35:00.114 GMT-0500,119.992,119.43799999999999,0.002,0.002
18.03.2020 08:35:00.272 GMT-0500,119.882,119.098,0.002,0.002
18.03.2020 08:35:00.529 GMT-0500,119.603,119.098,0.0008,0.0008
18.03.2020 08:35:00.579 GMT-0500,119.882,119.098,0.0008,0.0008
18.03.2020 08:35:00.871 GMT-0500,119.693,119.09700000000001,0.002,0.002
18.03.2020 08:35:02.058 GMT-0500,119.68200000000002,119.098,0.0008,0.0008
18.03.2020 08:35:05.949 GMT-0500,119.67200000000001,118.788,0.0008,0.0008
18.03.2020 08:35:05.999 GMT-0500,119.56200000000001,118.898,0.0008,0.0008
18.03.2020 08:35:06.266 GMT-0500,119.40200000000002,118.898,0.0008,0.0008
18.03.2020 08:35:06.375 GMT-0500,119.39200000000001,118.898,0.0008,0.0008
18.03.2020 08:35:08.520 GMT-0500,119.39200000000001,118.95700000000001,0.0008,0.0008
18.03.2020 08:35:08.710 GMT-0500,119.39200000000001,118.958,0.0008,0.0008
18.03.2020 08:35:08.761 GMT-0500,119.39200000000001,118.898,0.0008,0.0008
18.03.2020 08:35:08.894 GMT-0500,119.363,118.897,0.0008,0.002
18.03.2020 08:35:09.177 GMT-0500,119.36200000000001,118.928,0.0008,0.0008
18.03.2020 08:35:09.661 GMT-0500,119.353,118.927,0.0008,0.002
18.03.2020 08:35:09.761 GMT-0500,119.352,118.898,0.0008,0.0008
18.03.2020 08:35:09.812 GMT-0500,119.352,118.788,0.0008,0.0008
18.03.2020 08:35:10.122 GMT-0500,119.352,118.798,0.002,0.002
18.03.2020 08:35:10.223 GMT-0500,119.353,118.897,0.002,0.002
18.03.2020 08:35:10.766 GMT-0500,119.09200000000001,118.898,0.0008,0.0008
18.03.2020 08:35:10.817 GMT-0500,119.25200000000001,118.898,0.0008,0.0008
18.03.2020 08:35:10.867 GMT-0500,119.253,118.977,0.002,0.0008
18.03.2020 08:35:11.164 GMT-0500,119.33200000000001,118.978,0.002,0.002
18.03.2020 08:35:11.415 GMT-0500,119.162,118.978,0.0008,0.0008
18.03.2020 08:35:11.465 GMT-0500,119.33200000000001,118.788,0.002,0.002
18.03.2020 08:35:11.993 GMT-0500,119.323,118.79700000000001,0.0008,0.0008
18.03.2020 08:35:12.043 GMT-0500,119.322,118.788,0.002,0.002
18.03.2020 08:35:12.147 GMT-0500,119.33200000000001,118.788,0.0008,0.0008
18.03.2020 08:35:12.256 GMT-0500,119.363,118.787,0.002,0.002
18.03.2020 08:35:12.307 GMT-0500,119.25200000000001,118.788,0.0008,0.0008
18.03.2020 08:35:12.458 GMT-0500,119.243,118.787,0.002,0.002
18.03.2020 08:35:12.686 GMT-0500,119.12200000000001,118.788,0.0008,0.0008
18.03.2020 08:35:12.737 GMT-0500,119.25200000000001,118.798,0.0008,0.0008
18.03.2020 08:35:12.855 GMT-0500,119.352,118.788,0.0008,0.0008
18.03.2020 08:35:12.905 GMT-0500,119.173,118.787,0.002,0.002
18.03.2020 08:35:13.190 GMT-0500,119.12200000000001,118.787,0.0008,0.0008
18.03.2020 08:35:13.241 GMT-0500,119.103,118.62700000000001,0.002,0.002
18.03.2020 08:35:13.553 GMT-0500,119.102,118.768,0.0008,0.0008
18.03.2020 08:35:15.142 GMT-0500,119.09299999999999,118.768,0.0008,0.0008
18.03.2020 08:35:15.301 GMT-0500,119.102,118.798,0.0008,0.0008
18.03.2020 08:35:15.351 GMT-0500,119.102,118.768,0.0008,0.0008
18.03.2020 08:35:15.529 GMT-0500,119.103,118.77700000000002,0.002,0.0008
18.03.2020 08:35:15.754 GMT-0500,119.103,118.84700000000001,0.002,0.0008
18.03.2020 08:35:15.804 GMT-0500,119.102,118.788,0.0008,0.0008
18.03.2020 08:35:16.180 GMT-0500,119.09200000000001,118.788,0.0008,0.002
18.03.2020 08:35:16.231 GMT-0500,119.102,118.788,0.0008,0.0008
18.03.2020 08:35:17.173 GMT-0500,119.09200000000001,118.788,0.0008,0.0008
18.03.2020 08:35:18.628 GMT-0500,119.12200000000001,118.838,0.0008,0.0008
18.03.2020 08:35:18.910 GMT-0500,119.102,118.838,0.002,0.002
18.03.2020 08:35:19.667 GMT-0500,119.09200000000001,118.838,0.0008,0.002
18.03.2020 08:35:20.725 GMT-0500,119.09299999999999,118.837,0.002,0.002
18.03.2020 08:35:22.396 GMT-0500,119.072,118.838,0.0008,0.001
18.03.2020 08:35:22.446 GMT-0500,119.56200000000001,119.16799999999999,0.0008,0.0008
18.03.2020 08:35:23.182 GMT-0500,119.56299999999999,119.16700000000002,0.0008,0.002
18.03.2020 08:35:23.233 GMT-0500,119.912,119.16799999999999,0.0008,0.0008
18.03.2020 08:35:24.982 GMT-0500,119.73200000000001,119.16799999999999,0.0008,0.002
18.03.2020 08:35:26.052 GMT-0500,119.73299999999999,119.16700000000002,0.002,0.002
18.03.2020 08:35:26.803 GMT-0500,119.73200000000001,119.16799999999999,0.0008,0.0008
18.03.2020 08:35:27.414 GMT-0500,119.73299999999999,119.16700000000002,0.002,0.0008
18.03.2020 08:35:27.465 GMT-0500,119.73200000000001,118.96799999999999,0.0008,0.0008
18.03.2020 08:35:27.824 GMT-0500,119.73200000000001,118.958,0.0008,0.0008
18.03.2020 08:35:28.756 GMT-0500,119.73299999999999,119.16700000000002,0.002,0.002
18.03.2020 08:35:35.711 GMT-0500,119.462,119.16799999999999,0.002,0.002
18.03.2020 08:35:37.040 GMT-0500,119.31200000000001,119.16799999999999,0.0008,0.0008
18.03.2020 08:35:37.090 GMT-0500,119.31200000000001,118.988,0.0008,0.0008
18.03.2020 08:35:38.183 GMT-0500,119.31200000000001,119.008,0.0008,0.0008
18.03.2020 08:35:38.233 GMT-0500,119.45200000000001,119.008,0.0008,0.0008
18.03.2020 08:35:39.208 GMT-0500,119.44200000000001,119.008,0.002,0.002
18.03.2020 08:35:39.339 GMT-0500,119.45299999999999,119.007,0.002,0.002
18.03.2020 08:35:39.884 GMT-0500,119.44200000000001,119.008,0.0008,0.0008
18.03.2020 08:35:39.985 GMT-0500,119.45200000000001,119.008,0.0008,0.0008
18.03.2020 08:35:40.672 GMT-0500,119.443,119.007,0.002,0.002
18.03.2020 08:35:40.722 GMT-0500,119.44200000000001,118.988,0.0008,0.0008
18.03.2020 08:35:40.944 GMT-0500,119.45299999999999,118.98700000000001,0.002,0.002
18.03.2020 08:35:41.760 GMT-0500,119.45299999999999,119.01700000000001,0.002,0.0008
18.03.2020 08:35:42.124 GMT-0500,119.443,119.018,0.0008,0.0008
18.03.2020 08:35:42.225 GMT-0500,119.45200000000001,119.018,0.0008,0.0008
18.03.2020 08:35:43.187 GMT-0500,119.443,119.01700000000001,0.002,0.002
18.03.2020 08:35:43.512 GMT-0500,119.45200000000001,118.988,0.0008,0.0008
18.03.2020 08:35:43.813 GMT-0500,119.29200000000002,118.988,0.0008,0.002
18.03.2020 08:35:47.025 GMT-0500,119.162,118.988,0.0008,0.0008
18.03.2020 08:35:47.126 GMT-0500,119.29200000000002,118.988,0.002,0.002
18.03.2020 08:35:47.333 GMT-0500,119.12200000000001,118.988,0.002,0.002
18.03.2020 08:35:47.383 GMT-0500,119.11200000000001,118.74799999999999,0.0008,0.0008
18.03.2020 08:35:47.434 GMT-0500,119.11200000000001,118.738,0.0008,0.0008
18.03.2020 08:35:47.859 GMT-0500,119.102,118.738,0.0008,0.0008
18.03.2020 08:35:49.831 GMT-0500,119.102,118.74799999999999,0.0008,0.0008
18.03.2020 08:35:50.018 GMT-0500,119.103,118.74700000000001,0.002,0.0008
18.03.2020 08:35:50.068 GMT-0500,119.102,118.628,0.0008,0.0008
18.03.2020 08:35:50.398 GMT-0500,118.973,118.62700000000001,0.0008,0.0008
18.03.2020 08:35:50.449 GMT-0500,118.882,118.488,0.002,0.002
18.03.2020 08:35:51.993 GMT-0500,118.97200000000001,118.48700000000001,0.0008,0.0008
18.03.2020 08:35:52.328 GMT-0500,118.97200000000001,118.348,0.002,0.0008
18.03.2020 08:35:53.258 GMT-0500,118.973,118.45700000000001,0.002,0.0008
18.03.2020 08:35:54.645 GMT-0500,118.93299999999999,118.45700000000001,0.0008,0.002
18.03.2020 08:35:58.649 GMT-0500,118.913,118.45700000000001,0.002,0.002
18.03.2020 08:36:06.797 GMT-0500,118.802,118.35799999999999,0.0008,0.0008
18.03.2020 08:36:06.847 GMT-0500,118.802,118.348,0.0008,0.0008
18.03.2020 08:36:07.495 GMT-0500,118.802,118.35700000000001,0.0008,0.0008
18.03.2020 08:36:07.596 GMT-0500,118.802,118.508,0.002,0.002
18.03.2020 08:36:08.158 GMT-0500,118.802,118.51700000000001,0.0008,0.0008
18.03.2020 08:36:08.798 GMT-0500,118.912,118.628,0.002,0.002
18.03.2020 08:36:09.220 GMT-0500,119.06200000000001,118.738,0.002,0.002
18.03.2020 08:36:09.343 GMT-0500,119.06200000000001,118.74799999999999,0.002,0.0008
18.03.2020 08:36:09.488 GMT-0500,119.052,118.77799999999999,0.002,0.0008
18.03.2020 08:36:10.175 GMT-0500,119.04200000000002,118.77799999999999,0.0008,0.0008
18.03.2020 08:36:10.226 GMT-0500,119.052,118.74799999999999,0.0008,0.0008
18.03.2020 08:36:11.370 GMT-0500,118.86200000000001,118.518,0.002,0.002
18.03.2020 08:36:11.862 GMT-0500,118.81200000000001,118.518,0.0008,0.0008
18.03.2020 08:36:11.912 GMT-0500,118.94200000000001,118.518,0.0008,0.0008
18.03.2020 08:36:13.059 GMT-0500,118.79200000000002,118.51700000000001,0.0008,0.0008
18.03.2020 08:36:13.110 GMT-0500,118.79200000000002,118.46799999999999,0.002,0.002
18.03.2020 08:36:13.467 GMT-0500,118.94200000000001,118.46799999999999,0.0008,0.0008
18.03.2020 08:36:14.094 GMT-0500,118.743,118.46700000000001,0.0008,0.0008
18.03.2020 08:36:14.144 GMT-0500,118.742,118.348,0.0008,0.0008
18.03.2020 08:36:14.392 GMT-0500,118.73299999999999,118.348,0.0008,0.0008
18.03.2020 08:36:14.442 GMT-0500,118.742,118.348,0.0008,0.0008
18.03.2020 08:36:15.070 GMT-0500,118.743,118.35700000000001,0.002,0.0008
18.03.2020 08:36:15.171 GMT-0500,118.742,118.348,0.0008,0.0008
18.03.2020 08:36:15.401 GMT-0500,118.743,118.197,0.002,0.002
18.03.2020 08:36:15.614 GMT-0500,118.54200000000002,118.197,0.0008,0.0008
18.03.2020 08:36:15.665 GMT-0500,118.54200000000002,118.18799999999999,0.0008,0.0008
18.03.2020 08:36:15.715 GMT-0500,118.54200000000002,118.21799999999999,0.0008,0.0008
18.03.2020 08:36:21.946 GMT-0500,118.37299999999999,118.21700000000001,0.0008,0.0008
18.03.2020 08:36:21.996 GMT-0500,118.54299999999999,118.18700000000001,0.002,0.002
18.03.2020 08:36:22.450 GMT-0500,118.54299999999999,118.21700000000001,0.002,0.0008
18.03.2020 08:36:24.216 GMT-0500,118.352,118.21700000000001,0.0008,0.0008
18.03.2020 08:36:24.266 GMT-0500,118.54200000000002,118.18799999999999,0.002,0.002
18.03.2020 08:36:24.701 GMT-0500,118.462,118.18799999999999,0.0008,0.002
18.03.2020 08:36:25.255 GMT-0500,118.463,118.197,0.002,0.002
18.03.2020 08:36:25.554 GMT-0500,118.54200000000002,118.198,0.0008,0.0008
18.03.2020 08:36:25.612 GMT-0500,118.443,118.198,0.0008,0.0008
18.03.2020 08:36:26.065 GMT-0500,118.443,118.197,0.002,0.0008
18.03.2020 08:36:26.115 GMT-0500,118.443,118.18700000000001,0.002,0.002
18.03.2020 08:36:26.842 GMT-0500,118.44200000000001,118.18799999999999,0.0008,0.0008
18.03.2020 08:36:27.255 GMT-0500,118.443,118.18700000000001,0.0008,0.002
18.03.2020 08:36:27.958 GMT-0500,118.533,118.18700000000001,0.0008,0.002
18.03.2020 08:36:28.062 GMT-0500,118.533,118.18799999999999,0.0008,0.0008
18.03.2020 08:36:28.113 GMT-0500,118.54200000000002,118.18799999999999,0.0008,0.0008
18.03.2020 08:36:28.912 GMT-0500,118.533,118.18799999999999,0.0008,0.0008
18.03.2020 08:36:29.213 GMT-0500,118.54200000000002,118.18799999999999,0.0008,0.0008
18.03.2020 08:36:30.168 GMT-0500,118.54200000000002,118.427,0.0008,0.0008
18.03.2020 08:36:30.218 GMT-0500,118.73299999999999,118.427,0.002,0.002
18.03.2020 08:36:30.350 GMT-0500,118.73200000000001,118.318,0.0008,0.0008
18.03.2020 08:36:30.442 GMT-0500,118.742,118.318,0.0008,0.0008
18.03.2020 08:36:30.653 GMT-0500,118.48200000000001,118.318,0.0008,0.002
18.03.2020 08:36:30.703 GMT-0500,118.742,118.198,0.0008,0.0008
18.03.2020 08:36:30.753 GMT-0500,118.742,118.30799999999999,0.0008,0.0008
18.03.2020 08:36:31.051 GMT-0500,118.742,118.408,0.0008,0.0008
18.03.2020 08:36:31.103 GMT-0500,118.742,118.30799999999999,0.0008,0.0008
18.03.2020 08:36:31.221 GMT-0500,118.743,118.35700000000001,0.002,0.002
18.03.2020 08:36:31.747 GMT-0500,118.633,118.35799999999999,0.0008,0.0008
18.03.2020 08:36:31.798 GMT-0500,118.742,118.35799999999999,0.0008,0.0008
18.03.2020 08:36:31.897 GMT-0500,118.83200000000001,118.41799999999999,0.0008,0.0008
18.03.2020 08:36:31.998 GMT-0500,118.94200000000001,118.41799999999999,0.0008,0.0008
18.03.2020 08:36:32.914 GMT-0500,118.93299999999999,118.41700000000002,0.0008,0.002
18.03.2020 08:36:33.057 GMT-0500,118.93299999999999,118.447,0.0008,0.0008
18.03.2020 08:36:33.108 GMT-0500,118.943,118.447,0.002,0.002
18.03.2020 08:36:33.930 GMT-0500,118.93299999999999,118.447,0.0008,0.002
18.03.2020 08:36:34.040 GMT-0500,118.94200000000001,118.448,0.002,0.002
18.03.2020 08:36:34.905 GMT-0500,118.833,118.447,0.0008,0.002
18.03.2020 08:36:35.172 GMT-0500,119.053,118.57700000000001,0.002,0.002
18.03.2020 08:36:35.222 GMT-0500,119.053,118.71700000000001,0.002,0.002
18.03.2020 08:36:35.471 GMT-0500,119.052,118.71700000000001,0.0008,0.0008
18.03.2020 08:36:35.522 GMT-0500,119.052,118.52799999999999,0.002,0.002
18.03.2020 08:36:36.018 GMT-0500,119.052,118.71700000000001,0.0008,0.0008
18.03.2020 08:36:36.183 GMT-0500,118.963,118.71700000000001,0.0008,0.002
18.03.2020 08:36:41.538 GMT-0500,118.963,118.728,0.0008,0.0008
18.03.2020 08:36:41.589 GMT-0500,119.052,118.728,0.002,0.002
18.03.2020 08:36:42.970 GMT-0500,119.052,118.74700000000001,0.0008,0.0008
18.03.2020 08:36:43.021 GMT-0500,119.18299999999999,118.74700000000001,0.002,0.002
18.03.2020 08:36:43.942 GMT-0500,119.18200000000002,118.74799999999999,0.0008,0.0008
18.03.2020 08:36:45.496 GMT-0500,119.18299999999999,118.74700000000001,0.002,0.002
18.03.2020 08:36:45.951 GMT-0500,119.073,118.74700000000001,0.0008,0.002
18.03.2020 08:36:46.429 GMT-0500,119.073,118.897,0.0008,0.0008
18.03.2020 08:36:46.480 GMT-0500,119.18299999999999,118.897,0.002,0.002
18.03.2020 08:36:48.811 GMT-0500,119.18299999999999,118.898,0.0008,0.0008
18.03.2020 08:36:49.088 GMT-0500,119.272,118.898,0.0008,0.002
18.03.2020 08:36:49.138 GMT-0500,119.26200000000001,118.898,0.0008,0.0008
18.03.2020 08:36:49.229 GMT-0500,119.272,118.898,0.0008,0.0008
18.03.2020 08:36:49.543 GMT-0500,119.272,118.958,0.002,0.0008
18.03.2020 08:36:50.386 GMT-0500,119.26200000000001,118.958,0.0008,0.002
18.03.2020 08:36:50.487 GMT-0500,119.273,118.95700000000001,0.002,0.002
18.03.2020 08:36:51.673 GMT-0500,119.12200000000001,118.74799999999999,0.002,0.002
18.03.2020 08:36:52.185 GMT-0500,119.052,118.74799999999999,0.0008,0.002
18.03.2020 08:36:53.815 GMT-0500,119.052,118.82700000000001,0.0008,0.0008
18.03.2020 08:36:53.960 GMT-0500,118.95200000000001,118.82799999999999,0.0008,0.0008
18.03.2020 08:36:54.166 GMT-0500,118.95299999999999,118.82700000000001,0.002,0.002
18.03.2020 08:36:54.464 GMT-0500,118.95299999999999,118.837,0.002,0.002
18.03.2020 08:36:58.984 GMT-0500,118.93200000000002,118.837,0.0008,0.0008
18.03.2020 08:36:59.034 GMT-0500,118.89200000000001,118.63799999999999,0.0008,0.0008
18.03.2020 08:37:00.201 GMT-0500,118.893,118.52700000000002,0.002,0.002
18.03.2020 08:37:01.043 GMT-0500,118.893,118.727,0.002,0.0008
18.03.2020 08:37:01.506 GMT-0500,118.89200000000001,118.728,0.002,0.002
18.03.2020 08:37:01.815 GMT-0500,118.89200000000001,118.73700000000001,0.0008,0.0008
18.03.2020 08:37:02.507 GMT-0500,118.893,118.80700000000002,0.0008,0.0008
18.03.2020 08:37:02.558 GMT-0500,119.17200000000001,118.958,0.002,0.002
18.03.2020 08:37:03.094 GMT-0500,119.12299999999999,118.88799999999999,0.0008,0.0008
18.03.2020 08:37:03.260 GMT-0500,119.12200000000001,118.88799999999999,0.002,0.0008
18.03.2020 08:37:03.311 GMT-0500,119.12200000000001,118.80799999999999,0.0008,0.0008
18.03.2020 08:37:03.429 GMT-0500,119.12200000000001,118.848,0.0008,0.0008
18.03.2020 08:37:03.661 GMT-0500,119.26299999999999,118.84700000000001,0.002,0.002
18.03.2020 08:37:03.764 GMT-0500,119.26299999999999,118.848,0.0008,0.0008
18.03.2020 08:37:03.902 GMT-0500,119.12299999999999,118.848,0.0008,0.0008
18.03.2020 08:37:04.122 GMT-0500,119.12200000000001,118.85799999999999,0.0008,0.0008
18.03.2020 08:37:04.303 GMT-0500,119.273,118.85700000000001,0.002,0.002
18.03.2020 08:37:04.549 GMT-0500,119.273,119.007,0.002,0.0008
18.03.2020 08:37:04.599 GMT-0500,119.54299999999999,118.947,0.002,0.002
18.03.2020 08:37:04.650 GMT-0500,119.54200000000002,118.85799999999999,0.0008,0.0008
18.03.2020 08:37:04.985 GMT-0500,119.54200000000002,118.948,0.002,0.002
18.03.2020 08:37:05.410 GMT-0500,119.54200000000002,118.85799999999999,0.0008,0.0008
18.03.2020 08:37:05.890 GMT-0500,119.54299999999999,118.867,0.002,0.0008
18.03.2020 08:37:05.940 GMT-0500,119.54200000000002,118.85799999999999,0.0008,0.0008
18.03.2020 08:37:06.066 GMT-0500,119.54200000000002,119.04700000000001,0.0008,0.0008
18.03.2020 08:37:06.313 GMT-0500,119.54200000000002,119.048,0.0008,0.0008
18.03.2020 08:37:21.664 GMT-0500,119.443,119.048,0.0008,0.0008
18.03.2020 08:37:21.769 GMT-0500,119.133,119.008,0.0008,0.0008
18.03.2020 08:37:21.820 GMT-0500,119.133,118.81700000000001,0.002,0.002
18.03.2020 08:37:22.069 GMT-0500,119.04200000000002,118.738,0.0008,0.0008
18.03.2020 08:37:22.119 GMT-0500,119.04200000000002,118.628,0.0008,0.0008
18.03.2020 08:37:24.122 GMT-0500,119.143,118.62700000000001,0.002,0.002
18.03.2020 08:37:24.172 GMT-0500,119.34299999999999,119.04700000000001,0.002,0.002
18.03.2020 08:37:25.105 GMT-0500,119.34200000000001,118.85799999999999,0.0008,0.0008
18.03.2020 08:37:25.175 GMT-0500,119.44200000000001,118.85799999999999,0.0008,0.0008
18.03.2020 08:37:25.326 GMT-0500,119.173,118.85799999999999,0.0008,0.0008
18.03.2020 08:37:25.376 GMT-0500,119.17200000000001,118.738,0.0008,0.0008
18.03.2020 08:37:25.427 GMT-0500,119.28200000000001,118.738,0.0008,0.0008
18.03.2020 08:37:25.568 GMT-0500,119.44200000000001,118.738,0.0008,0.0008
18.03.2020 08:37:25.618 GMT-0500,119.44200000000001,118.93799999999999,0.0008,0.0008
18.03.2020 08:37:25.781 GMT-0500,119.283,118.93700000000001,0.0008,0.002
18.03.2020 08:37:25.904 GMT-0500,119.283,118.93799999999999,0.0008,0.0008
18.03.2020 08:37:25.954 GMT-0500,119.43200000000002,118.93799999999999,0.002,0.002
18.03.2020 08:37:26.078 GMT-0500,119.29200000000002,118.93799999999999,0.0008,0.0008
18.03.2020 08:37:26.361 GMT-0500,119.29200000000002,119.068,0.0008,0.0008
18.03.2020 08:37:26.462 GMT-0500,119.302,119.068,0.0008,0.0008
18.03.2020 08:37:26.998 GMT-0500,119.29299999999999,119.06700000000001,0.0008,0.0008
18.03.2020 08:37:27.049 GMT-0500,119.29299999999999,118.93700000000001,0.002,0.002
18.03.2020 08:37:27.197 GMT-0500,119.29299999999999,119.05700000000002,0.0008,0.0008
18.03.2020 08:37:27.247 GMT-0500,119.302,119.05799999999999,0.0008,0.0008
18.03.2020 08:37:27.955 GMT-0500,119.303,119.07700000000001,0.002,0.0008
18.03.2020 08:37:28.006 GMT-0500,119.12200000000001,118.838,0.0008,0.0008
18.03.2020 08:37:28.057 GMT-0500,119.15299999999999,118.73700000000001,0.002,0.002
18.03.2020 08:37:28.929 GMT-0500,119.15299999999999,118.587,0.002,0.002
18.03.2020 08:37:29.363 GMT-0500,119.15299999999999,118.74700000000001,0.002,0.0008
18.03.2020 08:37:29.414 GMT-0500,119.29200000000002,118.768,0.0008,0.0008
18.03.2020 08:37:29.748 GMT-0500,119.15299999999999,118.76700000000001,0.0008,0.002
18.03.2020 08:37:30.441 GMT-0500,119.15200000000002,118.788,0.002,0.0008
18.03.2020 08:37:31.303 GMT-0500,119.143,118.788,0.0008,0.0008
18.03.2020 08:37:32.842 GMT-0500,119.14200000000001,118.798,0.0008,0.0008
18.03.2020 08:37:33.336 GMT-0500,119.143,118.798,0.0008,0.0008
18.03.2020 08:37:33.386 GMT-0500,119.29200000000002,118.798,0.0008,0.0008
18.03.2020 08:37:34.008 GMT-0500,119.14200000000001,118.798,0.0008,0.0008
18.03.2020 08:37:34.058 GMT-0500,119.29200000000002,118.798,0.0008,0.0008
18.03.2020 08:37:34.146 GMT-0500,119.283,118.798,0.0008,0.0008
18.03.2020 08:37:34.196 GMT-0500,119.29200000000002,118.798,0.0008,0.0008
18.03.2020 08:37:34.385 GMT-0500,119.29299999999999,118.867,0.002,0.0008
18.03.2020 08:37:34.754 GMT-0500,119.283,118.868,0.0008,0.0008
18.03.2020 08:37:34.855 GMT-0500,119.29200000000002,118.868,0.0008,0.0008
18.03.2020 08:37:35.111 GMT-0500,119.173,118.868,0.0008,0.0008
18.03.2020 08:37:35.614 GMT-0500,119.17200000000001,118.868,0.002,0.002
18.03.2020 08:37:36.043 GMT-0500,119.14200000000001,118.868,0.0008,0.002
18.03.2020 08:37:37.602 GMT-0500,119.143,118.90700000000001,0.002,0.0008
18.03.2020 08:37:37.753 GMT-0500,119.14200000000001,118.978,0.002,0.002
18.03.2020 08:37:38.955 GMT-0500,119.14200000000001,118.988,0.002,0.0008
18.03.2020 08:37:39.055 GMT-0500,119.14200000000001,118.978,0.002,0.002
18.03.2020 08:37:39.435 GMT-0500,119.14200000000001,119.11500000000001,0.0008,0.0008
18.03.2020 08:37:39.485 GMT-0500,119.43200000000002,119.07799999999999,0.0008,0.0008
18.03.2020 08:37:39.767 GMT-0500,119.44200000000001,119.098,0.0008,0.0008
18.03.2020 08:37:39.817 GMT-0500,119.44200000000001,119.07799999999999,0.0008,0.0008
18.03.2020 08:37:40.255 GMT-0500,119.43200000000002,119.07799999999999,0.0008,0.0008
18.03.2020 08:37:40.405 GMT-0500,119.44200000000001,119.07799999999999,0.0008,0.0008
18.03.2020 08:37:41.073 GMT-0500,119.283,119.07799999999999,0.0008,0.0008
18.03.2020 08:37:41.531 GMT-0500,119.283,119.087,0.0008,0.0008
18.03.2020 08:37:41.581 GMT-0500,119.44200000000001,119.088,0.0008,0.0008
18.03.2020 08:37:42.912 GMT-0500,119.43200000000002,119.088,0.002,0.002
18.03.2020 08:37:43.035 GMT-0500,119.44200000000001,119.088,0.002,0.002
18.03.2020 08:37:45.573 GMT-0500,119.44200000000001,119.10799999999999,0.0008,0.0008
18.03.2020 08:37:45.928 GMT-0500,119.443,119.10700000000001,0.002,0.002
18.03.2020 08:37:46.729 GMT-0500,119.44200000000001,119.10799999999999,0.0008,0.0008
18.03.2020 08:37:47.277 GMT-0500,119.133,118.96700000000001,0.002,0.0008
18.03.2020 08:37:48.291 GMT-0500,119.12200000000001,118.77799999999999,0.0008,0.0008
18.03.2020 08:37:49.118 GMT-0500,119.12200000000001,118.77700000000002,0.0008,0.0008
18.03.2020 08:37:49.245 GMT-0500,119.12299999999999,118.588,0.0008,0.0008
18.03.2020 08:37:49.809 GMT-0500,119.132,118.68799999999999,0.002,0.0008
18.03.2020 08:37:50.796 GMT-0500,119.133,118.68799999999999,0.0008,0.0008
18.03.2020 08:37:50.897 GMT-0500,119.133,118.79700000000001,0.002,0.002
18.03.2020 08:37:51.678 GMT-0500,119.12299999999999,118.79700000000001,0.0008,0.002
18.03.2020 08:37:54.085 GMT-0500,119.12299999999999,118.99700000000001,0.0008,0.0008
18.03.2020 08:37:54.135 GMT-0500,119.272,118.99799999999999,0.0008,0.0008
18.03.2020 08:37:54.186 GMT-0500,119.283,118.99700000000001,0.002,0.002
18.03.2020 08:37:54.508 GMT-0500,119.28200000000001,118.99700000000001,0.0008,0.0008
18.03.2020 08:37:55.230 GMT-0500,119.272,118.99799999999999,0.0008,0.0008
18.03.2020 08:37:55.331 GMT-0500,119.28200000000001,118.99799999999999,0.0008,0.0008
18.03.2020 08:37:55.608 GMT-0500,119.28200000000001,119.09700000000001,0.0008,0.0008
18.03.2020 08:37:55.659 GMT-0500,119.34299999999999,119.09700000000001,0.002,0.002
18.03.2020 08:37:56.033 GMT-0500,119.28200000000001,119.098,0.0008,0.0008
18.03.2020 08:37:56.134 GMT-0500,119.28200000000001,118.99799999999999,0.0008,0.0008
18.03.2020 08:37:58.183 GMT-0500,119.283,119.007,0.002,0.0008
18.03.2020 08:38:00.507 GMT-0500,119.283,119.10700000000001,0.002,0.0008
18.03.2020 08:38:01.193 GMT-0500,119.28200000000001,119.16700000000002,0.0008,0.0008
18.03.2020 08:38:01.243 GMT-0500,119.28200000000001,119.10799999999999,0.002,0.002
18.03.2020 08:38:01.322 GMT-0500,119.135,119.10799999999999,0.0008,0.0008
18.03.2020 08:38:01.372 GMT-0500,119.102,118.798,0.002,0.002
18.03.2020 08:38:01.546 GMT-0500,119.102,118.80799999999999,0.002,0.0008
18.03.2020 08:38:02.326 GMT-0500,119.103,118.80799999999999,0.0008,0.0008
18.03.2020 08:38:02.376 GMT-0500,119.12200000000001,118.80799999999999,0.0008,0.0008
18.03.2020 08:38:05.044 GMT-0500,119.103,118.80700000000002,0.0008,0.002
18.03.2020 08:38:09.170 GMT-0500,119.102,118.82799999999999,0.0008,0.0008
18.03.2020 08:38:09.349 GMT-0500,119.103,118.82700000000001,0.002,0.002
18.03.2020 08:38:09.928 GMT-0500,119.102,118.868,0.0008,0.0008
18.03.2020 08:38:11.728 GMT-0500,119.103,118.87700000000001,0.002,0.0008
18.03.2020 08:38:12.338 GMT-0500,119.103,118.88700000000001,0.002,0.0008
18.03.2020 08:38:12.952 GMT-0500,119.102,118.898,0.0008,0.0008
18.03.2020 08:38:13.294 GMT-0500,119.103,118.897,0.002,0.002
18.03.2020 08:38:13.530 GMT-0500,119.103,119.04700000000001,0.0008,0.0008
18.03.2020 08:38:13.580 GMT-0500,119.25200000000001,119.048,0.0008,0.0008
18.03.2020 08:38:13.631 GMT-0500,119.25200000000001,118.99799999999999,0.0008,0.0008
18.03.2020 08:38:13.689 GMT-0500,119.25200000000001,119.09700000000001,0.0008,0.0008
18.03.2020 08:38:13.942 GMT-0500,119.25200000000001,119.098,0.0008,0.0008
18.03.2020 08:38:14.042 GMT-0500,119.43299999999999,119.10700000000001,0.002,0.002
18.03.2020 08:38:14.154 GMT-0500,119.44200000000001,119.10799999999999,0.002,0.002
18.03.2020 08:38:15.730 GMT-0500,119.44200000000001,119.118,0.002,0.002
18.03.2020 08:38:15.847 GMT-0500,119.50200000000001,119.118,0.002,0.002
18.03.2020 08:38:15.944 GMT-0500,119.50200000000001,119.128,0.002,0.0008
18.03.2020 08:38:20.387 GMT-0500,119.75200000000001,119.348,0.002,0.002
18.03.2020 08:38:20.749 GMT-0500,119.753,119.35700000000001,0.002,0.002
18.03.2020 08:38:21.341 GMT-0500,119.75200000000001,119.368,0.0008,0.0008
18.03.2020 08:38:22.038 GMT-0500,119.62299999999999,119.367,0.0008,0.002
18.03.2020 08:38:22.254 GMT-0500,119.62200000000001,119.368,0.002,0.002
18.03.2020 08:38:22.609 GMT-0500,119.62299999999999,119.367,0.002,0.002
18.03.2020 08:38:22.841 GMT-0500,119.75200000000001,119.368,0.0008,0.0008
18.03.2020 08:38:23.155 GMT-0500,119.75200000000001,119.37700000000001,0.0008,0.0008
18.03.2020 08:38:23.281 GMT-0500,119.753,119.37700000000001,0.002,0.002
18.03.2020 08:38:24.518 GMT-0500,119.76200000000001,119.378,0.0008,0.0008
18.03.2020 08:38:24.621 GMT-0500,119.772,119.378,0.002,0.002
18.03.2020 08:38:24.946 GMT-0500,119.772,119.38700000000001,0.0008,0.0008
18.03.2020 08:38:25.458 GMT-0500,119.772,119.38799999999999,0.0008,0.0008
18.03.2020 08:38:26.175 GMT-0500,119.772,119.398,0.0008,0.0008
18.03.2020 08:38:26.772 GMT-0500,119.772,119.408,0.0008,0.0008
18.03.2020 08:38:27.071 GMT-0500,119.773,119.40700000000001,0.002,0.002
18.03.2020 08:38:27.989 GMT-0500,119.772,119.408,0.0008,0.0008
18.03.2020 08:38:33.672 GMT-0500,119.753,119.40700000000001,0.002,0.002
18.03.2020 08:38:36.097 GMT-0500,119.75200000000001,119.41799999999999,0.002,0.002
18.03.2020 08:38:37.145 GMT-0500,119.62299999999999,119.41799999999999,0.0008,0.0008
18.03.2020 08:38:37.566 GMT-0500,119.62200000000001,119.43799999999999,0.0008,0.0008
18.03.2020 08:38:38.171 GMT-0500,119.62200000000001,119.448,0.0008,0.0008
18.03.2020 08:38:39.935 GMT-0500,119.45200000000001,119.41,0.0008,0.0008
18.03.2020 08:38:39.986 GMT-0500,119.45299999999999,119.117,0.002,0.002
18.03.2020 08:38:40.651 GMT-0500,119.44200000000001,119.118,0.0008,0.0008
18.03.2020 08:38:41.250 GMT-0500,119.44200000000001,119.318,0.002,0.0008
18.03.2020 08:38:41.300 GMT-0500,119.44200000000001,119.228,0.0008,0.0008
18.03.2020 08:38:41.847 GMT-0500,119.44200000000001,119.21799999999999,0.0008,0.0008
18.03.2020 08:38:41.948 GMT-0500,119.613,119.32700000000001,0.002,0.002
18.03.2020 08:38:42.068 GMT-0500,119.61200000000001,119.32700000000001,0.0008,0.0008
18.03.2020 08:38:43.418 GMT-0500,119.61200000000001,119.298,0.002,0.002
18.03.2020 08:38:44.295 GMT-0500,119.613,119.29700000000001,0.002,0.002
18.03.2020 08:38:45.132 GMT-0500,119.613,119.30700000000002,0.002,0.002
18.03.2020 08:38:45.696 GMT-0500,119.613,119.32700000000001,0.002,0.0008
18.03.2020 08:38:46.237 GMT-0500,119.552,119.32799999999999,0.002,0.002
18.03.2020 08:38:46.887 GMT-0500,119.552,119.338,0.002,0.0008
18.03.2020 08:38:47.488 GMT-0500,119.51299999999999,119.338,0.0008,0.0008
18.03.2020 08:38:48.131 GMT-0500,119.51200000000001,119.338,0.0008,0.0008
18.03.2020 08:38:50.303 GMT-0500,119.51200000000001,119.34700000000001,0.0008,0.0008
18.03.2020 08:38:50.353 GMT-0500,119.523,119.34700000000001,0.002,0.002
18.03.2020 08:38:50.411 GMT-0500,119.51299999999999,119.34700000000001,0.0008,0.002
18.03.2020 08:38:50.512 GMT-0500,119.51200000000001,119.348,0.002,0.002
18.03.2020 08:38:52.043 GMT-0500,119.503,119.348,0.0008,0.0008
18.03.2020 08:38:52.298 GMT-0500,119.50200000000001,119.35799999999999,0.0008,0.0008
18.03.2020 08:38:52.450 GMT-0500,119.51299999999999,119.35700000000001,0.002,0.002
18.03.2020 08:38:54.368 GMT-0500,119.51200000000001,119.368,0.0008,0.0008
18.03.2020 08:38:54.419 GMT-0500,119.632,119.368,0.002,0.002
18.03.2020 08:38:54.583 GMT-0500,119.643,119.368,0.0008,0.0008
18.03.2020 08:38:54.634 GMT-0500,119.75200000000001,119.368,0.002,0.002
18.03.2020 08:38:54.707 GMT-0500,119.75200000000001,119.448,0.002,0.0008
18.03.2020 08:38:55.543 GMT-0500,119.62200000000001,119.448,0.0008,0.002
18.03.2020 08:38:55.945 GMT-0500,119.62200000000001,119.458,0.0008,0.0008
18.03.2020 08:38:56.278 GMT-0500,119.602,119.458,0.0008,0.0008
18.03.2020 08:38:56.529 GMT-0500,119.603,119.45700000000001,0.002,0.002
18.03.2020 08:38:57.104 GMT-0500,119.602,119.46799999999999,0.0008,0.0008
18.03.2020 08:38:57.222 GMT-0500,119.603,119.46700000000001,0.002,0.002
18.03.2020 08:38:57.710 GMT-0500,119.602,119.478,0.0008,0.0008
18.03.2020 08:38:58.304 GMT-0500,119.602,119.488,0.002,0.0008
18.03.2020 08:38:58.573 GMT-0500,119.603,119.49700000000001,0.002,0.0008
18.03.2020 08:38:58.724 GMT-0500,119.753,119.49700000000001,0.002,0.002
18.03.2020 08:38:58.818 GMT-0500,119.723,119.48700000000001,0.002,0.002
18.03.2020 08:38:59.514 GMT-0500,119.723,119.49700000000001,0.002,0.002
18.03.2020 08:38:59.623 GMT-0500,119.61200000000001,119.49700000000001,0.0008,0.0008
18.03.2020 08:38:59.674 GMT-0500,119.61200000000001,119.338,0.002,0.002
18.03.2020 08:38:59.954 GMT-0500,119.72200000000001,119.338,0.002,0.002
18.03.2020 08:39:01.003 GMT-0500,119.72200000000001,119.40700000000001,0.0008,0.0008
18.03.2020 08:39:01.590 GMT-0500,119.61200000000001,119.408,0.0008,0.0008
18.03.2020 08:39:03.866 GMT-0500,119.602,119.408,0.0008,0.0008
18.03.2020 08:39:04.127 GMT-0500,119.603,119.40700000000001,0.002,0.0008
18.03.2020 08:39:04.177 GMT-0500,119.503,119.23700000000001,0.002,0.002
18.03.2020 08:39:04.228 GMT-0500,119.503,119.227,0.002,0.002
18.03.2020 08:39:04.801 GMT-0500,119.50200000000001,119.32799999999999,0.0008,0.0008
18.03.2020 08:39:05.956 GMT-0500,119.393,119.32700000000001,0.0008,0.0008
18.03.2020 08:39:06.006 GMT-0500,119.393,119.177,0.002,0.002
18.03.2020 08:39:09.119 GMT-0500,119.393,119.18700000000001,0.002,0.0008
18.03.2020 08:39:09.316 GMT-0500,119.393,119.287,0.0008,0.0008
18.03.2020 08:39:09.367 GMT-0500,119.603,119.287,0.002,0.002
18.03.2020 08:39:09.674 GMT-0500,119.492,119.288,0.0008,0.0008
18.03.2020 08:39:11.333 GMT-0500,119.45299999999999,119.288,0.0008,0.0008
18.03.2020 08:39:11.384 GMT-0500,119.45299999999999,119.257,0.002,0.002
18.03.2020 08:39:11.729 GMT-0500,119.353,119.257,0.0008,0.0008
18.03.2020 08:39:11.780 GMT-0500,119.353,119.177,0.002,0.002
18.03.2020 08:39:11.907 GMT-0500,119.352,119.178,0.0008,0.0008
18.03.2020 08:39:12.258 GMT-0500,119.352,119.18799999999999,0.002,0.0008
18.03.2020 08:39:17.424 GMT-0500,119.33200000000001,119.18799999999999,0.0008,0.0008
18.03.2020 08:39:21.929 GMT-0500,119.23200000000001,119.098,0.002,0.002
18.03.2020 08:39:21.980 GMT-0500,119.31200000000001,119.098,0.0008,0.0008
18.03.2020 08:39:22.030 GMT-0500,119.29200000000002,119.098,0.0008,0.0008
18.03.2020 08:39:22.300 GMT-0500,119.283,119.09700000000001,0.0008,0.002
18.03.2020 08:39:23.842 GMT-0500,119.273,119.147,0.0008,0.0008
18.03.2020 08:39:23.892 GMT-0500,119.44200000000001,119.10799999999999,0.0008,0.0008
18.03.2020 08:39:23.993 GMT-0500,119.45200000000001,119.10799999999999,0.0008,0.0008
18.03.2020 08:39:24.276 GMT-0500,119.45200000000001,119.16700000000002,0.0008,0.0008
18.03.2020 08:39:24.326 GMT-0500,119.45200000000001,119.10799999999999,0.0008,0.0008
18.03.2020 08:39:24.557 GMT-0500,119.44200000000001,119.10799999999999,0.0008,0.0008
18.03.2020 08:39:24.658 GMT-0500,119.45299999999999,119.227,0.002,0.0008
18.03.2020 08:39:24.846 GMT-0500,119.45200000000001,119.227,0.0008,0.0008
18.03.2020 08:39:24.896 GMT-0500,119.45200000000001,119.13799999999999,0.002,0.002
18.03.2020 08:39:25.367 GMT-0500,119.45200000000001,119.23700000000001,0.0008,0.0008
18.03.2020 08:39:26.327 GMT-0500,119.45299999999999,119.23700000000001,0.002,0.0008
18.03.2020 08:39:26.378 GMT-0500,119.45299999999999,119.13700000000001,0.002,0.002
18.03.2020 08:39:26.428 GMT-0500,119.45299999999999,119.15700000000001,0.002,0.002
18.03.2020 08:39:27.124 GMT-0500,119.45299999999999,119.16700000000002,0.002,0.0008
18.03.2020 08:39:27.551 GMT-0500,119.322,119.16799999999999,0.0008,0.002
18.03.2020 08:39:29.965 GMT-0500,119.29299999999999,119.16700000000002,0.0008,0.002
18.03.2020 08:39:32.030 GMT-0500,119.173,118.90700000000001,0.002,0.002
18.03.2020 08:39:32.081 GMT-0500,119.17200000000001,118.898,0.0008,0.0008
18.03.2020 08:39:32.293 GMT-0500,119.11200000000001,118.898,0.002,0.002
18.03.2020 08:39:33.827 GMT-0500,119.102,118.99799999999999,0.0008,0.002
18.03.2020 08:39:34.014 GMT-0500,119.17200000000001,119.008,0.0008,0.0008
18.03.2020 08:39:34.555 GMT-0500,119.17200000000001,119.05799999999999,0.002,0.002
18.03.2020 08:39:34.606 GMT-0500,119.173,119.01700000000001,0.002,0.002
18.03.2020 08:39:34.985 GMT-0500,119.323,119.01700000000001,0.002,0.002
18.03.2020 08:39:35.129 GMT-0500,119.322,119.128,0.0008,0.0008
18.03.2020 08:39:35.179 GMT-0500,119.45200000000001,119.13799999999999,0.0008,0.0008
18.03.2020 08:39:35.230 GMT-0500,119.44200000000001,119.13799999999999,0.0008,0.0008
18.03.2020 08:39:35.602 GMT-0500,119.322,119.13799999999999,0.0008,0.0008
18.03.2020 08:39:36.488 GMT-0500,119.45200000000001,119.13799999999999,0.0008,0.0008
18.03.2020 08:39:38.790 GMT-0500,119.323,119.13799999999999,0.0008,0.0008
18.03.2020 08:39:38.841 GMT-0500,119.45299999999999,119.13700000000001,0.002,0.002
18.03.2020 08:39:41.151 GMT-0500,119.45200000000001,119.148,0.0008,0.0008
18.03.2020 08:39:41.593 GMT-0500,119.383,119.148,0.0008,0.0008
18.03.2020 08:39:43.714 GMT-0500,119.382,119.15700000000001,0.0008,0.0008
18.03.2020 08:39:44.236 GMT-0500,119.382,119.158,0.0008,0.0008
18.03.2020 08:39:46.536 GMT-0500,119.383,119.177,0.002,0.002
18.03.2020 08:39:51.112 GMT-0500,119.33200000000001,119.158,0.002,0.002
18.03.2020 08:39:51.231 GMT-0500,119.33200000000001,119.178,0.0008,0.0008
18.03.2020 08:39:52.193 GMT-0500,119.382,119.178,0.0008,0.0008
18.03.2020 08:39:53.112 GMT-0500,119.383,119.177,0.002,0.002
18.03.2020 08:39:53.821 GMT-0500,119.322,119.178,0.0008,0.0008
18.03.2020 08:39:54.072 GMT-0500,119.25200000000001,119.158,0.0008,0.0008
18.03.2020 08:39:54.122 GMT-0500,119.322,119.158,0.0008,0.0008
18.03.2020 08:39:54.233 GMT-0500,119.322,119.118,0.0008,0.0008
18.03.2020 08:39:56.063 GMT-0500,119.323,119.15700000000001,0.0008,0.0008
18.03.2020 08:39:56.114 GMT-0500,119.382,119.158,0.0008,0.0008
18.03.2020 08:39:56.227 GMT-0500,119.383,119.15700000000001,0.002,0.002
18.03.2020 08:39:57.637 GMT-0500,119.363,119.15700000000001,0.0008,0.002
18.03.2020 08:39:58.095 GMT-0500,119.223,119.15700000000001,0.0008,0.0008
18.03.2020 08:39:58.146 GMT-0500,119.253,119.01700000000001,0.002,0.002
18.03.2020 08:39:58.301 GMT-0500,119.272,119.018,0.0008,0.0008
18.03.2020 08:39:58.438 GMT-0500,119.243,119.01700000000001,0.0008,0.002
18.03.2020 08:39:58.538 GMT-0500,119.272,119.018,0.0008,0.0008
18.03.2020 08:39:59.010 GMT-0500,119.19200000000001,119.018,0.0008,0.0008
18.03.2020 08:39:59.060 GMT-0500,119.242,119.018,0.0008,0.0008
18.03.2020 08:39:59.506 GMT-0500,119.243,119.01700000000001,0.002,0.002
18.03.2020 08:40:00.032 GMT-0500,119.19200000000001,119.018,0.0008,0.0008
18.03.2020 08:40:00.083 GMT-0500,119.23200000000001,119.018,0.002,0.002
18.03.2020 08:40:00.906 GMT-0500,119.23200000000001,118.898,0.0008,0.0008
18.03.2020 08:40:01.071 GMT-0500,119.132,118.908,0.0008,0.0008
18.03.2020 08:40:01.121 GMT-0500,119.132,118.898,0.002,0.002
18.03.2020 08:40:01.404 GMT-0500,119.073,118.898,0.0008,0.0008
18.03.2020 08:40:01.454 GMT-0500,119.132,118.768,0.0008,0.0008
18.03.2020 08:40:02.541 GMT-0500,119.133,118.867,0.002,0.0008
18.03.2020 08:40:03.456 GMT-0500,119.132,118.867,0.0008,0.0008
18.03.2020 08:40:03.507 GMT-0500,119.132,118.768,0.002,0.002
18.03.2020 08:40:04.204 GMT-0500,119.132,118.878,0.002,0.0008
18.03.2020 08:40:05.093 GMT-0500,119.12299999999999,118.878,0.0008,0.0008
18.03.2020 08:40:07.056 GMT-0500,119.12200000000001,118.88799999999999,0.0008,0.0008
18.03.2020 08:40:08.503 GMT-0500,119.12200000000001,118.908,0.002,0.0008
18.03.2020 08:40:08.926 GMT-0500,119.113,118.90700000000001,0.0008,0.002
18.03.2020 08:40:09.121 GMT-0500,119.01299999999999,118.908,0.0008,0.0008
18.03.2020 08:40:09.172 GMT-0500,118.893,118.727,0.002,0.002
18.03.2020 08:40:09.432 GMT-0500,118.883,118.727,0.0008,0.0008
18.03.2020 08:40:10.078 GMT-0500,118.89200000000001,118.738,0.002,0.0008
18.03.2020 08:40:10.129 GMT-0500,119.01299999999999,118.757,0.002,0.002
18.03.2020 08:40:11.955 GMT-0500,118.92200000000001,118.758,0.0008,0.0008
18.03.2020 08:40:12.658 GMT-0500,118.882,118.758,0.0008,0.002
18.03.2020 08:40:12.805 GMT-0500,118.883,118.81700000000001,0.0008,0.0008
18.03.2020 08:40:12.856 GMT-0500,119.11200000000001,118.878,0.0008,0.0008
18.03.2020 08:40:13.339 GMT-0500,119.022,118.878,0.0008,0.002
18.03.2020 08:40:13.517 GMT-0500,119.022,118.96799999999999,0.0008,0.0008
18.03.2020 08:40:13.568 GMT-0500,119.12200000000001,118.96799999999999,0.002,0.002
18.03.2020 08:40:13.948 GMT-0500,119.11200000000001,118.878,0.0008,0.0008
18.03.2020 08:40:13.999 GMT-0500,119.12299999999999,118.87700000000001,0.002,0.002
18.03.2020 08:40:14.143 GMT-0500,119.11200000000001,118.878,0.0008,0.0008
18.03.2020 08:40:14.541 GMT-0500,119.12299999999999,118.87700000000001,0.002,0.002
18.03.2020 08:40:14.591 GMT-0500,119.12200000000001,118.96799999999999,0.002,0.002
18.03.2020 08:40:16.425 GMT-0500,119.12299999999999,118.96700000000001,0.002,0.002
18.03.2020 08:40:16.626 GMT-0500,119.12200000000001,118.96700000000001,0.0008,0.0008
18.03.2020 08:40:16.676 GMT-0500,119.12200000000001,118.898,0.002,0.002
18.03.2020 08:40:17.364 GMT-0500,119.12200000000001,118.878,0.0008,0.0008
18.03.2020 08:40:17.938 GMT-0500,119.12299999999999,118.977,0.002,0.0008
18.03.2020 08:40:20.038 GMT-0500,119,118.977,0.0008,0.0008
18.03.2020 08:40:20.088 GMT-0500,119.102,118.908,0.0008,0.0008
18.03.2020 08:40:20.138 GMT-0500,119.03200000000001,118.908,0.0008,0.0008
18.03.2020 08:40:20.307 GMT-0500,119.03200000000001,118.848,0.0008,0.0008
18.03.2020 08:40:20.430 GMT-0500,119.23200000000001,118.948,0.0008,0.0008
18.03.2020 08:40:20.818 GMT-0500,119.143,118.947,0.0008,0.0008
18.03.2020 08:40:20.869 GMT-0500,119.23200000000001,118.93799999999999,0.0008,0.0008
18.03.2020 08:40:21.007 GMT-0500,119.23299999999999,118.93700000000001,0.002,0.002
18.03.2020 08:40:21.107 GMT-0500,119.23299999999999,118.88700000000001,0.002,0.002
18.03.2020 08:40:21.260 GMT-0500,119.113,118.88700000000001,0.0008,0.002
18.03.2020 08:40:21.733 GMT-0500,119.23200000000001,118.88799999999999,0.0008,0.0008
18.03.2020 08:40:21.783 GMT-0500,119.23299999999999,118.897,0.002,0.002
18.03.2020 08:40:21.951 GMT-0500,119.113,118.897,0.002,0.0008
18.03.2020 08:40:22.002 GMT-0500,119.11200000000001,118.88799999999999,0.0008,0.0008
18.03.2020 08:40:23.574 GMT-0500,119.103,118.88799999999999,0.0008,0.0008
18.03.2020 08:40:25.314 GMT-0500,119.09299999999999,118.88700000000001,0.0008,0.002
18.03.2020 08:40:26.521 GMT-0500,119.09200000000001,118.948,0.0008,0.0008
18.03.2020 08:40:26.571 GMT-0500,119.09200000000001,118.88799999999999,0.0008,0.0008
18.03.2020 08:40:26.716 GMT-0500,119.09299999999999,118.95700000000001,0.002,0.0008
18.03.2020 08:40:27.258 GMT-0500,119.09200000000001,118.958,0.0008,0.0008
18.03.2020 08:40:27.703 GMT-0500,118.965,118.95700000000001,0.0008,0.0008
18.03.2020 08:40:27.754 GMT-0500,118.962,118.848,0.002,0.002
18.03.2020 08:40:27.873 GMT-0500,119.08200000000001,118.848,0.0008,0.0008
18.03.2020 08:40:29.049 GMT-0500,119.08200000000001,118.878,0.002,0.0008
18.03.2020 08:40:29.170 GMT-0500,119.072,118.878,0.0008,0.002
18.03.2020 08:40:30.104 GMT-0500,119.11200000000001,118.878,0.0008,0.0008
18.03.2020 08:40:30.271 GMT-0500,119.11200000000001,118.87700000000001,0.0008,0.0008
18.03.2020 08:40:30.371 GMT-0500,119.11200000000001,118.898,0.002,0.002
18.03.2020 08:40:30.422 GMT-0500,119.23200000000001,118.96799999999999,0.0008,0.0008
18.03.2020 08:40:30.691 GMT-0500,119.132,118.96799999999999,0.0008,0.0008
18.03.2020 08:40:31.024 GMT-0500,119.133,118.96700000000001,0.002,0.002
18.03.2020 08:40:31.379 GMT-0500,119.132,118.96799999999999,0.0008,0.0008
18.03.2020 08:40:31.480 GMT-0500,119.132,118.99799999999999,0.0008,0.0008
18.03.2020 08:40:32.598 GMT-0500,119.12299999999999,118.99700000000001,0.0008,0.0008
18.03.2020 08:40:32.699 GMT-0500,119.12299999999999,118.95700000000001,0.002,0.002
18.03.2020 08:40:32.842 GMT-0500,119.133,118.95700000000001,0.002,0.002
18.03.2020 08:40:32.892 GMT-0500,119.132,119.018,0.002,0.002
18.03.2020 08:40:33.006 GMT-0500,119.48200000000001,119.128,0.002,0.002
18.03.2020 08:40:33.206 GMT-0500,119.47200000000001,119.048,0.0008,0.0008
18.03.2020 08:40:33.390 GMT-0500,119.48200000000001,119.148,0.002,0.002
18.03.2020 08:40:33.597 GMT-0500,119.48299999999999,119.04700000000001,0.002,0.002
18.03.2020 08:40:34.811 GMT-0500,119.48200000000001,119.05799999999999,0.0008,0.0008
18.03.2020 08:40:34.912 GMT-0500,119.48200000000001,119.10799999999999,0.0008,0.0008
18.03.2020 08:40:35.216 GMT-0500,119.48200000000001,119.178,0.002,0.0008
18.03.2020 08:40:35.512 GMT-0500,119.48299999999999,119.18700000000001,0.002,0.0008
18.03.2020 08:40:35.798 GMT-0500,119.43299999999999,119.208,0.0008,0.0008
18.03.2020 08:40:35.999 GMT-0500,119.43299999999999,119.227,0.002,0.0008
18.03.2020 08:40:36.101 GMT-0500,119.412,119.228,0.0008,0.0008
18.03.2020 08:40:37.453 GMT-0500,119.412,119.268,0.002,0.0008
18.03.2020 08:40:37.725 GMT-0500,119.412,119.34700000000001,0.0008,0.0008
18.03.2020 08:40:37.775 GMT-0500,119.43299999999999,119.34700000000001,0.002,0.002
18.03.2020 08:40:38.634 GMT-0500,119.64200000000001,119.38799999999999,0.0008,0.0008
18.03.2020 08:40:38.685 GMT-0500,119.64200000000001,119.348,0.0008,0.0008
18.03.2020 08:40:38.741 GMT-0500,119.533,119.348,0.0008,0.0008
18.03.2020 08:40:38.791 GMT-0500,119.64200000000001,119.348,0.0008,0.0008
18.03.2020 08:40:39.053 GMT-0500,119.64200000000001,119.43799999999999,0.002,0.0008
18.03.2020 08:40:40.400 GMT-0500,119.643,119.43799999999999,0.0008,0.0008
18.03.2020 08:40:40.450 GMT-0500,119.742,119.43799999999999,0.0008,0.0008
18.03.2020 08:40:40.653 GMT-0500,119.643,119.43700000000001,0.0008,0.002
18.03.2020 08:40:40.753 GMT-0500,119.743,119.43700000000001,0.002,0.002
18.03.2020 08:40:40.904 GMT-0500,119.743,119.52700000000002,0.002,0.002
18.03.2020 08:40:41.028 GMT-0500,119.743,119.52799999999999,0.0008,0.0008
18.03.2020 08:40:41.079 GMT-0500,119.79200000000002,119.52799999999999,0.002,0.002
18.03.2020 08:40:41.638 GMT-0500,119.883,119.55700000000002,0.002,0.0008
18.03.2020 08:40:41.754 GMT-0500,119.883,119.55799999999999,0.0008,0.0008
18.03.2020 08:40:41.805 GMT-0500,119.94200000000001,119.55799999999999,0.0008,0.0008
18.03.2020 08:40:42.432 GMT-0500,120.03200000000001,119.55799999999999,0.002,0.002
18.03.2020 08:40:42.483 GMT-0500,120.03200000000001,119.618,0.0008,0.0008
18.03.2020 08:40:42.607 GMT-0500,120.11200000000001,119.55799999999999,0.0008,0.0008
18.03.2020 08:40:42.718 GMT-0500,120.113,119.63700000000001,0.002,0.0008
18.03.2020 08:40:43.011 GMT-0500,120.11200000000001,119.658,0.0008,0.0008
18.03.2020 08:40:43.740 GMT-0500,120.11200000000001,119.678,0.002,0.0008
18.03.2020 08:40:43.995 GMT-0500,120.102,119.678,0.0008,0.002
18.03.2020 08:40:44.212 GMT-0500,120.102,119.68799999999999,0.0008,0.0008
18.03.2020 08:40:44.329 GMT-0500,120.11200000000001,119.68799999999999,0.0008,0.0008
18.03.2020 08:40:44.654 GMT-0500,120.113,119.68700000000001,0.002,0.002
18.03.2020 08:40:44.767 GMT-0500,120.113,119.76700000000001,0.0008,0.0008
18.03.2020 08:40:44.818 GMT-0500,120.193,119.76700000000001,0.002,0.002
18.03.2020 08:40:45.001 GMT-0500,120.20299999999999,119.76700000000001,0.002,0.002
18.03.2020 08:40:45.052 GMT-0500,120.19200000000001,119.768,0.0008,0.0008
18.03.2020 08:40:45.248 GMT-0500,120.193,119.76700000000001,0.0008,0.002
18.03.2020 08:40:45.655 GMT-0500,120.163,119.768,0.0008,0.0008
18.03.2020 08:40:45.835 GMT-0500,120.15299999999999,119.76700000000001,0.002,0.002
18.03.2020 08:40:46.314 GMT-0500,120.15200000000002,119.798,0.0008,0.0008
18.03.2020 08:40:46.651 GMT-0500,120.162,119.798,0.002,0.002
18.03.2020 08:40:47.821 GMT-0500,120.162,119.80700000000002,0.0008,0.0008
18.03.2020 08:40:48.735 GMT-0500,120.14200000000001,119.80799999999999,0.0008,0.0008
18.03.2020 08:40:49.968 GMT-0500,120.132,119.80799999999999,0.0008,0.0008
18.03.2020 08:40:50.182 GMT-0500,120.072,119.80799999999999,0.0008,0.002
18.03.2020 08:40:50.346 GMT-0500,120.06200000000001,119.818,0.0008,0.0008
18.03.2020 08:40:51.136 GMT-0500,120.04200000000002,119.818,0.002,0.002
18.03.2020 08:40:51.255 GMT-0500,119.97200000000001,119.818,0.002,0.002
18.03.2020 08:40:51.428 GMT-0500,119.81200000000001,119.598,0.0008,0.0008
18.03.2020 08:40:51.989 GMT-0500,119.98200000000001,119.68799999999999,0.0008,0.0008
18.03.2020 08:40:52.552 GMT-0500,119.98299999999999,119.697,0.002,0.0008
18.03.2020 08:40:52.602 GMT-0500,120.073,119.697,0.002,0.002
18.03.2020 08:40:52.819 GMT-0500,120.06299999999999,119.697,0.0008,0.002
18.03.2020 08:40:53.126 GMT-0500,119.962,119.68799999999999,0.002,0.002
18.03.2020 08:40:53.542 GMT-0500,119.923,119.68799999999999,0.0008,0.0008
18.03.2020 08:40:54.207 GMT-0500,119.923,119.68700000000001,0.0008,0.002
18.03.2020 08:40:54.258 GMT-0500,119.93299999999999,119.68700000000001,0.002,0.002
18.03.2020 08:40:55.231 GMT-0500,119.93299999999999,119.68799999999999,0.0008,0.0008
18.03.2020 08:40:55.282 GMT-0500,119.962,119.68799999999999,0.002,0.002
18.03.2020 08:40:55.517 GMT-0500,119.962,119.77700000000002,0.0008,0.0008
18.03.2020 08:40:55.568 GMT-0500,120.102,119.77799999999999,0.0008,0.0008
18.03.2020 08:40:56.221 GMT-0500,120.103,119.787,0.002,0.0008
18.03.2020 08:40:56.397 GMT-0500,120.102,119.788,0.0008,0.0008
18.03.2020 08:40:57.044 GMT-0500,120.163,119.787,0.002,0.002
18.03.2020 08:40:57.434 GMT-0500,120.163,119.79700000000001,0.002,0.0008
18.03.2020 08:40:58.822 GMT-0500,120.072,119.798,0.0008,0.0008
18.03.2020 08:40:59.054 GMT-0500,120.073,119.79700000000001,0.002,0.002
18.03.2020 08:41:00.029 GMT-0500,120.073,119.848,0.0008,0.0008
18.03.2020 08:41:00.079 GMT-0500,120.162,119.848,0.002,0.002
18.03.2020 08:41:00.735 GMT-0500,120.052,119.848,0.0008,0.002
18.03.2020 08:41:01.063 GMT-0500,120.04299999999999,119.848,0.0008,0.0008
18.03.2020 08:41:01.231 GMT-0500,120.04299999999999,119.84700000000001,0.0008,0.002
18.03.2020 08:41:01.281 GMT-0500,120.162,119.848,0.0008,0.0008
18.03.2020 08:41:02.355 GMT-0500,120.04299999999999,119.84700000000001,0.0008,0.002
18.03.2020 08:41:02.517 GMT-0500,120.03200000000001,119.85799999999999,0.002,0.002
18.03.2020 08:41:02.664 GMT-0500,120.03200000000001,119.95700000000001,0.0008,0.0008
18.03.2020 08:41:02.715 GMT-0500,120.133,119.95700000000001,0.002,0.002
18.03.2020 08:41:02.999 GMT-0500,120.09299999999999,119.95700000000001,0.0008,0.002
18.03.2020 08:41:03.494 GMT-0500,120.03200000000001,119.85799999999999,0.0008,0.0008
18.03.2020 08:41:03.545 GMT-0500,120.083,119.85700000000001,0.002,0.002
18.03.2020 08:41:03.801 GMT-0500,120.083,119.88700000000001,0.002,0.0008
18.03.2020 08:41:04.167 GMT-0500,120.052,119.88799999999999,0.0008,0.0008
18.03.2020 08:41:04.217 GMT-0500,120.052,119.868,0.0008,0.0008
18.03.2020 08:41:04.929 GMT-0500,120.052,119.898,0.002,0.0008
18.03.2020 08:41:05.195 GMT-0500,120.00200000000001,119.898,0.0008,0.002
18.03.2020 08:41:06.354 GMT-0500,120.00200000000001,119.91700000000002,0.0008,0.0008
18.03.2020 08:41:08.517 GMT-0500,120.003,119.91700000000002,0.001,0.0008
18.03.2020 08:41:08.567 GMT-0500,119.89200000000001,119.788,0.0008,0.0008
18.03.2020 08:41:08.668 GMT-0500,120.003,119.787,0.002,0.002
18.03.2020 08:41:11.263 GMT-0500,120.00200000000001,119.818,0.0008,0.0008
18.03.2020 08:41:11.355 GMT-0500,120.003,119.787,0.002,0.002
18.03.2020 08:41:11.455 GMT-0500,119.882,119.52799999999999,0.002,0.002
18.03.2020 08:41:11.585 GMT-0500,119.882,119.66799999999999,0.002,0.0008
18.03.2020 08:41:12.140 GMT-0500,119.883,119.52700000000002,0.002,0.002
18.03.2020 08:41:12.389 GMT-0500,119.882,119.538,0.002,0.002
18.03.2020 08:41:12.728 GMT-0500,119.882,119.52799999999999,0.0008,0.0008
18.03.2020 08:41:12.873 GMT-0500,119.882,119.598,0.0008,0.0008
18.03.2020 08:41:13.868 GMT-0500,119.883,119.59700000000001,0.002,0.002
18.03.2020 08:41:15.624 GMT-0500,119.87200000000001,119.598,0.0008,0.0008
18.03.2020 08:41:16.258 GMT-0500,119.73200000000001,119.598,0.0008,0.0008
18.03.2020 08:41:18.308 GMT-0500,119.713,119.59700000000001,0.0008,0.002
18.03.2020 08:41:19.489 GMT-0500,119.712,119.628,0.0008,0.0008
18.03.2020 08:41:19.539 GMT-0500,119.712,119.598,0.0008,0.0008
18.03.2020 08:41:20.821 GMT-0500,119.65200000000002,119.59,0.0008,0.0008
18.03.2020 08:41:20.871 GMT-0500,119.68299999999999,119.40700000000001,0.002,0.002
18.03.2020 08:41:20.985 GMT-0500,119.68299999999999,119.397,0.002,0.002
18.03.2020 08:41:21.091 GMT-0500,119.61200000000001,119.398,0.0008,0.0008
18.03.2020 08:41:21.141 GMT-0500,119.68299999999999,119.397,0.002,0.002
18.03.2020 08:41:21.191 GMT-0500,119.673,119.397,0.002,0.002
18.03.2020 08:41:23.773 GMT-0500,119.673,119.398,0.0008,0.0008
18.03.2020 08:41:23.823 GMT-0500,119.68200000000002,119.398,0.0008,0.0008
18.03.2020 08:41:23.968 GMT-0500,119.68200000000002,119.41799999999999,0.0008,0.0008
18.03.2020 08:41:24.252 GMT-0500,119.68200000000002,119.41700000000002,0.0008,0.0008
18.03.2020 08:41:24.302 GMT-0500,119.68200000000002,119.398,0.0008,0.0008
18.03.2020 08:41:24.534 GMT-0500,119.602,119.398,0.0008,0.0008
18.03.2020 08:41:25.789 GMT-0500,119.602,119.41799999999999,0.002,0.0008
18.03.2020 08:41:25.840 GMT-0500,119.602,119.398,0.002,0.002
18.03.2020 08:41:26.765 GMT-0500,119.602,119.408,0.0008,0.0008
18.03.2020 08:41:27.331 GMT-0500,119.59299999999999,119.408,0.0008,0.0008
18.03.2020 08:41:27.381 GMT-0500,119.59200000000001,119.398,0.0008,0.0008
18.03.2020 08:41:27.942 GMT-0500,119.603,119.397,0.002,0.002
18.03.2020 08:41:28.193 GMT-0500,119.583,119.397,0.0008,0.002
18.03.2020 08:41:32.891 GMT-0500,119.573,119.397,0.0008,0.002
18.03.2020 08:41:37.105 GMT-0500,119.572,119.40700000000001,0.0008,0.0008
18.03.2020 08:41:37.761 GMT-0500,119.572,119.398,0.002,0.002
18.03.2020 08:41:37.842 GMT-0500,119.572,119.40700000000001,0.0008,0.0008
18.03.2020 08:41:38.502 GMT-0500,119.572,119.49700000000001,0.0008,0.0008
18.03.2020 08:41:38.552 GMT-0500,119.75200000000001,119.488,0.0008,0.0008
18.03.2020 08:41:38.621 GMT-0500,119.76200000000001,119.538,0.002,0.002
18.03.2020 08:41:38.673 GMT-0500,119.802,119.488,0.0008,0.0008
18.03.2020 08:41:38.953 GMT-0500,119.723,119.488,0.0008,0.0008
18.03.2020 08:41:39.224 GMT-0500,119.72200000000001,119.408,0.0008,0.0008
18.03.2020 08:41:42.288 GMT-0500,119.72200000000001,119.508,0.002,0.002
18.03.2020 08:41:42.771 GMT-0500,119.802,119.508,0.002,0.002
18.03.2020 08:41:46.455 GMT-0500,119.803,119.52700000000002,0.002,0.002
18.03.2020 08:41:47.566 GMT-0500,119.803,119.537,0.002,0.0008
18.03.2020 08:41:49.101 GMT-0500,119.882,119.538,0.0008,0.0008
18.03.2020 08:41:49.507 GMT-0500,119.87200000000001,119.538,0.0008,0.002
18.03.2020 08:41:49.663 GMT-0500,119.87200000000001,119.54700000000001,0.0008,0.0008
18.03.2020 08:41:50.097 GMT-0500,119.86200000000001,119.548,0.0008,0.002
18.03.2020 08:41:50.735 GMT-0500,119.853,119.548,0.0008,0.0008
18.03.2020 08:41:50.840 GMT-0500,119.853,119.54700000000001,0.002,0.002
18.03.2020 08:41:52.858 GMT-0500,119.87200000000001,119.648,0.0008,0.0008
18.03.2020 08:41:52.908 GMT-0500,119.882,119.648,0.0008,0.0008
18.03.2020 08:41:52.959 GMT-0500,120.022,119.738,0.002,0.002
18.03.2020 08:41:53.320 GMT-0500,119.943,119.738,0.0008,0.0008
18.03.2020 08:41:53.371 GMT-0500,119.94200000000001,119.648,0.0008,0.0008
18.03.2020 08:41:54.476 GMT-0500,119.943,119.758,0.0008,0.0008
18.03.2020 08:41:54.526 GMT-0500,120.01200000000001,119.758,0.0008,0.0008
18.03.2020 08:41:59.212 GMT-0500,120.01299999999999,119.757,0.002,0.002
18.03.2020 08:41:59.263 GMT-0500,120.01200000000001,119.838,0.002,0.002
18.03.2020 08:41:59.463 GMT-0500,120.12299999999999,119.837,0.002,0.002
18.03.2020 08:41:59.857 GMT-0500,120.12200000000001,119.91799999999999,0.0008,0.0008
18.03.2020 08:42:00.240 GMT-0500,120.052,119.838,0.0008,0.0008
18.03.2020 08:42:00.825 GMT-0500,120.053,119.88700000000001,0.002,0.0008
18.03.2020 08:42:01.130 GMT-0500,120.01200000000001,119.88799999999999,0.0008,0.0008
18.03.2020 08:42:01.181 GMT-0500,120.052,119.88799999999999,0.0008,0.0008
18.03.2020 08:42:04.559 GMT-0500,120.01299999999999,119.88799999999999,0.0008,0.0008
18.03.2020 08:42:04.610 GMT-0500,119.89200000000001,119.658,0.0008,0.0008
18.03.2020 08:42:04.920 GMT-0500,119.89200000000001,119.74799999999999,0.002,0.0008
18.03.2020 08:42:04.970 GMT-0500,119.89200000000001,119.658,0.002,0.002
18.03.2020 08:42:05.246 GMT-0500,119.89200000000001,119.728,0.002,0.0008
18.03.2020 08:42:05.499 GMT-0500,119.73299999999999,119.72,0.0008,0.0008
18.03.2020 08:42:05.550 GMT-0500,119.802,119.52799999999999,0.002,0.002
18.03.2020 08:42:08.687 GMT-0500,119.72200000000001,119.52799999999999,0.0008,0.002
18.03.2020 08:42:11.003 GMT-0500,119.712,119.537,0.0008,0.0008
18.03.2020 08:42:11.104 GMT-0500,119.712,119.55799999999999,0.0008,0.0008
18.03.2020 08:42:11.533 GMT-0500,119.62200000000001,119.408,0.0008,0.0008
18.03.2020 08:42:11.681 GMT-0500,119.56200000000001,119.408,0.0008,0.0008
18.03.2020 08:42:11.732 GMT-0500,119.62299999999999,119.397,0.002,0.002
18.03.2020 08:42:11.782 GMT-0500,119.62200000000001,119.43799999999999,0.002,0.002
18.03.2020 08:42:11.833 GMT-0500,119.62200000000001,119.408,0.0008,0.0008
18.03.2020 08:42:11.953 GMT-0500,119.713,119.40700000000001,0.002,0.002
18.03.2020 08:42:12.003 GMT-0500,119.802,119.518,0.002,0.002
18.03.2020 08:42:14.127 GMT-0500,119.70200000000001,119.518,0.0008,0.0008
18.03.2020 08:42:14.370 GMT-0500,119.70299999999999,119.518,0.0008,0.0008
18.03.2020 08:42:14.421 GMT-0500,119.802,119.518,0.002,0.002
18.03.2020 08:42:16.435 GMT-0500,119.59299999999999,119.518,0.0008,0.0008
18.03.2020 08:42:16.485 GMT-0500,119.67200000000001,119.408,0.002,0.002
18.03.2020 08:42:16.827 GMT-0500,119.572,119.408,0.0008,0.0008
18.03.2020 08:42:16.877 GMT-0500,119.67200000000001,119.398,0.0008,0.0008
18.03.2020 08:42:17.076 GMT-0500,119.59299999999999,119.397,0.0008,0.002
18.03.2020 08:42:17.556 GMT-0500,119.59299999999999,119.41700000000002,0.002,0.0008
18.03.2020 08:42:17.606 GMT-0500,119.67200000000001,119.41799999999999,0.0008,0.0008
18.03.2020 08:42:17.802 GMT-0500,119.59200000000001,119.41799999999999,0.0008,0.002
18.03.2020 08:42:18.940 GMT-0500,119.572,119.41799999999999,0.0008,0.0008
18.03.2020 08:42:18.990 GMT-0500,119.572,119.398,0.002,0.002
18.03.2020 08:42:19.354 GMT-0500,119.572,119.41799999999999,0.0008,0.0008
18.03.2020 08:42:19.405 GMT-0500,119.67200000000001,119.41799999999999,0.0008,0.0008
18.03.2020 08:42:19.533 GMT-0500,119.673,119.41700000000002,0.002,0.002
18.03.2020 08:42:19.891 GMT-0500,119.673,119.56700000000001,0.0008,0.0008
18.03.2020 08:42:19.942 GMT-0500,119.802,119.568,0.0008,0.0008
18.03.2020 08:42:19.992 GMT-0500,119.72200000000001,119.568,0.002,0.002
18.03.2020 08:42:20.099 GMT-0500,119.723,119.41700000000002,0.002,0.002
18.03.2020 08:42:20.545 GMT-0500,119.68299999999999,119.41700000000002,0.0008,0.002
18.03.2020 08:42:21.443 GMT-0500,119.68200000000002,119.41799999999999,0.0008,0.0008
18.03.2020 08:42:21.494 GMT-0500,119.68200000000002,119.398,0.0008,0.0008
18.03.2020 08:42:23.195 GMT-0500,119.602,119.398,0.0008,0.002
18.03.2020 08:42:24.013 GMT-0500,119.602,119.427,0.0008,0.0008
18.03.2020 08:42:24.284 GMT-0500,119.603,119.427,0.002,0.0008
18.03.2020 08:42:24.334 GMT-0500,119.602,119.398,0.0008,0.0008
18.03.2020 08:42:27.318 GMT-0500,119.413,119.398,0.0008,0.0008
18.03.2020 08:42:27.368 GMT-0500,119.50200000000001,119.228,0.002,0.002
18.03.2020 08:42:27.726 GMT-0500,119.602,119.228,0.002,0.002
18.03.2020 08:42:27.853 GMT-0500,119.59299999999999,119.227,0.002,0.002
18.03.2020 08:42:27.993 GMT-0500,119.603,119.227,0.002,0.002
18.03.2020 08:42:34.721 GMT-0500,119.602,119.24799999999999,0.0008,0.0008
18.03.2020 08:42:35.182 GMT-0500,119.603,119.24700000000001,0.0008,0.002
18.03.2020 08:42:35.233 GMT-0500,119.62200000000001,119.24799999999999,0.0008,0.0008
18.03.2020 08:42:38.319 GMT-0500,119.62299999999999,119.24700000000001,0.002,0.0008
18.03.2020 08:42:38.370 GMT-0500,119.62200000000001,119.228,0.0008,0.0008
18.03.2020 08:42:39.919 GMT-0500,119.56299999999999,119.227,0.0008,0.002
18.03.2020 08:42:40.361 GMT-0500,119.56200000000001,119.228,0.0008,0.0008
18.03.2020 08:42:40.412 GMT-0500,119.62200000000001,119.228,0.0008,0.0008
18.03.2020 08:42:41.950 GMT-0500,119.62200000000001,119.258,0.0008,0.0008
18.03.2020 08:42:42.918 GMT-0500,119.553,119.257,0.002,0.002
18.03.2020 08:42:43.476 GMT-0500,119.553,119.287,0.002,0.0008
18.03.2020 08:42:43.527 GMT-0500,119.552,119.258,0.0008,0.0008
18.03.2020 08:42:46.080 GMT-0500,119.62200000000001,119.258,0.002,0.002
18.03.2020 08:42:46.289 GMT-0500,119.62200000000001,119.38700000000001,0.0008,0.0008
18.03.2020 08:42:46.390 GMT-0500,119.62200000000001,119.408,0.0008,0.0008
18.03.2020 08:42:46.617 GMT-0500,119.62299999999999,119.40700000000001,0.002,0.002
18.03.2020 08:42:46.776 GMT-0500,119.572,119.408,0.0008,0.0008
18.03.2020 08:42:46.938 GMT-0500,119.573,119.40700000000001,0.002,0.002
18.03.2020 08:42:47.185 GMT-0500,119.572,119.40700000000001,0.0008,0.0008
18.03.2020 08:42:47.235 GMT-0500,119.572,119.38799999999999,0.002,0.002
18.03.2020 08:42:47.689 GMT-0500,119.572,119.30799999999999,0.0008,0.0008
18.03.2020 08:42:48.309 GMT-0500,119.492,119.30700000000002,0.0008,0.0008
18.03.2020 08:42:48.360 GMT-0500,119.492,119.258,0.002,0.002
18.03.2020 08:42:51.445 GMT-0500,119.492,119.318,0.002,0.0008
18.03.2020 08:42:51.495 GMT-0500,119.573,119.31700000000001,0.002,0.002
18.03.2020 08:42:53.251 GMT-0500,119.573,119.337,0.002,0.0008
18.03.2020 08:42:54.563 GMT-0500,119.573,119.38700000000001,0.002,0.0008
18.03.2020 08:42:54.668 GMT-0500,119.572,119.338,0.0008,0.0008
18.03.2020 08:42:54.927 GMT-0500,119.572,119.35700000000001,0.0008,0.0008
18.03.2020 08:42:55.461 GMT-0500,119.573,119.41700000000002,0.0008,0.0008
18.03.2020 08:42:55.511 GMT-0500,119.62200000000001,119.428,0.0008,0.0008
18.03.2020 08:42:55.781 GMT-0500,119.62200000000001,119.57700000000001,0.0008,0.0008
18.03.2020 08:42:55.831 GMT-0500,119.72200000000001,119.538,0.0008,0.0008
18.03.2020 08:42:56.690 GMT-0500,119.67200000000001,119.398,0.002,0.002
18.03.2020 08:42:57.375 GMT-0500,119.67200000000001,119.55700000000002,0.0008,0.0008
18.03.2020 08:42:57.425 GMT-0500,119.72200000000001,119.55799999999999,0.0008,0.0008
18.03.2020 08:42:58.111 GMT-0500,119.72200000000001,119.49799999999999,0.0008,0.0008
18.03.2020 08:42:58.520 GMT-0500,119.663,119.49700000000001,0.0008,0.002
18.03.2020 08:42:58.966 GMT-0500,119.723,119.49700000000001,0.002,0.002
18.03.2020 08:42:59.698 GMT-0500,119.723,119.55700000000002,0.002,0.0008
18.03.2020 08:42:59.963 GMT-0500,119.663,119.55700000000002,0.0008,0.002
18.03.2020 08:43:00.650 GMT-0500,119.663,119.55799999999999,0.0008,0.0008
18.03.2020 08:43:00.701 GMT-0500,119.72200000000001,119.55799999999999,0.002,0.002
18.03.2020 08:43:01.172 GMT-0500,119.643,119.55799999999999,0.0008,0.0008
18.03.2020 08:43:01.225 GMT-0500,119.65200000000002,119.35799999999999,0.0008,0.0008
18.03.2020 08:43:01.429 GMT-0500,119.65200000000002,119.408,0.0008,0.0008
18.03.2020 08:43:01.733 GMT-0500,119.65200000000002,119.41799999999999,0.002,0.0008
18.03.2020 08:43:03.230 GMT-0500,119.65200000000002,119.43799999999999,0.002,0.0008
18.03.2020 08:43:03.729 GMT-0500,119.65200000000002,119.41799999999999,0.002,0.002
18.03.2020 08:43:03.820 GMT-0500,119.523,119.41700000000002,0.002,0.002
18.03.2020 08:43:03.871 GMT-0500,119.65200000000002,119.41799999999999,0.0008,0.0008
18.03.2020 08:43:04.172 GMT-0500,119.65200000000002,119.46799999999999,0.0008,0.0008
18.03.2020 08:43:04.223 GMT-0500,119.65299999999999,119.41700000000002,0.002,0.002
18.03.2020 08:43:05.735 GMT-0500,119.65299999999999,119.41799999999999,0.0008,0.0008
18.03.2020 08:43:09.911 GMT-0500,119.61200000000001,119.41799999999999,0.0008,0.002
18.03.2020 08:43:10.293 GMT-0500,119.61200000000001,119.43799999999999,0.0008,0.0008
18.03.2020 08:43:10.906 GMT-0500,119.613,119.43700000000001,0.0008,0.002
18.03.2020 08:43:10.957 GMT-0500,119.68200000000002,119.43799999999999,0.0008,0.0008
18.03.2020 08:43:12.610 GMT-0500,119.68200000000002,119.518,0.0008,0.0008
18.03.2020 08:43:12.711 GMT-0500,119.72200000000001,119.598,0.002,0.002
18.03.2020 08:43:12.761 GMT-0500,119.84200000000001,119.598,0.0008,0.002
18.03.2020 08:43:12.812 GMT-0500,119.92200000000001,119.598,0.0008,0.0008
18.03.2020 08:43:16.715 GMT-0500,119.95200000000001,119.598,0.002,0.002
18.03.2020 08:43:18.252 GMT-0500,119.95200000000001,119.678,0.0008,0.0008
18.03.2020 08:43:19.398 GMT-0500,119.95200000000001,119.68700000000001,0.0008,0.0008
18.03.2020 08:43:19.795 GMT-0500,119.95200000000001,119.758,0.002,0.0008
18.03.2020 08:43:20.925 GMT-0500,119.93200000000002,119.758,0.0008,0.0008
18.03.2020 08:43:21.389 GMT-0500,119.93299999999999,119.757,0.002,0.0008
18.03.2020 08:43:21.439 GMT-0500,119.93299999999999,119.68700000000001,0.002,0.002
18.03.2020 08:43:22.321 GMT-0500,119.93299999999999,119.757,0.002,0.0008
18.03.2020 08:43:24.165 GMT-0500,119.93200000000002,119.768,0.0008,0.0008
18.03.2020 08:43:24.591 GMT-0500,119.95200000000001,119.85799999999999,0.002,0.002
18.03.2020 08:43:24.642 GMT-0500,120.052,119.85799999999999,0.0008,0.0008
18.03.2020 08:43:24.743 GMT-0500,120.052,119.948,0.002,0.002
18.03.2020 08:43:25.004 GMT-0500,120.12200000000001,119.958,0.0008,0.0008
18.03.2020 08:43:25.308 GMT-0500,120.163,119.99700000000001,0.002,0.002
18.03.2020 08:43:25.962 GMT-0500,120.26200000000001,119.99799999999999,0.0008,0.0008
18.03.2020 08:43:28.344 GMT-0500,120.18299999999999,119.99799999999999,0.0008,0.0008
18.03.2020 08:43:28.775 GMT-0500,120.26200000000001,119.99799999999999,0.0008,0.0008
18.03.2020 08:43:29.924 GMT-0500,120.18299999999999,119.99799999999999,0.0008,0.0008
18.03.2020 08:43:30.101 GMT-0500,120.14200000000001,119.99799999999999,0.0008,0.002
18.03.2020 08:43:30.151 GMT-0500,120.18200000000002,119.99799999999999,0.0008,0.0008
18.03.2020 08:43:30.746 GMT-0500,120.18299999999999,119.99700000000001,0.0008,0.002
18.03.2020 08:43:31.523 GMT-0500,120.102,119.99700000000001,0.0008,0.0008
18.03.2020 08:43:31.574 GMT-0500,120.03200000000001,119.768,0.002,0.002
18.03.2020 08:43:31.624 GMT-0500,120.04299999999999,119.85700000000001,0.002,0.002
18.03.2020 08:43:31.738 GMT-0500,120.04200000000002,119.768,0.0008,0.0008
18.03.2020 08:43:31.925 GMT-0500,120.04200000000002,119.85799999999999,0.0008,0.0008
18.03.2020 08:43:32.026 GMT-0500,119.963,119.76700000000001,0.002,0.002
18.03.2020 08:43:32.220 GMT-0500,119.95200000000001,119.768,0.0008,0.0008
18.03.2020 08:43:32.392 GMT-0500,120.04200000000002,119.768,0.0008,0.0008
18.03.2020 08:43:32.529 GMT-0500,120.04200000000002,119.85799999999999,0.002,0.0008
18.03.2020 08:43:32.580 GMT-0500,120.04200000000002,119.768,0.002,0.002
18.03.2020 08:43:32.863 GMT-0500,120.04200000000002,119.85799999999999,0.002,0.0008
18.03.2020 08:43:33.458 GMT-0500,119.962,119.85799999999999,0.0008,0.0008
18.03.2020 08:43:33.508 GMT-0500,119.95200000000001,119.768,0.0008,0.0008
18.03.2020 08:43:33.558 GMT-0500,119.92200000000001,119.768,0.0008,0.0008
18.03.2020 08:43:33.659 GMT-0500,119.93200000000002,119.768,0.0008,0.0008
18.03.2020 08:43:33.943 GMT-0500,119.912,119.76700000000001,0.0008,0.0008
18.03.2020 08:43:33.993 GMT-0500,119.912,119.678,0.0008,0.0008
18.03.2020 08:43:34.044 GMT-0500,119.93299999999999,119.677,0.002,0.002
18.03.2020 08:43:37.408 GMT-0500,119.93200000000002,119.677,0.0008,0.0008
18.03.2020 08:43:37.458 GMT-0500,119.75200000000001,119.55799999999999,0.0008,0.0008
18.03.2020 08:43:37.583 GMT-0500,119.75200000000001,119.478,0.0008,0.0008
18.03.2020 08:43:38.456 GMT-0500,119.84299999999999,119.477,0.002,0.002
18.03.2020 08:43:39.203 GMT-0500,119.742,119.478,0.0008,0.0008
18.03.2020 08:43:42.586 GMT-0500,119.742,119.38799999999999,0.0008,0.0008
18.03.2020 08:43:43.890 GMT-0500,119.742,119.398,0.002,0.0008
18.03.2020 08:43:43.991 GMT-0500,119.743,119.38700000000001,0.002,0.002
18.03.2020 08:43:44.224 GMT-0500,119.742,119.518,0.0008,0.0008
18.03.2020 08:43:45.607 GMT-0500,119.742,119.52700000000002,0.0008,0.0008
18.03.2020 08:43:45.966 GMT-0500,119.743,119.52799999999999,0.0008,0.0008
18.03.2020 08:43:46.016 GMT-0500,119.84200000000001,119.52799999999999,0.0008,0.0008
18.03.2020 08:43:48.873 GMT-0500,119.742,119.52799999999999,0.0008,0.0008
18.03.2020 08:43:49.345 GMT-0500,119.73299999999999,119.52700000000002,0.002,0.002
18.03.2020 08:43:50.743 GMT-0500,119.73200000000001,119.52700000000002,0.0008,0.0008
18.03.2020 08:43:50.793 GMT-0500,119.73200000000001,119.518,0.002,0.002
18.03.2020 08:43:58.023 GMT-0500,119.73200000000001,119.538,0.002,0.0008
18.03.2020 08:44:01.026 GMT-0500,119.73200000000001,119.54700000000001,0.0008,0.0008
18.03.2020 08:44:02.076 GMT-0500,119.73200000000001,119.538,0.0008,0.0008
18.03.2020 08:44:02.373 GMT-0500,119.73200000000001,119.55700000000002,0.0008,0.0008
18.03.2020 08:44:02.503 GMT-0500,119.73299999999999,119.55700000000002,0.002,0.002
18.03.2020 08:44:04.896 GMT-0500,119.712,119.55799999999999,0.0008,0.0008
18.03.2020 08:44:04.997 GMT-0500,119.712,119.518,0.002,0.002
18.03.2020 08:44:05.047 GMT-0500,119.73299999999999,119.57700000000001,0.002,0.002
18.03.2020 08:44:05.284 GMT-0500,119.70200000000001,119.518,0.0008,0.0008
18.03.2020 08:44:06.017 GMT-0500,119.68299999999999,119.518,0.0008,0.0008
18.03.2020 08:44:06.168 GMT-0500,119.67200000000001,119.518,0.0008,0.0008
18.03.2020 08:44:06.304 GMT-0500,119.67200000000001,119.57799999999999,0.0008,0.0008
18.03.2020 08:44:06.672 GMT-0500,119.663,119.57700000000001,0.002,0.002
18.03.2020 08:44:06.833 GMT-0500,119.73200000000001,119.60799999999999,0.0008,0.0008
18.03.2020 08:44:07.246 GMT-0500,119.73200000000001,119.628,0.002,0.0008
18.03.2020 08:44:08.623 GMT-0500,119.723,119.628,0.0008,0.0008
18.03.2020 08:44:09.313 GMT-0500,119.723,119.62700000000001,0.0008,0.001
18.03.2020 08:44:09.363 GMT-0500,119.93299999999999,119.62700000000001,0.002,0.002
18.03.2020 08:44:09.671 GMT-0500,119.93200000000002,119.62700000000001,0.0008,0.0008
18.03.2020 08:44:12.633 GMT-0500,119.93200000000002,119.60799999999999,0.0008,0.002
18.03.2020 08:44:12.684 GMT-0500,120.04200000000002,119.60799999999999,0.0008,0.0008
18.03.2020 08:44:13.911 GMT-0500,119.963,119.60799999999999,0.0008,0.0008
18.03.2020 08:44:14.012 GMT-0500,119.90200000000002,119.60799999999999,0.002,0.002
18.03.2020 08:44:14.529 GMT-0500,119.89200000000001,119.60799999999999,0.0008,0.002
18.03.2020 08:44:14.671 GMT-0500,119.89200000000001,119.63799999999999,0.0008,0.0008
18.03.2020 08:44:14.772 GMT-0500,119.912,119.63799999999999,0.002,0.002
18.03.2020 08:44:16.447 GMT-0500,119.90200000000002,119.63799999999999,0.0008,0.0008
18.03.2020 08:44:16.674 GMT-0500,119.90299999999999,119.63700000000001,0.002,0.002
18.03.2020 08:44:17.265 GMT-0500,119.893,119.63700000000001,0.0008,0.002
18.03.2020 08:44:17.366 GMT-0500,119.89200000000001,119.63799999999999,0.002,0.002
18.03.2020 08:44:17.464 GMT-0500,119.90200000000002,119.63799999999999,0.0008,0.0008
18.03.2020 08:44:18.065 GMT-0500,119.90200000000002,119.65700000000001,0.0008,0.0008
18.03.2020 08:44:18.721 GMT-0500,119.89200000000001,119.658,0.0008,0.0008
18.03.2020 08:44:19.796 GMT-0500,119.89200000000001,119.68799999999999,0.002,0.002
18.03.2020 08:44:22.309 GMT-0500,119.853,119.68799999999999,0.0008,0.0008
18.03.2020 08:44:22.410 GMT-0500,119.84200000000001,119.68799999999999,0.0008,0.0008
18.03.2020 08:44:22.611 GMT-0500,119.84299999999999,119.68700000000001,0.0008,0.002
18.03.2020 08:44:22.661 GMT-0500,120.04200000000002,119.848,0.002,0.002
18.03.2020 08:44:26.982 GMT-0500,120.06299999999999,119.84700000000001,0.002,0.002
18.03.2020 08:44:27.797 GMT-0500,120.06299999999999,119.91799999999999,0.0008,0.0008
18.03.2020 08:44:27.847 GMT-0500,120.132,119.91799999999999,0.0008,0.0008
18.03.2020 08:44:28.245 GMT-0500,120.06299999999999,119.91700000000002,0.0008,0.002
18.03.2020 08:44:28.854 GMT-0500,120.06200000000001,119.91799999999999,0.002,0.002
18.03.2020 08:44:29.035 GMT-0500,119.993,119.867,0.002,0.002
18.03.2020 08:44:29.489 GMT-0500,120.052,119.868,0.0008,0.0008
18.03.2020 08:44:30.069 GMT-0500,119.993,119.868,0.0008,0.0008
18.03.2020 08:44:30.119 GMT-0500,119.992,119.85799999999999,0.0008,0.0008
18.03.2020 08:44:30.232 GMT-0500,119.962,119.85799999999999,0.0008,0.0008
18.03.2020 08:44:30.282 GMT-0500,119.90200000000002,119.758,0.0008,0.0008
18.03.2020 08:44:30.586 GMT-0500,119.90299999999999,119.757,0.002,0.002
18.03.2020 08:44:30.815 GMT-0500,119.963,119.757,0.002,0.002
18.03.2020 08:44:32.389 GMT-0500,119.93200000000002,119.758,0.0008,0.0008
18.03.2020 08:44:32.851 GMT-0500,119.93299999999999,119.757,0.002,0.002
18.03.2020 08:44:33.325 GMT-0500,119.93200000000002,119.89200000000001,0.0008,0.0008
18.03.2020 08:44:33.375 GMT-0500,119.962,119.91799999999999,0.0008,0.0008
18.03.2020 08:44:34.114 GMT-0500,120.162,119.928,0.0008,0.002
18.03.2020 08:44:38.553 GMT-0500,120.23299999999999,119.927,0.002,0.002
18.03.2020 08:44:39.091 GMT-0500,120.23299999999999,120.037,0.0008,0.0008
18.03.2020 08:44:39.142 GMT-0500,120.28200000000001,120.038,0.0008,0.0008
18.03.2020 08:44:40.045 GMT-0500,120.17200000000001,119.928,0.0008,0.0008
18.03.2020 08:44:40.519 GMT-0500,120.173,119.927,0.0008,0.002
18.03.2020 08:44:40.647 GMT-0500,120.193,120.048,0.0008,0.0008
18.03.2020 08:44:41.150 GMT-0500,120.17200000000001,120.04700000000001,0.0008,0.0008
18.03.2020 08:44:41.200 GMT-0500,120.17200000000001,119.928,0.002,0.002
18.03.2020 08:44:41.251 GMT-0500,120.193,119.927,0.002,0.002
18.03.2020 08:44:42.078 GMT-0500,120.17200000000001,119.928,0.0008,0.0008
18.03.2020 08:44:43.893 GMT-0500,120.17200000000001,120.04700000000001,0.0008,0.0008
18.03.2020 08:44:43.944 GMT-0500,120.18299999999999,120.04700000000001,0.002,0.002
18.03.2020 08:44:44.574 GMT-0500,120.18200000000002,120.048,0.0008,0.0008
18.03.2020 08:44:44.800 GMT-0500,120.17200000000001,120.048,0.0008,0.0008
18.03.2020 08:44:44.901 GMT-0500,120.18299999999999,120.04700000000001,0.002,0.002
18.03.2020 08:44:45.175 GMT-0500,120.18299999999999,120.118,0.0008,0.0008
18.03.2020 08:44:45.226 GMT-0500,120.412,120.118,0.0008,0.0008
18.03.2020 08:44:46.100 GMT-0500,120.412,120.158,0.0008,0.0008
18.03.2020 08:44:46.286 GMT-0500,120.602,120.288,0.0008,0.0008
18.03.2020 08:44:46.336 GMT-0500,120.45200000000001,120.18799999999999,0.0008,0.0008
18.03.2020 08:44:46.458 GMT-0500,120.53200000000001,120.288,0.002,0.002
18.03.2020 08:44:46.709 GMT-0500,120.53200000000001,120.35700000000001,0.0008,0.0008
18.03.2020 08:44:47.411 GMT-0500,120.533,120.378,0.0008,0.0008
18.03.2020 08:44:47.461 GMT-0500,120.75200000000001,120.378,0.0008,0.0008
18.03.2020 08:44:47.591 GMT-0500,120.75200000000001,120.477,0.0008,0.0008
18.03.2020 08:44:47.710 GMT-0500,120.75200000000001,120.478,0.002,0.002
18.03.2020 08:44:48.137 GMT-0500,120.68200000000002,120.478,0.0008,0.0008
18.03.2020 08:44:49.058 GMT-0500,120.68200000000002,120.488,0.002,0.0008
18.03.2020 08:44:52.456 GMT-0500,120.505,120.488,0.0008,0.0008
18.03.2020 08:44:52.506 GMT-0500,120.492,120.35799999999999,0.0008,0.0008
18.03.2020 08:44:52.656 GMT-0500,120.34299999999999,120.18700000000001,0.0008,0.002
18.03.2020 08:44:52.829 GMT-0500,120.34200000000001,120.158,0.002,0.002
18.03.2020 08:44:53.253 GMT-0500,120.34200000000001,120.148,0.0008,0.0008
18.03.2020 08:44:54.648 GMT-0500,120.34299999999999,120.18700000000001,0.002,0.0008
18.03.2020 08:44:55.310 GMT-0500,120.34200000000001,120.18700000000001,0.0008,0.0008
18.03.2020 08:44:55.360 GMT-0500,120.34200000000001,120.148,0.002,0.002
18.03.2020 08:44:55.660 GMT-0500,120.34200000000001,120.18799999999999,0.002,0.0008
18.03.2020 08:44:56.389 GMT-0500,120.37299999999999,120.18700000000001,0.002,0.002
18.03.2020 08:44:57.168 GMT-0500,120.33200000000001,120.178,0.0008,0.0008
18.03.2020 08:44:58.966 GMT-0500,120.333,120.177,0.002,0.002
18.03.2020 08:44:59.016 GMT-0500,120.18299999999999,119.93700000000001,0.002,0.002
18.03.2020 08:44:59.167 GMT-0500,120.09299999999999,119.93700000000001,0.0008,0.0008
18.03.2020 08:44:59.218 GMT-0500,120.09200000000001,119.838,0.0008,0.0008
18.03.2020 08:44:59.558 GMT-0500,120.09200000000001,119.758,0.0008,0.0008
18.03.2020 08:45:00.474 GMT-0500,120.18200000000002,119.758,0.002,0.002
18.03.2020 08:45:01.111 GMT-0500,120.083,119.758,0.0008,0.0008
18.03.2020 08:45:02.012 GMT-0500,120.08200000000001,119.82700000000001,0.0008,0.0008
18.03.2020 08:45:03.452 GMT-0500,120.06299999999999,119.82700000000001,0.0008,0.002
18.03.2020 08:45:08.454 GMT-0500,120.06299999999999,119.897,0.002,0.0008
18.03.2020 08:45:08.620 GMT-0500,120.102,119.91799999999999,0.0008,0.0008
18.03.2020 08:45:09.786 GMT-0500,120.103,120.007,0.002,0.0008
18.03.2020 08:45:09.906 GMT-0500,120.103,120.008,0.0008,0.0008
18.03.2020 08:45:09.957 GMT-0500,120.26200000000001,120.008,0.002,0.002
18.03.2020 08:45:10.336 GMT-0500,120.33200000000001,120.008,0.0008,0.0008
18.03.2020 08:45:11.485 GMT-0500,120.212,120.008,0.0008,0.002
18.03.2020 08:45:12.134 GMT-0500,120.213,120.007,0.002,0.0008
18.03.2020 08:45:12.186 GMT-0500,120.212,119.91799999999999,0.0008,0.0008
18.03.2020 08:45:13.774 GMT-0500,120.212,120.038,0.0008,0.0008
18.03.2020 08:45:14.361 GMT-0500,120.423,120.12700000000001,0.002,0.002
18.03.2020 08:45:14.412 GMT-0500,120.413,120.197,0.002,0.002
18.03.2020 08:45:14.462 GMT-0500,120.412,120.128,0.002,0.002
18.03.2020 08:45:16.448 GMT-0500,120.322,120.128,0.0008,0.002
18.03.2020 08:45:17.295 GMT-0500,120.23200000000001,120.128,0.0008,0.0008
18.03.2020 08:45:17.346 GMT-0500,120.223,119.98700000000001,0.002,0.002
18.03.2020 08:45:17.449 GMT-0500,120.15299999999999,119.91700000000002,0.002,0.002
18.03.2020 08:45:17.634 GMT-0500,120.072,119.91700000000002,0.0008,0.0008
18.03.2020 08:45:17.684 GMT-0500,120.072,119.898,0.0008,0.0008
18.03.2020 08:45:18.282 GMT-0500,120.072,119.93799999999999,0.002,0.0008
18.03.2020 08:45:18.652 GMT-0500,120.072,119.898,0.002,0.002
18.03.2020 08:45:19.024 GMT-0500,120.00200000000001,119.898,0.0008,0.0008
18.03.2020 08:45:19.091 GMT-0500,120.072,119.898,0.0008,0.0008
18.03.2020 08:45:19.516 GMT-0500,120.073,119.897,0.0008,0.002
18.03.2020 08:45:19.567 GMT-0500,120.15299999999999,119.897,0.002,0.002
18.03.2020 08:45:20.074 GMT-0500,120.15299999999999,119.978,0.0008,0.0008
18.03.2020 08:45:20.124 GMT-0500,120.22200000000001,119.948,0.0008,0.0008
18.03.2020 08:45:21.357 GMT-0500,120.22200000000001,119.898,0.0008,0.0008
18.03.2020 08:45:24.692 GMT-0500,120.213,119.898,0.0008,0.0008
18.03.2020 08:45:26.691 GMT-0500,120.15200000000002,119.898,0.0008,0.002
18.03.2020 08:45:27.117 GMT-0500,120.133,119.898,0.0008,0.0008
18.03.2020 08:45:29.331 GMT-0500,120.12200000000001,119.898,0.0008,0.0008
18.03.2020 08:45:29.382 GMT-0500,120.23200000000001,119.948,0.0008,0.0008
18.03.2020 08:45:29.432 GMT-0500,120.23200000000001,120.018,0.002,0.002
18.03.2020 08:45:30.188 GMT-0500,120.22200000000001,120.018,0.0008,0.002
18.03.2020 08:45:30.238 GMT-0500,120.15299999999999,119.897,0.002,0.002
18.03.2020 08:45:30.474 GMT-0500,120.15200000000002,119.93799999999999,0.0008,0.0008
18.03.2020 08:45:31.353 GMT-0500,120.15200000000002,119.947,0.0008,0.0008
18.03.2020 08:45:31.454 GMT-0500,120.22200000000001,119.948,0.002,0.002
18.03.2020 08:45:32.932 GMT-0500,120.18200000000002,119.948,0.002,0.002
18.03.2020 08:45:33.225 GMT-0500,120.14200000000001,119.948,0.0008,0.002
18.03.2020 08:45:34.431 GMT-0500,120.14200000000001,119.947,0.0008,0.0008
18.03.2020 08:45:34.481 GMT-0500,120.14200000000001,119.93799999999999,0.0008,0.0008
18.03.2020 08:45:35.034 GMT-0500,120.133,119.93700000000001,0.0008,0.002
18.03.2020 08:45:37.025 GMT-0500,120.132,119.93799999999999,0.0008,0.0008
18.03.2020 08:45:37.220 GMT-0500,120.12200000000001,119.93799999999999,0.002,0.002
18.03.2020 08:45:39.847 GMT-0500,120.11200000000001,119.93799999999999,0.0008,0.002
18.03.2020 08:45:40.450 GMT-0500,119.992,119.898,0.0008,0.0008
18.03.2020 08:45:40.501 GMT-0500,120.022,119.898,0.0008,0.0008
18.03.2020 08:45:40.897 GMT-0500,119.98200000000001,119.898,0.0008,0.0008
18.03.2020 08:45:40.947 GMT-0500,120.022,119.898,0.0008,0.0008
18.03.2020 08:45:40.998 GMT-0500,119.93200000000002,119.678,0.0008,0.0008
18.03.2020 08:45:41.048 GMT-0500,119.93200000000002,119.758,0.002,0.002
18.03.2020 08:45:41.262 GMT-0500,119.93299999999999,119.757,0.002,0.002
18.03.2020 08:45:45.061 GMT-0500,119.923,119.757,0.0008,0.002
18.03.2020 08:45:47.071 GMT-0500,119.92200000000001,119.758,0.0008,0.0008
18.03.2020 08:45:47.121 GMT-0500,119.923,119.677,0.002,0.002
18.03.2020 08:45:48.806 GMT-0500,119.923,119.76700000000001,0.002,0.0008
18.03.2020 08:45:48.931 GMT-0500,119.92200000000001,119.678,0.0008,0.0008
18.03.2020 08:45:49.275 GMT-0500,119.86200000000001,119.678,0.0008,0.0008
18.03.2020 08:45:49.403 GMT-0500,119.923,119.677,0.002,0.002
18.03.2020 08:45:49.479 GMT-0500,119.92200000000001,119.768,0.0008,0.0008
18.03.2020 08:45:49.580 GMT-0500,119.87200000000001,119.678,0.0008,0.0008
18.03.2020 08:45:49.653 GMT-0500,119.863,119.677,0.0008,0.002
18.03.2020 08:45:50.244 GMT-0500,120.022,119.868,0.0008,0.0008
18.03.2020 08:45:50.294 GMT-0500,119.95200000000001,119.768,0.0008,0.0008
18.03.2020 08:45:50.710 GMT-0500,119.95299999999999,119.768,0.0008,0.0008
18.03.2020 08:45:51.979 GMT-0500,119.912,119.768,0.0008,0.002
18.03.2020 08:45:52.505 GMT-0500,119.913,119.76700000000001,0.0008,0.002
18.03.2020 08:45:52.555 GMT-0500,120.022,119.768,0.0008,0.0008
18.03.2020 08:45:54.676 GMT-0500,120.022,119.848,0.002,0.0008
18.03.2020 08:45:54.726 GMT-0500,120.022,119.768,0.0008,0.0008
