Local time,Ask,Bid,AskVolume,BidVolume
20.03.2020 08:30:01.906 GMT-0500,11.353,10.997,0.002,0.002
20.03.2020 08:30:02.658 GMT-0500,11.203,11.058,0.0008,0.0008
20.03.2020 08:30:04.483 GMT-0500,11.182,11.057,0.0008,0.002
20.03.2020 08:30:04.585 GMT-0500,11.202,11.058,0.0008,0.0008
20.03.2020 08:30:04.790 GMT-0500,11.392999999999999,11.067,0.0008,0.0008
20.03.2020 08:30:04.841 GMT-0500,11.402000000000001,11.058,0.002,0.002
20.03.2020 08:30:05.074 GMT-0500,11.403,11.057,0.002,0.002
20.03.2020 08:30:05.549 GMT-0500,11.222999999999999,11.057,0.0008,0.002
20.03.2020 08:30:05.600 GMT-0500,11.402000000000001,11.008,0.0008,0.0008
20.03.2020 08:30:05.911 GMT-0500,11.403,10.997,0.002,0.002
20.03.2020 08:30:06.097 GMT-0500,11.402000000000001,10.997,0.0008,0.002
20.03.2020 08:30:06.198 GMT-0500,11.402000000000001,10.998,0.002,0.002
20.03.2020 08:30:06.289 GMT-0500,11.133,10.998,0.0008,0.002
20.03.2020 08:30:06.340 GMT-0500,11.403,10.997,0.002,0.002
20.03.2020 08:30:06.617 GMT-0500,11.402000000000001,10.997,0.0008,0.002
20.03.2020 08:30:06.717 GMT-0500,11.402000000000001,10.997,0.0008,0.002
20.03.2020 08:30:07.059 GMT-0500,11.222000000000001,10.997,0.0008,0.002
20.03.2020 08:30:07.109 GMT-0500,11.402000000000001,10.998,0.0008,0.0008
20.03.2020 08:30:07.544 GMT-0500,11.202,10.998,0.0008,0.002
20.03.2020 08:30:11.452 GMT-0500,11.192,11.017999999999999,0.0008,0.002
20.03.2020 08:30:11.785 GMT-0500,11.193,11.027000000000001,0.0008,0.0008
20.03.2020 08:30:11.836 GMT-0500,11.202,11.017999999999999,0.002,0.002
20.03.2020 08:30:15.344 GMT-0500,11.192,11.028,0.002,0.002
20.03.2020 08:30:15.477 GMT-0500,11.202,11.017000000000001,0.0008,0.002
20.03.2020 08:30:17.051 GMT-0500,11.492,11.027000000000001,0.0008,0.002
20.03.2020 08:30:17.378 GMT-0500,11.502,11.017999999999999,0.0008,0.0008
20.03.2020 08:30:17.525 GMT-0500,11.222000000000001,11.017999999999999,0.0008,0.002
20.03.2020 08:30:20.686 GMT-0500,11.212000000000002,11.017999999999999,0.0008,0.002
20.03.2020 08:30:21.068 GMT-0500,11.222000000000001,11.017999999999999,0.0008,0.0008
20.03.2020 08:30:25.141 GMT-0500,11.212000000000002,11.017999999999999,0.0008,0.002
20.03.2020 08:30:25.611 GMT-0500,11.222999999999999,11.017000000000001,0.002,0.002
20.03.2020 08:30:32.308 GMT-0500,11.212000000000002,11.017000000000001,0.0008,0.002
20.03.2020 08:30:32.495 GMT-0500,11.222999999999999,11.017000000000001,0.002,0.002
20.03.2020 08:30:38.806 GMT-0500,11.213,11.017000000000001,0.0008,0.002
20.03.2020 08:30:39.090 GMT-0500,11.212000000000002,11.028,0.0008,0.0008
20.03.2020 08:30:39.140 GMT-0500,11.222999999999999,11.017000000000001,0.002,0.002
20.03.2020 08:30:45.588 GMT-0500,11.212000000000002,11.028,0.0008,0.0008
20.03.2020 08:30:45.880 GMT-0500,11.222000000000001,11.017000000000001,0.0008,0.002
20.03.2020 08:30:53.939 GMT-0500,11.212000000000002,11.028,0.0008,0.0008
20.03.2020 08:30:54.103 GMT-0500,11.222000000000001,11.017999999999999,0.002,0.002
20.03.2020 08:31:01.947 GMT-0500,11.502,11.017999999999999,0.002,0.002
20.03.2020 08:31:02.581 GMT-0500,11.192,11.017999999999999,0.0008,0.002
20.03.2020 08:31:04.795 GMT-0500,11.193,11.017000000000001,0.0008,0.002
20.03.2020 08:31:04.845 GMT-0500,11.503,11.017000000000001,0.002,0.002
20.03.2020 08:31:05.394 GMT-0500,11.502,11.017000000000001,0.0008,0.002
20.03.2020 08:31:05.929 GMT-0500,11.222000000000001,11.017999999999999,0.0008,0.002
20.03.2020 08:31:08.429 GMT-0500,11.212000000000002,11.017000000000001,0.0008,0.002
20.03.2020 08:31:08.649 GMT-0500,11.222000000000001,11.017000000000001,0.0008,0.002
20.03.2020 08:31:09.789 GMT-0500,11.105,11.078,0.0008,0.0008
20.03.2020 08:31:09.890 GMT-0500,11.102,11.088,0.002,0.002
20.03.2020 08:31:10.746 GMT-0500,11.103,11.087000000000002,0.002,0.002
20.03.2020 08:31:11.009 GMT-0500,11.102,11.088,0.002,0.002
20.03.2020 08:31:11.338 GMT-0500,11.092,11.078,0.002,0.002
20.03.2020 08:31:11.448 GMT-0500,11.082,11.007000000000001,0.0008,0.002
20.03.2020 08:31:11.752 GMT-0500,11.083,11.007000000000001,0.0008,0.002
20.03.2020 08:31:11.803 GMT-0500,11.092,11.007000000000001,0.0008,0.002
20.03.2020 08:31:11.853 GMT-0500,11.083,11.007000000000001,0.002,0.002
20.03.2020 08:31:11.970 GMT-0500,11.082,11.027000000000001,0.0008,0.002
20.03.2020 08:31:12.120 GMT-0500,11.062000000000001,10.997,0.0008,0.002
20.03.2020 08:31:12.628 GMT-0500,11.062000000000001,10.997,0.0008,0.002
20.03.2020 08:31:12.729 GMT-0500,11.063,11.017000000000001,0.002,0.002
20.03.2020 08:31:12.779 GMT-0500,11.062000000000001,11.007000000000001,0.0008,0.002
20.03.2020 08:31:13.543 GMT-0500,11.062000000000001,11.017999999999999,0.0008,0.0008
20.03.2020 08:31:13.593 GMT-0500,11.063,11.007000000000001,0.002,0.002
20.03.2020 08:31:13.775 GMT-0500,11.052000000000001,11.008,0.002,0.002
20.03.2020 08:31:14.139 GMT-0500,11.052000000000001,11.017999999999999,0.002,0.0008
20.03.2020 08:31:14.409 GMT-0500,11.052000000000001,11.008,0.002,0.002
20.03.2020 08:31:15.147 GMT-0500,11.052000000000001,11.008,0.002,0.002
20.03.2020 08:31:15.493 GMT-0500,11.052000000000001,11.008,0.0008,0.0008
20.03.2020 08:31:15.804 GMT-0500,11.042,10.998,0.0008,0.002
20.03.2020 08:31:15.855 GMT-0500,11.042,10.998,0.002,0.002
20.03.2020 08:31:16.082 GMT-0500,11.052999999999999,11.007000000000001,0.002,0.002
20.03.2020 08:31:16.205 GMT-0500,11.052000000000001,10.998,0.0008,0.0008
20.03.2020 08:31:16.525 GMT-0500,11.043,10.997,0.0008,0.002
20.03.2020 08:31:16.947 GMT-0500,11.042,11.008,0.002,0.002
20.03.2020 08:31:17.134 GMT-0500,11.042,10.997,0.0008,0.002
20.03.2020 08:31:17.775 GMT-0500,11.032,10.998,0.0008,0.002
20.03.2020 08:31:17.946 GMT-0500,11.022,11.007000000000001,0.0008,0.0008
20.03.2020 08:31:17.996 GMT-0500,11.043,11.007000000000001,0.002,0.002
20.03.2020 08:31:18.802 GMT-0500,11.022,10.998,0.0008,0.0008
20.03.2020 08:31:18.853 GMT-0500,11.022,10.967,0.0008,0.002
20.03.2020 08:31:19.336 GMT-0500,11.013,10.967,0.0008,0.002
20.03.2020 08:31:19.468 GMT-0500,11.012,10.977,0.0008,0.002
20.03.2020 08:31:19.601 GMT-0500,11.012,10.968,0.0008,0.0008
20.03.2020 08:31:19.868 GMT-0500,10.992,10.838,0.002,0.002
20.03.2020 08:31:19.919 GMT-0500,11.013,10.837000000000002,0.002,0.002
20.03.2020 08:31:20.424 GMT-0500,11.013,10.937000000000001,0.002,0.0008
20.03.2020 08:31:20.524 GMT-0500,11.012,10.948,0.0008,0.0008
20.03.2020 08:31:20.575 GMT-0500,10.962000000000002,10.838,0.0008,0.0008
20.03.2020 08:31:20.889 GMT-0500,10.962000000000002,10.868,0.002,0.002
20.03.2020 08:31:21.007 GMT-0500,10.962000000000002,10.838,0.002,0.002
20.03.2020 08:31:21.057 GMT-0500,10.952,10.847000000000001,0.0008,0.002
20.03.2020 08:31:21.227 GMT-0500,10.913,10.847000000000001,0.0008,0.002
20.03.2020 08:31:21.332 GMT-0500,10.913,10.847000000000001,0.002,0.0008
20.03.2020 08:31:21.383 GMT-0500,10.912,10.838,0.0008,0.0008
20.03.2020 08:31:21.535 GMT-0500,10.912,10.838,0.0008,0.002
20.03.2020 08:31:21.809 GMT-0500,10.912,10.857000000000001,0.0008,0.002
20.03.2020 08:31:21.859 GMT-0500,10.952,10.838,0.002,0.002
20.03.2020 08:31:22.164 GMT-0500,10.892000000000001,10.838,0.0008,0.0008
20.03.2020 08:31:22.324 GMT-0500,10.892000000000001,10.838,0.002,0.002
20.03.2020 08:31:22.424 GMT-0500,10.892000000000001,10.838,0.002,0.002
20.03.2020 08:31:22.983 GMT-0500,10.892000000000001,10.838,0.002,0.002
20.03.2020 08:31:23.083 GMT-0500,10.892000000000001,10.838,0.0008,0.0008
20.03.2020 08:31:23.752 GMT-0500,10.892999999999999,10.847000000000001,0.002,0.002
20.03.2020 08:31:23.802 GMT-0500,10.892999999999999,10.837000000000002,0.002,0.002
20.03.2020 08:31:23.945 GMT-0500,10.892000000000001,10.838,0.002,0.002
20.03.2020 08:31:24.528 GMT-0500,10.862,10.847999999999999,0.002,0.002
20.03.2020 08:31:24.687 GMT-0500,10.863,10.847000000000001,0.002,0.002
20.03.2020 08:31:24.890 GMT-0500,10.862,10.847000000000001,0.0008,0.0008
20.03.2020 08:31:24.940 GMT-0500,10.862,10.837000000000002,0.0008,0.002
20.03.2020 08:31:25.715 GMT-0500,10.883,10.837000000000002,0.002,0.002
20.03.2020 08:31:25.784 GMT-0500,10.892000000000001,10.838,0.002,0.002
20.03.2020 08:31:25.834 GMT-0500,10.862,10.837000000000002,0.0008,0.002
20.03.2020 08:31:28.500 GMT-0500,10.862,10.808,0.002,0.002
20.03.2020 08:31:28.623 GMT-0500,10.862,10.798,0.0008,0.0008
20.03.2020 08:31:29.103 GMT-0500,10.843,10.797,0.002,0.002
20.03.2020 08:31:29.236 GMT-0500,10.842,10.808,0.0008,0.0008
20.03.2020 08:31:29.435 GMT-0500,10.843,10.797,0.002,0.002
20.03.2020 08:31:30.449 GMT-0500,10.842,10.798,0.0008,0.0008
20.03.2020 08:31:30.868 GMT-0500,10.843,10.797,0.002,0.002
20.03.2020 08:31:30.919 GMT-0500,10.842,10.808,0.0008,0.0008
20.03.2020 08:31:30.969 GMT-0500,10.842,10.798,0.0008,0.0008
20.03.2020 08:31:31.894 GMT-0500,10.842,10.808,0.0008,0.0008
20.03.2020 08:31:32.131 GMT-0500,10.842,10.798,0.002,0.002
20.03.2020 08:31:32.495 GMT-0500,10.833,10.798,0.0008,0.0008
20.03.2020 08:31:32.767 GMT-0500,10.832,10.798,0.002,0.002
20.03.2020 08:31:32.887 GMT-0500,10.833,10.797,0.002,0.002
20.03.2020 08:31:33.150 GMT-0500,10.832,10.797,0.0008,0.002
20.03.2020 08:31:33.337 GMT-0500,10.833,10.797,0.002,0.002
20.03.2020 08:31:33.447 GMT-0500,10.813,10.797,0.0008,0.002
20.03.2020 08:31:33.498 GMT-0500,10.822000000000001,10.798,0.002,0.002
20.03.2020 08:31:33.548 GMT-0500,10.813,10.797,0.002,0.002
20.03.2020 08:31:33.955 GMT-0500,10.812000000000001,10.798,0.002,0.002
20.03.2020 08:31:34.056 GMT-0500,10.812000000000001,10.758,0.002,0.002
20.03.2020 08:31:34.811 GMT-0500,10.812000000000001,10.758,0.0008,0.002
20.03.2020 08:31:34.912 GMT-0500,10.812000000000001,10.767999999999999,0.0008,0.0008
20.03.2020 08:31:35.043 GMT-0500,10.813,10.757000000000001,0.002,0.002
20.03.2020 08:31:35.157 GMT-0500,10.802000000000001,10.758,0.0008,0.0008
20.03.2020 08:31:35.208 GMT-0500,10.792,10.718,0.002,0.002
20.03.2020 08:31:35.512 GMT-0500,10.792,10.727,0.0008,0.0008
20.03.2020 08:31:35.656 GMT-0500,10.792,10.718,0.002,0.002
20.03.2020 08:31:35.706 GMT-0500,10.792,10.718,0.0008,0.0008
20.03.2020 08:31:35.757 GMT-0500,10.782,10.738,0.002,0.002
20.03.2020 08:31:35.874 GMT-0500,10.773,10.717,0.002,0.002
20.03.2020 08:31:36.212 GMT-0500,10.772,10.718,0.0008,0.0008
20.03.2020 08:31:36.265 GMT-0500,10.772,10.728,0.0008,0.0008
20.03.2020 08:31:36.648 GMT-0500,10.762,10.718,0.002,0.002
20.03.2020 08:31:37.553 GMT-0500,10.762,10.728,0.002,0.002
20.03.2020 08:31:37.668 GMT-0500,10.762,10.718,0.002,0.002
20.03.2020 08:31:38.228 GMT-0500,10.763,10.717,0.002,0.002
20.03.2020 08:31:40.931 GMT-0500,10.762,10.717,0.0008,0.002
20.03.2020 08:31:41.257 GMT-0500,10.762,10.727,0.0008,0.0008
20.03.2020 08:31:41.359 GMT-0500,10.763,10.717,0.002,0.002
20.03.2020 08:31:41.878 GMT-0500,10.753,10.717,0.0008,0.002
20.03.2020 08:31:41.999 GMT-0500,10.743,10.717,0.002,0.002
20.03.2020 08:31:42.526 GMT-0500,10.742,10.717,0.0008,0.002
20.03.2020 08:31:45.368 GMT-0500,10.733,10.717,0.002,0.002
20.03.2020 08:31:45.418 GMT-0500,10.692,10.668,0.002,0.002
20.03.2020 08:31:45.768 GMT-0500,10.693,10.667,0.002,0.002
20.03.2020 08:31:45.917 GMT-0500,10.692,10.668,0.002,0.002
20.03.2020 08:31:46.831 GMT-0500,10.693,10.667,0.002,0.002
20.03.2020 08:31:47.266 GMT-0500,10.692,10.667,0.0008,0.002
20.03.2020 08:31:47.516 GMT-0500,10.692,10.668,0.0008,0.002
20.03.2020 08:31:47.617 GMT-0500,10.692,10.667,0.0008,0.002
20.03.2020 08:31:49.359 GMT-0500,10.672,10.508,0.0008,0.002
20.03.2020 08:31:49.409 GMT-0500,10.662,10.578,0.0008,0.0008
20.03.2020 08:31:49.459 GMT-0500,10.642000000000001,10.568,0.0008,0.0008
20.03.2020 08:31:49.587 GMT-0500,10.623,10.597000000000001,0.002,0.002
20.03.2020 08:31:49.637 GMT-0500,10.622,10.538,0.0008,0.0008
20.03.2020 08:31:49.724 GMT-0500,10.612,10.538,0.0008,0.002
20.03.2020 08:31:49.775 GMT-0500,10.692,10.548,0.002,0.002
20.03.2020 08:31:49.867 GMT-0500,10.563,10.547,0.0008,0.002
20.03.2020 08:31:49.967 GMT-0500,10.692,10.548,0.002,0.002
20.03.2020 08:31:50.018 GMT-0500,10.562000000000001,10.548,0.0008,0.0008
20.03.2020 08:31:50.728 GMT-0500,10.563,10.547,0.002,0.002
20.03.2020 08:31:50.850 GMT-0500,10.562000000000001,10.548,0.002,0.002
20.03.2020 08:31:52.748 GMT-0500,10.562000000000001,10.517000000000001,0.0008,0.002
20.03.2020 08:31:52.854 GMT-0500,10.563,10.517000000000001,0.002,0.002
20.03.2020 08:31:52.905 GMT-0500,10.563,10.507000000000001,0.002,0.002
20.03.2020 08:31:53.455 GMT-0500,10.562000000000001,10.507000000000001,0.0008,0.002
20.03.2020 08:31:53.505 GMT-0500,10.552000000000001,10.498,0.0008,0.0008
20.03.2020 08:31:53.993 GMT-0500,10.542,10.498,0.0008,0.002
20.03.2020 08:31:54.195 GMT-0500,10.533,10.497,0.002,0.002
20.03.2020 08:31:54.296 GMT-0500,10.512,10.498,0.0008,0.0008
20.03.2020 08:31:54.409 GMT-0500,10.513,10.497,0.002,0.002
20.03.2020 08:31:54.900 GMT-0500,10.512,10.497,0.0008,0.002
20.03.2020 08:31:58.472 GMT-0500,10.513,10.497,0.002,0.002
20.03.2020 08:31:58.604 GMT-0500,10.515,10.497,0.0008,0.002
20.03.2020 08:31:58.705 GMT-0500,10.512,10.498,0.002,0.002
20.03.2020 08:31:58.914 GMT-0500,10.512,10.468,0.0008,0.0008
20.03.2020 08:31:59.021 GMT-0500,10.512,10.458,0.002,0.002
20.03.2020 08:31:59.477 GMT-0500,10.512,10.458,0.002,0.002
20.03.2020 08:31:59.921 GMT-0500,10.512,10.477,0.0008,0.0008
20.03.2020 08:31:59.972 GMT-0500,10.562000000000001,10.517999999999999,0.0008,0.0008
20.03.2020 08:32:00.141 GMT-0500,10.602,10.547,0.0008,0.002
20.03.2020 08:32:00.261 GMT-0500,10.612,10.547,0.0008,0.002
20.03.2020 08:32:00.312 GMT-0500,10.572000000000001,10.517999999999999,0.002,0.002
20.03.2020 08:32:00.362 GMT-0500,10.802000000000001,10.558,0.002,0.002
20.03.2020 08:32:00.463 GMT-0500,10.802999999999999,10.527000000000001,0.002,0.002
20.03.2020 08:32:00.568 GMT-0500,10.613,10.517999999999999,0.0008,0.0008
20.03.2020 08:32:00.873 GMT-0500,10.612,10.517999999999999,0.0008,0.002
20.03.2020 08:32:00.974 GMT-0500,10.613,10.567,0.002,0.002
20.03.2020 08:32:01.290 GMT-0500,10.612,10.567,0.0008,0.002
20.03.2020 08:32:01.390 GMT-0500,10.612,10.567,0.0008,0.002
20.03.2020 08:32:01.533 GMT-0500,10.552999999999999,10.457,0.002,0.002
20.03.2020 08:32:01.583 GMT-0500,10.613,10.517000000000001,0.002,0.002
20.03.2020 08:32:01.863 GMT-0500,10.612,10.517999999999999,0.0008,0.0008
20.03.2020 08:32:02.014 GMT-0500,10.582,10.517999999999999,0.0008,0.0008
20.03.2020 08:32:02.196 GMT-0500,10.592,10.458,0.002,0.002
20.03.2020 08:32:02.246 GMT-0500,10.592,10.467,0.0008,0.002
20.03.2020 08:32:02.399 GMT-0500,10.552999999999999,10.457,0.0008,0.002
20.03.2020 08:32:02.449 GMT-0500,10.552000000000001,10.457,0.0008,0.002
20.03.2020 08:32:02.805 GMT-0500,10.543,10.457,0.0008,0.002
20.03.2020 08:32:03.001 GMT-0500,10.542,10.498,0.002,0.002
20.03.2020 08:32:03.205 GMT-0500,10.542,10.527000000000001,0.0008,0.002
20.03.2020 08:32:03.417 GMT-0500,10.543,10.527000000000001,0.002,0.002
20.03.2020 08:32:03.711 GMT-0500,10.552000000000001,10.527000000000001,0.0008,0.002
20.03.2020 08:32:03.825 GMT-0500,10.552000000000001,10.537,0.0008,0.0008
20.03.2020 08:32:04.157 GMT-0500,10.562000000000001,10.547,0.0008,0.002
20.03.2020 08:32:04.207 GMT-0500,10.563,10.537,0.002,0.002
20.03.2020 08:32:04.429 GMT-0500,10.562000000000001,10.558,0.0008,0.0008
20.03.2020 08:32:04.480 GMT-0500,10.802000000000001,10.558,0.002,0.002
20.03.2020 08:32:04.665 GMT-0500,10.792,10.558,0.0008,0.002
20.03.2020 08:32:04.786 GMT-0500,10.642000000000001,10.558,0.0008,0.002
20.03.2020 08:32:05.202 GMT-0500,10.602,10.558,0.002,0.002
20.03.2020 08:32:05.390 GMT-0500,10.603,10.557,0.002,0.002
20.03.2020 08:32:05.512 GMT-0500,10.642000000000001,10.557,0.0008,0.002
20.03.2020 08:32:05.563 GMT-0500,10.642000000000001,10.567,0.0008,0.002
20.03.2020 08:32:05.845 GMT-0500,10.65,10.587000000000002,0.0008,0.002
20.03.2020 08:32:05.895 GMT-0500,10.792,10.588,0.0008,0.0008
20.03.2020 08:32:06.233 GMT-0500,10.682,10.588,0.002,0.002
20.03.2020 08:32:06.574 GMT-0500,10.672,10.588,0.0008,0.002
20.03.2020 08:32:06.674 GMT-0500,10.682,10.588,0.0008,0.0008
20.03.2020 08:32:06.786 GMT-0500,10.683,10.587000000000002,0.002,0.002
20.03.2020 08:32:06.971 GMT-0500,10.683,10.597000000000001,0.002,0.0008
20.03.2020 08:32:07.234 GMT-0500,10.682,10.597000000000001,0.0008,0.0008
20.03.2020 08:32:07.284 GMT-0500,10.682,10.558,0.002,0.002
20.03.2020 08:32:07.334 GMT-0500,10.673,10.557,0.002,0.002
20.03.2020 08:32:07.466 GMT-0500,10.652000000000001,10.557,0.0008,0.002
20.03.2020 08:32:07.634 GMT-0500,10.652000000000001,10.577,0.0008,0.0008
20.03.2020 08:32:07.685 GMT-0500,10.652000000000001,10.557,0.0008,0.002
20.03.2020 08:32:07.795 GMT-0500,10.653,10.557,0.002,0.002
20.03.2020 08:32:08.212 GMT-0500,10.642000000000001,10.588,0.002,0.002
20.03.2020 08:32:08.384 GMT-0500,10.652000000000001,10.588,0.0008,0.0008
20.03.2020 08:32:08.534 GMT-0500,10.603,10.537,0.002,0.002
20.03.2020 08:32:08.585 GMT-0500,10.652000000000001,10.538,0.0008,0.0008
20.03.2020 08:32:08.702 GMT-0500,10.653,10.527000000000001,0.002,0.002
20.03.2020 08:32:08.985 GMT-0500,10.652000000000001,10.538,0.0008,0.0008
20.03.2020 08:32:10.124 GMT-0500,10.652000000000001,10.538,0.0008,0.002
20.03.2020 08:32:10.919 GMT-0500,10.612,10.558,0.0008,0.002
20.03.2020 08:32:15.010 GMT-0500,10.612,10.597000000000001,0.0008,0.0008
20.03.2020 08:32:15.060 GMT-0500,10.613,10.577,0.002,0.002
20.03.2020 08:32:15.111 GMT-0500,10.672,10.608,0.002,0.002
20.03.2020 08:32:15.161 GMT-0500,10.672,10.658,0.0008,0.0008
20.03.2020 08:32:15.211 GMT-0500,10.682,10.658,0.0008,0.0008
20.03.2020 08:32:15.332 GMT-0500,10.682,10.618,0.002,0.002
20.03.2020 08:32:15.443 GMT-0500,10.683,10.617,0.002,0.002
20.03.2020 08:32:15.621 GMT-0500,10.672,10.618,0.0008,0.0008
20.03.2020 08:32:16.052 GMT-0500,10.672,10.628,0.0008,0.0008
20.03.2020 08:32:16.152 GMT-0500,10.672,10.618,0.0008,0.0008
20.03.2020 08:32:17.528 GMT-0500,10.673,10.627,0.002,0.0008
20.03.2020 08:32:17.647 GMT-0500,10.673,10.627,0.0008,0.002
20.03.2020 08:32:17.698 GMT-0500,10.682,10.628,0.0008,0.0008
20.03.2020 08:32:17.749 GMT-0500,10.662,10.618,0.002,0.002
20.03.2020 08:32:19.007 GMT-0500,10.663,10.617,0.002,0.002
20.03.2020 08:32:19.282 GMT-0500,10.683,10.617,0.002,0.002
20.03.2020 08:32:19.332 GMT-0500,10.672,10.618,0.002,0.002
20.03.2020 08:32:19.498 GMT-0500,10.683,10.617,0.002,0.002
20.03.2020 08:32:19.835 GMT-0500,10.683,10.627,0.002,0.0008
20.03.2020 08:32:19.936 GMT-0500,10.682,10.618,0.002,0.002
20.03.2020 08:32:20.097 GMT-0500,10.662,10.618,0.0008,0.002
20.03.2020 08:32:20.215 GMT-0500,10.662,10.637,0.0008,0.0008
20.03.2020 08:32:20.384 GMT-0500,10.663,10.637,0.0008,0.002
20.03.2020 08:32:20.434 GMT-0500,10.682,10.637,0.0008,0.002
20.03.2020 08:32:20.484 GMT-0500,10.682,10.648,0.0008,0.0008
20.03.2020 08:32:20.534 GMT-0500,10.682,10.638,0.0008,0.0008
20.03.2020 08:32:20.816 GMT-0500,10.612,10.567,0.0008,0.002
20.03.2020 08:32:20.925 GMT-0500,10.612,10.558,0.0008,0.0008
20.03.2020 08:32:21.056 GMT-0500,10.612,10.558,0.0008,0.002
20.03.2020 08:32:21.106 GMT-0500,10.622,10.558,0.002,0.002
20.03.2020 08:32:21.248 GMT-0500,10.622,10.607000000000001,0.0008,0.0008
20.03.2020 08:32:21.299 GMT-0500,10.642000000000001,10.608,0.002,0.002
20.03.2020 08:32:21.609 GMT-0500,10.682,10.608,0.002,0.002
20.03.2020 08:32:21.895 GMT-0500,10.633,10.608,0.0008,0.002
20.03.2020 08:32:21.945 GMT-0500,10.632000000000001,10.577,0.0008,0.002
20.03.2020 08:32:22.095 GMT-0500,10.632000000000001,10.567,0.0008,0.002
20.03.2020 08:32:22.916 GMT-0500,10.682,10.618,0.002,0.002
20.03.2020 08:32:23.191 GMT-0500,10.682,10.608,0.0008,0.0008
20.03.2020 08:32:23.242 GMT-0500,10.622,10.608,0.0008,0.0008
20.03.2020 08:32:24.019 GMT-0500,10.632000000000001,10.608,0.0008,0.0008
20.03.2020 08:32:24.126 GMT-0500,10.635,10.608,0.0008,0.002
20.03.2020 08:32:24.177 GMT-0500,10.642000000000001,10.618,0.0008,0.0008
20.03.2020 08:32:24.912 GMT-0500,10.672,10.638,0.002,0.002
20.03.2020 08:32:24.963 GMT-0500,10.662,10.628,0.002,0.002
20.03.2020 08:32:26.456 GMT-0500,10.612,10.567,0.0008,0.002
20.03.2020 08:32:26.594 GMT-0500,10.632000000000001,10.558,0.0008,0.0008
20.03.2020 08:32:27.329 GMT-0500,10.632000000000001,10.568,0.002,0.0008
20.03.2020 08:32:27.568 GMT-0500,10.633,10.557,0.002,0.002
20.03.2020 08:32:27.750 GMT-0500,10.632000000000001,10.557,0.0008,0.002
20.03.2020 08:32:28.034 GMT-0500,10.632000000000001,10.607000000000001,0.0008,0.0008
20.03.2020 08:32:28.084 GMT-0500,10.642000000000001,10.608,0.0008,0.0008
20.03.2020 08:32:28.524 GMT-0500,10.642999999999999,10.607000000000001,0.0008,0.002
20.03.2020 08:32:28.575 GMT-0500,10.653,10.607000000000001,0.002,0.002
20.03.2020 08:32:29.555 GMT-0500,10.652000000000001,10.608,0.0008,0.0008
20.03.2020 08:32:31.585 GMT-0500,10.642000000000001,10.608,0.0008,0.002
20.03.2020 08:32:31.635 GMT-0500,10.682,10.638,0.0008,0.0008
20.03.2020 08:32:31.686 GMT-0500,10.682,10.657,0.0008,0.002
20.03.2020 08:32:31.736 GMT-0500,11.022,10.628,0.0008,0.0008
20.03.2020 08:32:31.787 GMT-0500,11.062000000000001,10.617,0.0008,0.002
20.03.2020 08:32:32.204 GMT-0500,11.062000000000001,10.738,0.002,0.002
20.03.2020 08:32:32.306 GMT-0500,10.882000000000001,10.738,0.002,0.002
20.03.2020 08:32:32.454 GMT-0500,10.883,10.737,0.002,0.002
20.03.2020 08:32:33.226 GMT-0500,10.872,10.738,0.0008,0.0008
20.03.2020 08:32:33.451 GMT-0500,10.883,10.737,0.002,0.002
20.03.2020 08:32:33.652 GMT-0500,10.832,10.737,0.0008,0.002
20.03.2020 08:32:33.931 GMT-0500,10.822000000000001,10.738,0.0008,0.002
20.03.2020 08:32:34.241 GMT-0500,10.823,10.737,0.0008,0.002
20.03.2020 08:32:34.292 GMT-0500,10.833,10.737,0.002,0.002
20.03.2020 08:32:34.497 GMT-0500,10.793,10.737,0.002,0.002
20.03.2020 08:32:35.631 GMT-0500,10.832,10.738,0.0008,0.0008
20.03.2020 08:32:36.156 GMT-0500,10.792,10.737,0.0008,0.002
20.03.2020 08:32:36.317 GMT-0500,10.783,10.737,0.0008,0.002
20.03.2020 08:32:36.460 GMT-0500,10.792,10.737,0.0008,0.002
20.03.2020 08:32:36.977 GMT-0500,10.783,10.737,0.0008,0.002
20.03.2020 08:32:37.077 GMT-0500,10.792,10.737,0.0008,0.002
20.03.2020 08:32:37.138 GMT-0500,10.752,10.707,0.0008,0.002
20.03.2020 08:32:37.188 GMT-0500,10.792,10.618,0.002,0.002
20.03.2020 08:32:37.718 GMT-0500,10.782,10.618,0.0008,0.002
20.03.2020 08:32:37.925 GMT-0500,10.783,10.627,0.0008,0.0008
20.03.2020 08:32:38.072 GMT-0500,10.792,10.647,0.0008,0.002
20.03.2020 08:32:38.266 GMT-0500,10.703,10.647,0.0008,0.0008
20.03.2020 08:32:38.316 GMT-0500,10.702,10.618,0.0008,0.0008
20.03.2020 08:32:38.441 GMT-0500,10.703,10.617,0.002,0.002
20.03.2020 08:32:38.542 GMT-0500,10.702,10.607000000000001,0.0008,0.002
20.03.2020 08:32:38.730 GMT-0500,10.692,10.597999999999999,0.0008,0.002
20.03.2020 08:32:39.266 GMT-0500,10.692,10.637,0.0008,0.002
20.03.2020 08:32:39.605 GMT-0500,10.663,10.637,0.002,0.002
20.03.2020 08:32:39.656 GMT-0500,10.653,10.597000000000001,0.002,0.002
20.03.2020 08:32:39.936 GMT-0500,10.652000000000001,10.597999999999999,0.0008,0.0008
20.03.2020 08:32:40.343 GMT-0500,10.832,10.618,0.0008,0.0008
20.03.2020 08:32:40.608 GMT-0500,10.632000000000001,10.618,0.0008,0.0008
20.03.2020 08:32:40.658 GMT-0500,10.832,10.597999999999999,0.0008,0.0008
20.03.2020 08:32:40.708 GMT-0500,10.682,10.597999999999999,0.002,0.002
20.03.2020 08:32:41.168 GMT-0500,10.682,10.618,0.002,0.0008
20.03.2020 08:32:41.218 GMT-0500,10.683,10.597000000000001,0.002,0.002
20.03.2020 08:32:41.489 GMT-0500,10.682,10.597000000000001,0.0008,0.002
20.03.2020 08:32:41.640 GMT-0500,10.683,10.597000000000001,0.002,0.002
20.03.2020 08:32:43.059 GMT-0500,10.683,10.597000000000001,0.002,0.002
20.03.2020 08:32:43.323 GMT-0500,10.682,10.608,0.002,0.002
20.03.2020 08:32:43.424 GMT-0500,10.732000000000001,10.668,0.0008,0.0008
20.03.2020 08:32:43.474 GMT-0500,10.732000000000001,10.648,0.0008,0.0008
20.03.2020 08:32:43.592 GMT-0500,10.732000000000001,10.668,0.0008,0.0008
20.03.2020 08:32:44.127 GMT-0500,10.732000000000001,10.668,0.0008,0.002
20.03.2020 08:32:44.177 GMT-0500,10.773,10.677000000000001,0.002,0.002
20.03.2020 08:32:44.338 GMT-0500,10.722999999999999,10.677000000000001,0.0008,0.002
20.03.2020 08:32:46.852 GMT-0500,10.722999999999999,10.677999999999999,0.0008,0.0008
20.03.2020 08:32:46.902 GMT-0500,10.772,10.677999999999999,0.0008,0.0008
20.03.2020 08:32:47.102 GMT-0500,10.762,10.677999999999999,0.0008,0.002
20.03.2020 08:32:47.252 GMT-0500,10.712000000000002,10.677999999999999,0.0008,0.0008
20.03.2020 08:32:47.470 GMT-0500,10.682,10.675,0.0008,0.0008
20.03.2020 08:32:47.520 GMT-0500,10.683,10.627,0.002,0.002
20.03.2020 08:32:48.471 GMT-0500,10.703,10.627,0.0008,0.002
20.03.2020 08:32:48.521 GMT-0500,10.742,10.698,0.0008,0.0008
20.03.2020 08:32:48.622 GMT-0500,10.832,10.657,0.0008,0.002
20.03.2020 08:32:49.625 GMT-0500,10.833,10.657,0.002,0.002
20.03.2020 08:32:49.675 GMT-0500,10.813,10.657,0.002,0.002
20.03.2020 08:32:51.382 GMT-0500,10.823,10.657,0.002,0.002
20.03.2020 08:32:51.433 GMT-0500,10.832,10.658,0.0008,0.0008
20.03.2020 08:32:51.519 GMT-0500,10.813,10.667,0.0008,0.0008
20.03.2020 08:32:51.620 GMT-0500,10.812000000000001,10.658,0.0008,0.0008
20.03.2020 08:32:51.906 GMT-0500,10.802999999999999,10.657,0.0008,0.002
20.03.2020 08:32:52.664 GMT-0500,10.793,10.657,0.0008,0.002
20.03.2020 08:32:52.946 GMT-0500,10.782,10.657,0.0008,0.002
20.03.2020 08:32:53.642 GMT-0500,10.773,10.657,0.002,0.002
20.03.2020 08:32:54.558 GMT-0500,10.753,10.657,0.0008,0.002
20.03.2020 08:32:54.739 GMT-0500,10.672,10.597999999999999,0.0008,0.002
20.03.2020 08:32:55.430 GMT-0500,10.672,10.637,0.0008,0.002
20.03.2020 08:32:56.126 GMT-0500,10.662,10.637,0.0008,0.002
20.03.2020 08:32:56.177 GMT-0500,10.652000000000001,10.597999999999999,0.0008,0.0008
20.03.2020 08:32:56.227 GMT-0500,10.633,10.597000000000001,0.002,0.002
20.03.2020 08:32:56.383 GMT-0500,10.633,10.597000000000001,0.002,0.002
20.03.2020 08:32:56.533 GMT-0500,10.662,10.617,0.0008,0.002
20.03.2020 08:32:56.837 GMT-0500,10.663,10.617,0.002,0.002
20.03.2020 08:32:57.143 GMT-0500,10.663,10.628,0.0008,0.0008
20.03.2020 08:32:57.193 GMT-0500,10.692,10.628,0.002,0.002
20.03.2020 08:32:57.440 GMT-0500,10.702,10.628,0.002,0.002
20.03.2020 08:32:57.986 GMT-0500,10.692,10.658,0.002,0.002
20.03.2020 08:32:58.337 GMT-0500,10.702,10.657,0.0008,0.002
20.03.2020 08:32:58.581 GMT-0500,10.672,10.657,0.0008,0.002
20.03.2020 08:32:58.631 GMT-0500,11.052000000000001,10.658,0.002,0.002
20.03.2020 08:32:59.161 GMT-0500,10.783,10.658,0.0008,0.002
20.03.2020 08:32:59.302 GMT-0500,10.722999999999999,10.667,0.0008,0.0008
20.03.2020 08:32:59.352 GMT-0500,10.763,10.667,0.002,0.002
20.03.2020 08:32:59.785 GMT-0500,10.798,10.707,0.0008,0.0008
20.03.2020 08:32:59.836 GMT-0500,11.052000000000001,10.718,0.0008,0.0008
20.03.2020 08:32:59.937 GMT-0500,11.052000000000001,10.708,0.002,0.002
20.03.2020 08:33:00.026 GMT-0500,10.732000000000001,10.708,0.0008,0.002
20.03.2020 08:33:00.127 GMT-0500,11.052999999999999,10.707,0.002,0.002
20.03.2020 08:33:00.367 GMT-0500,10.815,10.727,0.0008,0.0008
20.03.2020 08:33:00.518 GMT-0500,10.772,10.728,0.002,0.002
20.03.2020 08:33:00.884 GMT-0500,10.773,10.717,0.002,0.002
20.03.2020 08:33:01.083 GMT-0500,10.762,10.718,0.0008,0.0008
20.03.2020 08:33:01.236 GMT-0500,10.763,10.717,0.0008,0.002
20.03.2020 08:33:01.286 GMT-0500,10.772,10.717,0.0008,0.002
20.03.2020 08:33:01.991 GMT-0500,10.763,10.717,0.0008,0.002
20.03.2020 08:33:02.041 GMT-0500,10.772,10.718,0.002,0.002
20.03.2020 08:33:02.614 GMT-0500,10.762,10.718,0.0008,0.002
20.03.2020 08:33:02.766 GMT-0500,10.772,10.717,0.0008,0.002
20.03.2020 08:33:03.423 GMT-0500,10.772,10.727,0.0008,0.0008
20.03.2020 08:33:03.523 GMT-0500,10.712000000000002,10.667,0.0008,0.002
20.03.2020 08:33:03.993 GMT-0500,10.712000000000002,10.657,0.0008,0.002
20.03.2020 08:33:04.707 GMT-0500,10.712000000000002,10.668,0.0008,0.0008
20.03.2020 08:33:04.875 GMT-0500,10.713,10.657,0.002,0.002
20.03.2020 08:33:05.652 GMT-0500,10.713,10.657,0.002,0.002
20.03.2020 08:33:07.438 GMT-0500,10.712000000000002,10.697000000000001,0.0008,0.002
20.03.2020 08:33:07.536 GMT-0500,10.822000000000001,10.718,0.002,0.002
20.03.2020 08:33:07.587 GMT-0500,10.732000000000001,10.718,0.002,0.002
20.03.2020 08:33:07.637 GMT-0500,11.052000000000001,10.728,0.0008,0.0008
20.03.2020 08:33:07.688 GMT-0500,11.052000000000001,10.738,0.0008,0.0008
20.03.2020 08:33:07.789 GMT-0500,11.062000000000001,10.777000000000001,0.0008,0.002
20.03.2020 08:33:08.035 GMT-0500,10.862,10.777000000000001,0.0008,0.0008
20.03.2020 08:33:08.330 GMT-0500,10.783,10.727,0.002,0.002
20.03.2020 08:33:08.431 GMT-0500,11.063,10.737,0.002,0.002
20.03.2020 08:33:08.804 GMT-0500,10.883,10.728,0.0008,0.0008
20.03.2020 08:33:10.301 GMT-0500,10.882000000000001,10.727,0.0008,0.002
20.03.2020 08:33:10.818 GMT-0500,10.873,10.727,0.0008,0.002
20.03.2020 08:33:10.930 GMT-0500,10.872,10.727,0.0008,0.002
20.03.2020 08:33:11.042 GMT-0500,10.873,10.727,0.002,0.002
20.03.2020 08:33:11.217 GMT-0500,10.872,10.728,0.0008,0.0008
20.03.2020 08:33:11.268 GMT-0500,10.882000000000001,10.728,0.002,0.002
20.03.2020 08:33:11.801 GMT-0500,10.873,10.727,0.002,0.002
20.03.2020 08:33:11.950 GMT-0500,10.873,10.727,0.0008,0.002
20.03.2020 08:33:12.001 GMT-0500,10.883,10.727,0.002,0.002
20.03.2020 08:33:12.348 GMT-0500,10.882000000000001,10.728,0.0008,0.0008
20.03.2020 08:33:13.677 GMT-0500,10.853,10.727,0.0008,0.002
20.03.2020 08:33:14.314 GMT-0500,10.852,10.727,0.0008,0.002
20.03.2020 08:33:14.730 GMT-0500,10.802000000000001,10.728,0.0008,0.002
20.03.2020 08:33:15.037 GMT-0500,10.843,10.807,0.002,0.002
20.03.2020 08:33:15.137 GMT-0500,10.853,10.787,0.002,0.002
20.03.2020 08:33:15.315 GMT-0500,10.852,10.787,0.0008,0.002
20.03.2020 08:33:15.822 GMT-0500,10.852,10.788,0.0008,0.002
20.03.2020 08:33:16.871 GMT-0500,10.853,10.797,0.0008,0.002
20.03.2020 08:33:16.921 GMT-0500,10.882000000000001,10.818,0.002,0.002
20.03.2020 08:33:17.073 GMT-0500,10.892000000000001,10.818,0.0008,0.0008
20.03.2020 08:33:17.484 GMT-0500,10.882000000000001,10.818,0.0008,0.0008
20.03.2020 08:33:17.535 GMT-0500,10.892000000000001,10.818,0.0008,0.0008
20.03.2020 08:33:18.777 GMT-0500,10.883,10.817,0.0008,0.002
20.03.2020 08:33:18.926 GMT-0500,10.883,10.817,0.0008,0.002
20.03.2020 08:33:19.027 GMT-0500,10.932,10.767000000000001,0.0008,0.002
20.03.2020 08:33:19.077 GMT-0500,10.812000000000001,10.767000000000001,0.0008,0.002
20.03.2020 08:33:19.127 GMT-0500,10.812000000000001,10.748,0.002,0.002
20.03.2020 08:33:19.285 GMT-0500,10.813,10.737,0.002,0.002
20.03.2020 08:33:19.936 GMT-0500,10.812000000000001,10.737,0.0008,0.0008
20.03.2020 08:33:19.987 GMT-0500,10.812000000000001,10.708,0.002,0.002
20.03.2020 08:33:20.140 GMT-0500,10.812000000000001,10.717,0.0008,0.0008
20.03.2020 08:33:20.241 GMT-0500,10.763,10.717,0.0008,0.0008
20.03.2020 08:33:20.291 GMT-0500,10.763,10.687000000000001,0.002,0.002
20.03.2020 08:33:20.341 GMT-0500,10.742,10.688,0.0008,0.0008
20.03.2020 08:33:20.548 GMT-0500,10.742,10.658,0.0008,0.002
20.03.2020 08:33:20.598 GMT-0500,10.852,10.658,0.002,0.002
20.03.2020 08:33:21.055 GMT-0500,10.733,10.677000000000001,0.002,0.002
20.03.2020 08:33:21.173 GMT-0500,10.733,10.717,0.002,0.002
20.03.2020 08:33:22.154 GMT-0500,10.732000000000001,10.677999999999999,0.002,0.002
20.03.2020 08:33:22.254 GMT-0500,10.722999999999999,10.677000000000001,0.002,0.002
20.03.2020 08:33:22.645 GMT-0500,10.722000000000001,10.688,0.0008,0.0008
20.03.2020 08:33:22.695 GMT-0500,10.712000000000002,10.637,0.0008,0.002
20.03.2020 08:33:22.797 GMT-0500,10.733,10.637,0.002,0.002
20.03.2020 08:33:23.183 GMT-0500,10.733,10.657,0.002,0.0008
20.03.2020 08:33:23.742 GMT-0500,10.733,10.657,0.002,0.002
20.03.2020 08:33:23.792 GMT-0500,10.712000000000002,10.667,0.0008,0.002
20.03.2020 08:33:23.843 GMT-0500,10.712000000000002,10.658,0.0008,0.0008
20.03.2020 08:33:24.081 GMT-0500,10.713,10.687000000000001,0.0008,0.0008
20.03.2020 08:33:24.132 GMT-0500,10.733,10.657,0.002,0.002
20.03.2020 08:33:24.313 GMT-0500,10.732000000000001,10.698,0.0008,0.0008
20.03.2020 08:33:25.613 GMT-0500,10.733,10.697000000000001,0.002,0.002
20.03.2020 08:33:26.283 GMT-0500,10.732000000000001,10.697000000000001,0.0008,0.002
20.03.2020 08:33:27.856 GMT-0500,10.732000000000001,10.698,0.0008,0.002
20.03.2020 08:33:27.906 GMT-0500,10.822000000000001,10.727,0.0008,0.002
20.03.2020 08:33:28.104 GMT-0500,10.822000000000001,10.738,0.0008,0.0008
20.03.2020 08:33:28.155 GMT-0500,10.822000000000001,10.728,0.0008,0.0008
20.03.2020 08:33:28.358 GMT-0500,10.852,10.727,0.0008,0.002
20.03.2020 08:33:28.421 GMT-0500,10.843,10.727,0.0008,0.002
20.03.2020 08:33:28.572 GMT-0500,10.812000000000001,10.767999999999999,0.0008,0.0008
20.03.2020 08:33:28.693 GMT-0500,10.812000000000001,10.778,0.002,0.002
20.03.2020 08:33:28.820 GMT-0500,10.802999999999999,10.767000000000001,0.0008,0.002
20.03.2020 08:33:28.870 GMT-0500,10.802999999999999,10.737,0.002,0.002
20.03.2020 08:33:29.151 GMT-0500,10.813,10.737,0.002,0.002
20.03.2020 08:33:29.352 GMT-0500,10.813,10.748,0.0008,0.0008
20.03.2020 08:33:29.402 GMT-0500,10.832,10.748,0.002,0.002
20.03.2020 08:33:29.585 GMT-0500,10.843,10.747,0.002,0.002
20.03.2020 08:33:29.712 GMT-0500,10.842,10.748,0.0008,0.0008
20.03.2020 08:33:31.209 GMT-0500,10.833,10.747,0.0008,0.002
20.03.2020 08:33:31.360 GMT-0500,10.833,10.747,0.0008,0.002
20.03.2020 08:33:31.410 GMT-0500,10.922,10.788,0.0008,0.0008
20.03.2020 08:33:31.911 GMT-0500,10.902000000000001,10.787,0.0008,0.002
20.03.2020 08:33:32.669 GMT-0500,10.902000000000001,10.808,0.002,0.0008
20.03.2020 08:33:33.428 GMT-0500,10.903,10.807,0.0008,0.002
20.03.2020 08:33:34.226 GMT-0500,10.853,10.817,0.002,0.002
20.03.2020 08:33:34.381 GMT-0500,10.832,10.808,0.0008,0.0008
20.03.2020 08:33:34.749 GMT-0500,10.833,10.788,0.001,0.002
20.03.2020 08:33:34.850 GMT-0500,10.802000000000001,10.767999999999999,0.0008,0.0008
20.03.2020 08:33:35.214 GMT-0500,10.802000000000001,10.747,0.0008,0.002
20.03.2020 08:33:35.841 GMT-0500,10.763,10.717,0.0008,0.002
20.03.2020 08:33:35.891 GMT-0500,10.762,10.717,0.0008,0.002
20.03.2020 08:33:36.796 GMT-0500,10.763,10.717,0.002,0.002
20.03.2020 08:33:36.887 GMT-0500,10.762,10.747,0.0008,0.002
20.03.2020 08:33:37.209 GMT-0500,10.792,10.747,0.0008,0.002
20.03.2020 08:33:37.260 GMT-0500,10.792,10.767000000000001,0.0008,0.002
20.03.2020 08:33:37.386 GMT-0500,10.792,10.748,0.002,0.002
20.03.2020 08:33:37.747 GMT-0500,10.792,10.748,0.002,0.002
20.03.2020 08:33:37.797 GMT-0500,10.792,10.747,0.0008,0.002
20.03.2020 08:33:37.874 GMT-0500,10.792,10.757000000000001,0.0008,0.0008
20.03.2020 08:33:38.100 GMT-0500,10.792,10.758,0.002,0.002
20.03.2020 08:33:39.268 GMT-0500,10.792,10.767999999999999,0.0008,0.0008
20.03.2020 08:33:39.318 GMT-0500,10.802999999999999,10.767000000000001,0.002,0.002
20.03.2020 08:33:39.389 GMT-0500,10.783,10.767000000000001,0.0008,0.002
20.03.2020 08:33:39.667 GMT-0500,10.782,10.767999999999999,0.001,0.0008
20.03.2020 08:33:39.717 GMT-0500,10.752,10.708,0.0008,0.0008
20.03.2020 08:33:39.943 GMT-0500,10.753,10.707,0.002,0.002
20.03.2020 08:33:40.469 GMT-0500,10.832,10.708,0.0008,0.0008
20.03.2020 08:33:40.595 GMT-0500,10.823,10.757000000000001,0.0008,0.0008
20.03.2020 08:33:40.646 GMT-0500,10.823,10.747,0.002,0.002
20.03.2020 08:33:40.842 GMT-0500,10.802000000000001,10.747,0.0008,0.002
20.03.2020 08:33:40.894 GMT-0500,10.843,10.777000000000001,0.002,0.002
20.03.2020 08:33:41.040 GMT-0500,10.842,10.748,0.0008,0.0008
20.03.2020 08:33:41.091 GMT-0500,10.843,10.767000000000001,0.002,0.002
20.03.2020 08:33:41.778 GMT-0500,10.862,10.747,0.0008,0.002
20.03.2020 08:33:41.879 GMT-0500,10.892000000000001,10.748,0.002,0.002
20.03.2020 08:33:42.048 GMT-0500,10.922,10.747,0.0008,0.002
20.03.2020 08:33:42.314 GMT-0500,10.853,10.747,0.002,0.002
20.03.2020 08:33:42.515 GMT-0500,10.843,10.747,0.0008,0.002
20.03.2020 08:33:42.725 GMT-0500,10.842,10.748,0.002,0.002
20.03.2020 08:33:44.550 GMT-0500,10.762,10.698,0.002,0.002
20.03.2020 08:33:45.280 GMT-0500,10.742,10.697000000000001,0.0008,0.002
20.03.2020 08:33:45.992 GMT-0500,10.753,10.738,0.0008,0.0008
20.03.2020 08:33:46.043 GMT-0500,10.832,10.738,0.002,0.002
20.03.2020 08:33:46.093 GMT-0500,10.813,10.737,0.002,0.002
20.03.2020 08:33:47.926 GMT-0500,10.812000000000001,10.748,0.0008,0.0008
20.03.2020 08:33:47.976 GMT-0500,10.853,10.747,0.002,0.002
20.03.2020 08:33:48.428 GMT-0500,10.852,10.748,0.0008,0.0008
20.03.2020 08:33:48.905 GMT-0500,10.922,10.728,0.0008,0.0008
20.03.2020 08:33:49.501 GMT-0500,10.823,10.728,0.0008,0.0008
20.03.2020 08:33:51.552 GMT-0500,10.812000000000001,10.748,0.0008,0.0008
20.03.2020 08:33:51.853 GMT-0500,10.923,10.747,0.002,0.002
20.03.2020 08:33:52.173 GMT-0500,10.823,10.747,0.0008,0.002
20.03.2020 08:33:52.764 GMT-0500,10.812000000000001,10.748,0.0008,0.0008
20.03.2020 08:33:52.984 GMT-0500,10.823,10.747,0.002,0.002
20.03.2020 08:33:53.123 GMT-0500,10.822000000000001,10.728,0.0008,0.002
20.03.2020 08:33:53.174 GMT-0500,10.822000000000001,10.728,0.002,0.002
20.03.2020 08:33:53.564 GMT-0500,10.813,10.727,0.0008,0.002
20.03.2020 08:33:53.782 GMT-0500,10.813,10.727,0.0008,0.002
20.03.2020 08:33:53.946 GMT-0500,10.772,10.728,0.0008,0.002
20.03.2020 08:33:53.996 GMT-0500,10.822000000000001,10.727,0.0008,0.002
20.03.2020 08:33:54.162 GMT-0500,10.823,10.717,0.002,0.002
20.03.2020 08:33:54.333 GMT-0500,10.813,10.717,0.0008,0.002
20.03.2020 08:33:54.499 GMT-0500,10.823,10.717,0.002,0.002
20.03.2020 08:33:54.811 GMT-0500,10.823,10.727,0.002,0.0008
20.03.2020 08:33:54.911 GMT-0500,10.822000000000001,10.717,0.0008,0.002
20.03.2020 08:33:54.994 GMT-0500,10.773,10.717,0.0008,0.002
20.03.2020 08:33:55.618 GMT-0500,10.773,10.727,0.002,0.0008
20.03.2020 08:33:55.753 GMT-0500,10.772,10.727,0.0008,0.0008
20.03.2020 08:33:55.804 GMT-0500,10.772,10.717,0.0008,0.002
20.03.2020 08:33:56.405 GMT-0500,10.763,10.697000000000001,0.0008,0.002
20.03.2020 08:33:56.506 GMT-0500,10.773,10.747,0.002,0.002
20.03.2020 08:33:56.617 GMT-0500,10.783,10.758,0.0008,0.0008
20.03.2020 08:33:56.667 GMT-0500,10.853,10.747,0.002,0.002
20.03.2020 08:33:56.790 GMT-0500,10.853,10.748,0.0008,0.0008
20.03.2020 08:33:56.947 GMT-0500,10.862,10.757000000000001,0.0008,0.002
20.03.2020 08:33:57.051 GMT-0500,10.812000000000001,10.758,0.0008,0.0008
20.03.2020 08:33:57.675 GMT-0500,10.812000000000001,10.758,0.002,0.002
20.03.2020 08:33:58.447 GMT-0500,10.813,10.767000000000001,0.0008,0.002
20.03.2020 08:33:58.498 GMT-0500,10.832,10.767999999999999,0.0008,0.0008
20.03.2020 08:33:58.591 GMT-0500,10.822000000000001,10.767999999999999,0.0008,0.0008
20.03.2020 08:33:58.783 GMT-0500,10.823,10.767999999999999,0.0008,0.0008
20.03.2020 08:33:58.833 GMT-0500,10.832,10.767999999999999,0.002,0.002
20.03.2020 08:33:58.962 GMT-0500,10.832,10.767999999999999,0.0008,0.002
20.03.2020 08:33:59.012 GMT-0500,10.842,10.788,0.002,0.002
20.03.2020 08:33:59.287 GMT-0500,10.832,10.788,0.0008,0.002
20.03.2020 08:33:59.505 GMT-0500,10.802000000000001,10.788,0.0008,0.0008
20.03.2020 08:33:59.555 GMT-0500,10.802000000000001,10.767999999999999,0.002,0.002
20.03.2020 08:33:59.944 GMT-0500,10.802000000000001,10.788,0.002,0.002
20.03.2020 08:34:00.101 GMT-0500,10.832,10.788,0.002,0.002
20.03.2020 08:34:00.643 GMT-0500,10.852,10.788,0.002,0.002
20.03.2020 08:34:00.693 GMT-0500,10.832,10.798,0.0008,0.0008
20.03.2020 08:34:00.841 GMT-0500,10.812000000000001,10.767999999999999,0.002,0.002
20.03.2020 08:34:01.044 GMT-0500,10.812000000000001,10.758,0.0008,0.0008
20.03.2020 08:34:01.332 GMT-0500,10.813,10.757000000000001,0.002,0.0008
20.03.2020 08:34:02.384 GMT-0500,10.832,10.798,0.0008,0.0008
20.03.2020 08:34:02.435 GMT-0500,10.762,10.718,0.002,0.002
20.03.2020 08:34:02.637 GMT-0500,10.842,10.718,0.002,0.002
20.03.2020 08:34:02.787 GMT-0500,10.832,10.718,0.0008,0.002
20.03.2020 08:34:02.888 GMT-0500,10.842,10.748,0.002,0.002
20.03.2020 08:34:03.008 GMT-0500,10.802999999999999,10.747,0.002,0.002
20.03.2020 08:34:03.336 GMT-0500,10.802999999999999,10.758,0.0008,0.0008
20.03.2020 08:34:04.479 GMT-0500,10.793,10.767000000000001,0.002,0.002
20.03.2020 08:34:04.564 GMT-0500,10.792,10.747,0.0008,0.002
20.03.2020 08:34:04.890 GMT-0500,10.793,10.767000000000001,0.002,0.002
20.03.2020 08:34:04.991 GMT-0500,10.792,10.767999999999999,0.0008,0.0008
20.03.2020 08:34:05.471 GMT-0500,10.792,10.778,0.0008,0.0008
20.03.2020 08:34:05.916 GMT-0500,10.793,10.767000000000001,0.002,0.002
20.03.2020 08:34:06.016 GMT-0500,10.812000000000001,10.757000000000001,0.0008,0.002
20.03.2020 08:34:06.519 GMT-0500,10.793,10.757000000000001,0.0008,0.002
20.03.2020 08:34:06.785 GMT-0500,10.783,10.777000000000001,0.0008,0.0008
20.03.2020 08:34:06.835 GMT-0500,10.812000000000001,10.778,0.0008,0.0008
20.03.2020 08:34:07.345 GMT-0500,10.812000000000001,10.767999999999999,0.0008,0.002
20.03.2020 08:34:07.636 GMT-0500,10.812000000000001,10.778,0.002,0.002
20.03.2020 08:34:08.177 GMT-0500,10.783,10.758,0.0008,0.002
20.03.2020 08:34:08.228 GMT-0500,10.782,10.758,0.0008,0.0008
20.03.2020 08:34:08.459 GMT-0500,10.812000000000001,10.778,0.002,0.002
20.03.2020 08:34:09.139 GMT-0500,10.812000000000001,10.797,0.0008,0.0008
20.03.2020 08:34:09.190 GMT-0500,10.812000000000001,10.788,0.002,0.002
20.03.2020 08:34:09.448 GMT-0500,10.793,10.787,0.0008,0.0008
20.03.2020 08:34:09.499 GMT-0500,10.792,10.758,0.0008,0.0008
20.03.2020 08:34:10.119 GMT-0500,10.793,10.757000000000001,0.002,0.002
20.03.2020 08:34:10.524 GMT-0500,10.792,10.718,0.0008,0.002
20.03.2020 08:34:10.693 GMT-0500,10.792,10.717,0.0008,0.002
20.03.2020 08:34:10.794 GMT-0500,10.782,10.717,0.0008,0.002
20.03.2020 08:34:12.141 GMT-0500,10.782,10.728,0.002,0.0008
20.03.2020 08:34:12.333 GMT-0500,10.782,10.718,0.0008,0.0008
20.03.2020 08:34:12.428 GMT-0500,10.73,10.698,0.0008,0.002
20.03.2020 08:34:12.478 GMT-0500,10.712000000000002,10.698,0.0008,0.0008
20.03.2020 08:34:12.559 GMT-0500,10.722999999999999,10.698,0.0008,0.002
20.03.2020 08:34:12.609 GMT-0500,10.772,10.707,0.0008,0.002
20.03.2020 08:34:13.081 GMT-0500,10.763,10.707,0.0008,0.002
20.03.2020 08:34:13.586 GMT-0500,10.752,10.708,0.002,0.002
20.03.2020 08:34:13.637 GMT-0500,10.762,10.708,0.0008,0.0008
20.03.2020 08:34:13.881 GMT-0500,10.782,10.707,0.0008,0.002
20.03.2020 08:34:14.189 GMT-0500,10.772,10.708,0.0008,0.002
20.03.2020 08:34:14.290 GMT-0500,10.782,10.708,0.0008,0.0008
20.03.2020 08:34:14.672 GMT-0500,10.782,10.728,0.002,0.0008
20.03.2020 08:34:14.723 GMT-0500,10.782,10.707,0.0008,0.002
20.03.2020 08:34:14.823 GMT-0500,10.782,10.728,0.002,0.0008
20.03.2020 08:34:15.105 GMT-0500,10.832,10.727,0.0008,0.002
20.03.2020 08:34:15.356 GMT-0500,10.802999999999999,10.727,0.0008,0.002
20.03.2020 08:34:15.542 GMT-0500,10.792,10.728,0.0008,0.0008
20.03.2020 08:34:15.592 GMT-0500,10.802000000000001,10.697000000000001,0.0008,0.002
20.03.2020 08:34:15.838 GMT-0500,10.802000000000001,10.708,0.002,0.002
20.03.2020 08:34:16.036 GMT-0500,10.802000000000001,10.698,0.0008,0.0008
20.03.2020 08:34:16.266 GMT-0500,10.793,10.697000000000001,0.0008,0.002
20.03.2020 08:34:16.367 GMT-0500,10.802000000000001,10.697000000000001,0.0008,0.002
20.03.2020 08:34:16.474 GMT-0500,10.802000000000001,10.728,0.002,0.0008
20.03.2020 08:34:16.575 GMT-0500,10.763,10.697000000000001,0.002,0.002
20.03.2020 08:34:21.066 GMT-0500,10.752,10.698,0.0008,0.0008
20.03.2020 08:34:21.176 GMT-0500,10.762,10.697000000000001,0.0008,0.002
20.03.2020 08:34:21.542 GMT-0500,10.812000000000001,10.698,0.0008,0.0008
20.03.2020 08:34:21.799 GMT-0500,10.802999999999999,10.697000000000001,0.0008,0.002
20.03.2020 08:34:21.961 GMT-0500,10.813,10.697000000000001,0.002,0.002
20.03.2020 08:34:22.034 GMT-0500,10.762,10.697000000000001,0.0008,0.002
20.03.2020 08:34:22.523 GMT-0500,10.753,10.698,0.0008,0.0008
20.03.2020 08:34:22.661 GMT-0500,10.763,10.697000000000001,0.002,0.002
20.03.2020 08:34:22.972 GMT-0500,10.762,10.708,0.0008,0.0008
20.03.2020 08:34:23.123 GMT-0500,10.722000000000001,10.698,0.0008,0.0008
20.03.2020 08:34:23.173 GMT-0500,10.752,10.698,0.0008,0.0008
20.03.2020 08:34:23.223 GMT-0500,10.732000000000001,10.698,0.0008,0.0008
20.03.2020 08:34:24.718 GMT-0500,10.712000000000002,10.697000000000001,0.0008,0.002
20.03.2020 08:34:24.986 GMT-0500,10.702,10.637,0.0008,0.002
20.03.2020 08:34:25.036 GMT-0500,10.693,10.637,0.002,0.002
20.03.2020 08:34:25.161 GMT-0500,10.692,10.628,0.0008,0.002
20.03.2020 08:34:25.211 GMT-0500,10.692,10.628,0.002,0.002
20.03.2020 08:34:25.540 GMT-0500,10.692,10.637,0.0008,0.0008
20.03.2020 08:34:25.658 GMT-0500,10.693,10.637,0.002,0.002
20.03.2020 08:34:25.878 GMT-0500,10.692,10.647,0.0008,0.0008
20.03.2020 08:34:25.929 GMT-0500,10.692,10.638,0.002,0.002
20.03.2020 08:34:26.037 GMT-0500,10.683,10.637,0.0008,0.002
20.03.2020 08:34:26.088 GMT-0500,10.692,10.628,0.0008,0.0008
20.03.2020 08:34:26.614 GMT-0500,10.672,10.628,0.0008,0.002
20.03.2020 08:34:27.008 GMT-0500,10.672,10.638,0.002,0.002
20.03.2020 08:34:27.059 GMT-0500,10.673,10.627,0.002,0.002
20.03.2020 08:34:27.969 GMT-0500,10.652000000000001,10.627,0.0008,0.002
20.03.2020 08:34:28.019 GMT-0500,10.672,10.628,0.0008,0.0008
20.03.2020 08:34:28.192 GMT-0500,10.642999999999999,10.627,0.0008,0.002
20.03.2020 08:34:28.723 GMT-0500,10.642000000000001,10.628,0.0008,0.0008
20.03.2020 08:34:29.711 GMT-0500,10.642999999999999,10.627,0.002,0.002
20.03.2020 08:34:31.957 GMT-0500,10.642000000000001,10.597999999999999,0.0008,0.002
20.03.2020 08:34:32.007 GMT-0500,10.642000000000001,10.597999999999999,0.0008,0.0008
20.03.2020 08:34:32.108 GMT-0500,10.632000000000001,10.597999999999999,0.002,0.002
20.03.2020 08:34:32.158 GMT-0500,10.642000000000001,10.578,0.002,0.002
20.03.2020 08:34:32.363 GMT-0500,10.642000000000001,10.567,0.0008,0.002
20.03.2020 08:34:32.413 GMT-0500,10.622,10.568,0.0008,0.0008
20.03.2020 08:34:32.661 GMT-0500,10.612,10.568,0.0008,0.002
20.03.2020 08:34:34.191 GMT-0500,10.603,10.567,0.0008,0.002
20.03.2020 08:34:34.241 GMT-0500,10.613,10.567,0.002,0.002
20.03.2020 08:34:34.292 GMT-0500,10.582,10.568,0.0008,0.0008
20.03.2020 08:34:34.884 GMT-0500,10.572000000000001,10.538,0.002,0.002
20.03.2020 08:34:34.934 GMT-0500,10.562000000000001,10.547,0.0008,0.002
20.03.2020 08:34:34.984 GMT-0500,10.582,10.547,0.0008,0.002
20.03.2020 08:34:35.099 GMT-0500,10.582,10.498,0.002,0.002
20.03.2020 08:34:35.329 GMT-0500,10.583,10.497,0.002,0.002
20.03.2020 08:34:35.380 GMT-0500,10.542,10.497,0.0008,0.002
20.03.2020 08:34:35.638 GMT-0500,10.543,10.497,0.002,0.002
20.03.2020 08:34:35.690 GMT-0500,10.543,10.497,0.002,0.002
20.03.2020 08:34:36.267 GMT-0500,10.542,10.527000000000001,0.0008,0.0008
20.03.2020 08:34:36.317 GMT-0500,10.542,10.497,0.0008,0.002
20.03.2020 08:34:36.367 GMT-0500,10.512,10.498,0.002,0.002
20.03.2020 08:34:36.468 GMT-0500,10.572000000000001,10.498,0.0008,0.0008
20.03.2020 08:34:36.568 GMT-0500,10.583,10.497,0.002,0.002
20.03.2020 08:34:36.687 GMT-0500,10.582,10.498,0.0008,0.0008
20.03.2020 08:34:36.737 GMT-0500,10.583,10.507000000000001,0.002,0.002
20.03.2020 08:34:36.838 GMT-0500,10.522,10.498,0.0008,0.0008
20.03.2020 08:34:36.939 GMT-0500,10.523,10.507000000000001,0.002,0.002
20.03.2020 08:34:37.231 GMT-0500,10.522,10.498,0.002,0.002
20.03.2020 08:34:37.534 GMT-0500,10.563,10.507000000000001,0.002,0.002
20.03.2020 08:34:37.584 GMT-0500,10.522,10.507000000000001,0.0008,0.002
20.03.2020 08:34:37.885 GMT-0500,10.522,10.498,0.002,0.002
20.03.2020 08:34:38.795 GMT-0500,10.552999999999999,10.497,0.002,0.002
20.03.2020 08:34:38.918 GMT-0500,10.562000000000001,10.498,0.0008,0.0008
20.03.2020 08:34:39.300 GMT-0500,10.562000000000001,10.498,0.002,0.002
20.03.2020 08:34:39.444 GMT-0500,10.552999999999999,10.497,0.002,0.002
20.03.2020 08:34:39.525 GMT-0500,10.552000000000001,10.497,0.0008,0.002
20.03.2020 08:34:39.575 GMT-0500,10.552999999999999,10.497,0.002,0.002
20.03.2020 08:34:39.726 GMT-0500,10.563,10.497,0.002,0.002
20.03.2020 08:34:39.776 GMT-0500,10.522,10.498,0.0008,0.0008
20.03.2020 08:34:40.164 GMT-0500,10.552000000000001,10.517999999999999,0.002,0.002
20.03.2020 08:34:40.215 GMT-0500,10.582,10.517000000000001,0.0008,0.002
20.03.2020 08:34:40.464 GMT-0500,10.582,10.508,0.0008,0.0008
20.03.2020 08:34:41.075 GMT-0500,10.573,10.497,0.0008,0.002
20.03.2020 08:34:41.213 GMT-0500,10.562000000000001,10.498,0.0008,0.0008
20.03.2020 08:34:41.314 GMT-0500,10.573,10.497,0.002,0.002
20.03.2020 08:34:42.033 GMT-0500,10.562000000000001,10.498,0.0008,0.0008
20.03.2020 08:34:42.212 GMT-0500,10.533,10.497,0.002,0.002
20.03.2020 08:34:43.512 GMT-0500,10.533,10.517000000000001,0.002,0.0008
20.03.2020 08:34:43.842 GMT-0500,10.533,10.497,0.002,0.002
20.03.2020 08:34:44.208 GMT-0500,10.533,10.497,0.0008,0.002
20.03.2020 08:34:44.258 GMT-0500,10.562000000000001,10.498,0.002,0.002
20.03.2020 08:34:44.439 GMT-0500,10.572000000000001,10.497,0.0008,0.002
20.03.2020 08:34:45.030 GMT-0500,10.572000000000001,10.497,0.0008,0.002
20.03.2020 08:34:45.584 GMT-0500,10.563,10.517000000000001,0.0008,0.002
20.03.2020 08:34:45.944 GMT-0500,10.563,10.517000000000001,0.0008,0.002
20.03.2020 08:34:45.995 GMT-0500,10.573,10.517000000000001,0.002,0.002
20.03.2020 08:34:46.045 GMT-0500,10.533,10.497,0.002,0.002
20.03.2020 08:34:46.494 GMT-0500,10.532,10.497,0.0008,0.002
20.03.2020 08:34:46.545 GMT-0500,10.532,10.498,0.002,0.002
20.03.2020 08:34:48.025 GMT-0500,10.532,10.498,0.002,0.002
20.03.2020 08:34:48.431 GMT-0500,10.533,10.517000000000001,0.002,0.002
20.03.2020 08:34:48.622 GMT-0500,10.533,10.517000000000001,0.0008,0.002
20.03.2020 08:34:48.672 GMT-0500,10.542,10.528,0.0008,0.0008
20.03.2020 08:34:49.078 GMT-0500,10.563,10.537,0.002,0.002
20.03.2020 08:34:49.451 GMT-0500,10.562000000000001,10.538,0.0008,0.0008
20.03.2020 08:34:49.535 GMT-0500,10.552000000000001,10.538,0.0008,0.0008
20.03.2020 08:34:50.103 GMT-0500,10.552000000000001,10.527000000000001,0.0008,0.002
20.03.2020 08:34:50.214 GMT-0500,10.552999999999999,10.527000000000001,0.002,0.002
20.03.2020 08:34:50.469 GMT-0500,10.552000000000001,10.537,0.0008,0.002
20.03.2020 08:34:51.136 GMT-0500,10.552000000000001,10.528,0.002,0.002
20.03.2020 08:34:51.187 GMT-0500,10.542,10.517000000000001,0.0008,0.002
20.03.2020 08:34:51.288 GMT-0500,10.542,10.527000000000001,0.0008,0.002
20.03.2020 08:34:52.330 GMT-0500,10.543,10.517000000000001,0.002,0.002
20.03.2020 08:34:52.876 GMT-0500,10.542,10.498,0.0008,0.0008
20.03.2020 08:34:53.774 GMT-0500,10.542,10.508,0.0008,0.0008
20.03.2020 08:34:54.241 GMT-0500,10.542,10.517999999999999,0.0008,0.0008
20.03.2020 08:34:55.134 GMT-0500,10.543,10.507000000000001,0.002,0.002
20.03.2020 08:34:55.185 GMT-0500,10.522,10.507000000000001,0.0008,0.002
20.03.2020 08:34:56.033 GMT-0500,10.523,10.507000000000001,0.002,0.002
20.03.2020 08:34:56.084 GMT-0500,10.522,10.498,0.0008,0.0008
20.03.2020 08:34:56.520 GMT-0500,10.523,10.497,0.0008,0.002
20.03.2020 08:34:57.852 GMT-0500,10.522,10.497,0.0008,0.002
20.03.2020 08:34:59.239 GMT-0500,10.523,10.497,0.0008,0.002
20.03.2020 08:34:59.289 GMT-0500,10.562000000000001,10.517000000000001,0.0008,0.002
20.03.2020 08:34:59.440 GMT-0500,10.532,10.517999999999999,0.0008,0.0008
20.03.2020 08:34:59.725 GMT-0500,10.532,10.508,0.002,0.002
20.03.2020 08:35:00.033 GMT-0500,10.532,10.497,0.0008,0.002
20.03.2020 08:35:01.398 GMT-0500,10.533,10.497,0.002,0.002
20.03.2020 08:35:01.559 GMT-0500,10.533,10.497,0.002,0.002
20.03.2020 08:35:01.610 GMT-0500,10.532,10.498,0.002,0.002
20.03.2020 08:35:02.596 GMT-0500,10.532,10.498,0.0008,0.002
20.03.2020 08:35:02.646 GMT-0500,10.572000000000001,10.528,0.0008,0.0008
20.03.2020 08:35:02.922 GMT-0500,10.572000000000001,10.517000000000001,0.0008,0.002
20.03.2020 08:35:03.274 GMT-0500,10.572000000000001,10.538,0.0008,0.0008
20.03.2020 08:35:03.375 GMT-0500,10.592,10.547,0.0008,0.002
20.03.2020 08:35:03.570 GMT-0500,10.563,10.537,0.0008,0.002
20.03.2020 08:35:03.621 GMT-0500,10.563,10.537,0.002,0.002
20.03.2020 08:35:03.950 GMT-0500,10.562000000000001,10.538,0.0008,0.0008
20.03.2020 08:35:04.001 GMT-0500,10.562000000000001,10.517999999999999,0.002,0.002
20.03.2020 08:35:04.233 GMT-0500,10.562000000000001,10.537,0.0008,0.0008
20.03.2020 08:35:04.284 GMT-0500,10.562000000000001,10.517000000000001,0.0008,0.002
20.03.2020 08:35:04.856 GMT-0500,10.562000000000001,10.527000000000001,0.0008,0.0008
20.03.2020 08:35:04.957 GMT-0500,10.583,10.527000000000001,0.002,0.002
20.03.2020 08:35:05.362 GMT-0500,10.582,10.538,0.0008,0.0008
20.03.2020 08:35:06.000 GMT-0500,10.612,10.537,0.0008,0.002
20.03.2020 08:35:06.101 GMT-0500,10.642000000000001,10.538,0.0008,0.0008
20.03.2020 08:35:06.287 GMT-0500,10.632000000000001,10.538,0.0008,0.0008
20.03.2020 08:35:06.388 GMT-0500,10.642999999999999,10.537,0.002,0.002
20.03.2020 08:35:06.449 GMT-0500,10.623,10.537,0.0008,0.002
20.03.2020 08:35:06.659 GMT-0500,10.623,10.547,0.002,0.002
20.03.2020 08:35:06.787 GMT-0500,10.622,10.548,0.0008,0.0008
20.03.2020 08:35:06.909 GMT-0500,10.623,10.548,0.0008,0.0008
20.03.2020 08:35:06.960 GMT-0500,10.662,10.548,0.0008,0.0008
20.03.2020 08:35:07.126 GMT-0500,10.632000000000001,10.548,0.0008,0.0008
20.03.2020 08:35:07.567 GMT-0500,10.612,10.548,0.0008,0.002
20.03.2020 08:35:08.351 GMT-0500,10.602,10.547,0.0008,0.002
20.03.2020 08:35:08.495 GMT-0500,10.612,10.547,0.0008,0.002
20.03.2020 08:35:09.551 GMT-0500,10.603,10.547,0.0008,0.002
20.03.2020 08:35:09.651 GMT-0500,10.613,10.557,0.002,0.002
20.03.2020 08:35:09.967 GMT-0500,10.573,10.558,0.0008,0.0008
20.03.2020 08:35:10.017 GMT-0500,10.572000000000001,10.548,0.0008,0.0008
20.03.2020 08:35:10.394 GMT-0500,10.573,10.558,0.0008,0.0008
20.03.2020 08:35:10.444 GMT-0500,10.602,10.558,0.0008,0.0008
20.03.2020 08:35:10.495 GMT-0500,10.612,10.558,0.0008,0.0008
20.03.2020 08:35:11.348 GMT-0500,10.603,10.567,0.0008,0.0008
20.03.2020 08:35:11.448 GMT-0500,10.633,10.577,0.002,0.002
20.03.2020 08:35:11.649 GMT-0500,10.612,10.597999999999999,0.0008,0.0008
20.03.2020 08:35:11.699 GMT-0500,10.592,10.578,0.002,0.002
20.03.2020 08:35:12.799 GMT-0500,10.602,10.578,0.0008,0.0008
20.03.2020 08:35:13.030 GMT-0500,10.603,10.577,0.0008,0.002
20.03.2020 08:35:13.081 GMT-0500,10.612,10.557,0.0008,0.002
20.03.2020 08:35:13.379 GMT-0500,10.612,10.588,0.0008,0.0008
20.03.2020 08:35:13.429 GMT-0500,10.622,10.588,0.0008,0.0008
20.03.2020 08:35:13.663 GMT-0500,10.622,10.577,0.0008,0.002
20.03.2020 08:35:14.448 GMT-0500,10.603,10.577,0.0008,0.002
20.03.2020 08:35:14.809 GMT-0500,10.602,10.557,0.0008,0.002
20.03.2020 08:35:14.892 GMT-0500,10.602,10.567,0.0008,0.0008
20.03.2020 08:35:14.992 GMT-0500,10.602,10.557,0.0008,0.002
20.03.2020 08:35:15.751 GMT-0500,10.602,10.588,0.0008,0.0008
20.03.2020 08:35:16.050 GMT-0500,10.672,10.618,0.002,0.002
20.03.2020 08:35:16.325 GMT-0500,10.673,10.617,0.002,0.002
20.03.2020 08:35:16.488 GMT-0500,10.673,10.597000000000001,0.002,0.002
20.03.2020 08:35:16.957 GMT-0500,10.652000000000001,10.597999999999999,0.002,0.002
20.03.2020 08:35:17.626 GMT-0500,10.613,10.597999999999999,0.0008,0.0008
20.03.2020 08:35:17.676 GMT-0500,10.613,10.587000000000002,0.002,0.002
20.03.2020 08:35:18.052 GMT-0500,10.623,10.587000000000002,0.002,0.002
20.03.2020 08:35:18.102 GMT-0500,10.632000000000001,10.608,0.002,0.002
20.03.2020 08:35:18.772 GMT-0500,10.653,10.607000000000001,0.002,0.002
20.03.2020 08:35:19.597 GMT-0500,10.623,10.607000000000001,0.0008,0.0008
20.03.2020 08:35:19.648 GMT-0500,10.623,10.597000000000001,0.002,0.002
20.03.2020 08:35:20.294 GMT-0500,10.622,10.608,0.0008,0.0008
20.03.2020 08:35:20.394 GMT-0500,10.622,10.597999999999999,0.0008,0.0008
20.03.2020 08:35:21.544 GMT-0500,10.603,10.567,0.002,0.002
20.03.2020 08:35:21.594 GMT-0500,10.602,10.578,0.0008,0.0008
20.03.2020 08:35:21.851 GMT-0500,10.603,10.557,0.002,0.002
20.03.2020 08:35:21.901 GMT-0500,10.603,10.557,0.002,0.002
20.03.2020 08:35:22.050 GMT-0500,10.592,10.557,0.0008,0.002
20.03.2020 08:35:22.310 GMT-0500,10.593,10.557,0.002,0.002
20.03.2020 08:35:22.632 GMT-0500,10.592,10.557,0.0008,0.002
20.03.2020 08:35:23.181 GMT-0500,10.582,10.558,0.0008,0.002
20.03.2020 08:35:23.232 GMT-0500,10.592,10.578,0.0008,0.0008
20.03.2020 08:35:23.355 GMT-0500,10.593,10.567,0.002,0.002
20.03.2020 08:35:23.430 GMT-0500,10.593,10.567,0.002,0.002
20.03.2020 08:35:23.752 GMT-0500,10.592,10.578,0.002,0.002
20.03.2020 08:35:24.085 GMT-0500,10.592,10.568,0.0008,0.0008
20.03.2020 08:35:24.162 GMT-0500,10.592,10.568,0.002,0.002
20.03.2020 08:35:24.402 GMT-0500,10.583,10.537,0.002,0.002
20.03.2020 08:35:24.503 GMT-0500,10.573,10.517000000000001,0.002,0.002
20.03.2020 08:35:24.957 GMT-0500,10.572000000000001,10.517999999999999,0.002,0.002
20.03.2020 08:35:25.209 GMT-0500,10.592,10.558,0.0008,0.0008
20.03.2020 08:35:26.137 GMT-0500,10.572000000000001,10.538,0.0008,0.002
20.03.2020 08:35:26.187 GMT-0500,10.593,10.567,0.002,0.002
20.03.2020 08:35:26.623 GMT-0500,10.582,10.567,0.0008,0.0008
20.03.2020 08:35:26.673 GMT-0500,10.582,10.557,0.0008,0.002
20.03.2020 08:35:27.305 GMT-0500,10.592,10.558,0.0008,0.0008
20.03.2020 08:35:30.415 GMT-0500,10.593,10.577,0.002,0.0008
20.03.2020 08:35:30.573 GMT-0500,10.663,10.587000000000002,0.002,0.002
20.03.2020 08:35:30.623 GMT-0500,10.682,10.637,0.0008,0.002
20.03.2020 08:35:30.762 GMT-0500,10.682,10.618,0.0008,0.0008
20.03.2020 08:35:31.088 GMT-0500,10.702,10.648,0.002,0.002
20.03.2020 08:35:31.138 GMT-0500,10.702,10.617,0.0008,0.002
20.03.2020 08:35:31.211 GMT-0500,10.693,10.617,0.002,0.002
20.03.2020 08:35:31.262 GMT-0500,10.682,10.597000000000001,0.0008,0.002
20.03.2020 08:35:31.911 GMT-0500,10.662,10.597999999999999,0.002,0.002
20.03.2020 08:35:32.398 GMT-0500,10.662,10.618,0.0008,0.0008
20.03.2020 08:35:33.146 GMT-0500,10.663,10.638,0.0008,0.0008
20.03.2020 08:35:33.196 GMT-0500,10.702,10.638,0.002,0.002
20.03.2020 08:35:33.775 GMT-0500,10.692,10.638,0.0008,0.0008
20.03.2020 08:35:34.023 GMT-0500,10.702,10.638,0.002,0.002
20.03.2020 08:35:34.150 GMT-0500,10.663,10.638,0.0008,0.0008
20.03.2020 08:35:34.201 GMT-0500,10.662,10.627,0.0008,0.002
20.03.2020 08:35:34.466 GMT-0500,10.662,10.618,0.0008,0.0008
20.03.2020 08:35:34.864 GMT-0500,10.662,10.638,0.002,0.002
20.03.2020 08:35:35.790 GMT-0500,10.652000000000001,10.608,0.002,0.002
20.03.2020 08:35:36.011 GMT-0500,10.662,10.627,0.0008,0.002
20.03.2020 08:35:37.702 GMT-0500,10.692,10.627,0.0008,0.002
20.03.2020 08:35:37.783 GMT-0500,10.683,10.627,0.002,0.002
20.03.2020 08:35:38.125 GMT-0500,10.682,10.627,0.0008,0.002
20.03.2020 08:35:38.407 GMT-0500,10.692,10.648,0.0008,0.0008
20.03.2020 08:35:38.808 GMT-0500,10.655,10.647,0.0008,0.0008
20.03.2020 08:35:38.858 GMT-0500,10.652000000000001,10.627,0.0008,0.002
20.03.2020 08:35:38.947 GMT-0500,10.652000000000001,10.597999999999999,0.0008,0.0008
20.03.2020 08:35:39.018 GMT-0500,10.653,10.637,0.0008,0.0008
20.03.2020 08:35:39.068 GMT-0500,10.692,10.648,0.002,0.002
20.03.2020 08:35:39.119 GMT-0500,10.702,10.647,0.0008,0.002
20.03.2020 08:35:39.518 GMT-0500,10.703,10.647,0.002,0.0008
20.03.2020 08:35:39.619 GMT-0500,10.653,10.637,0.002,0.002
20.03.2020 08:35:39.762 GMT-0500,10.652000000000001,10.627,0.0008,0.002
20.03.2020 08:35:39.812 GMT-0500,10.652000000000001,10.597999999999999,0.002,0.002
20.03.2020 08:35:40.101 GMT-0500,10.653,10.597000000000001,0.002,0.002
20.03.2020 08:35:40.491 GMT-0500,10.653,10.645,0.0008,0.0008
20.03.2020 08:35:40.541 GMT-0500,10.692,10.647,0.0008,0.002
20.03.2020 08:35:41.527 GMT-0500,10.632000000000001,10.617,0.0008,0.002
20.03.2020 08:35:41.577 GMT-0500,10.632000000000001,10.607000000000001,0.0008,0.002
20.03.2020 08:35:41.740 GMT-0500,10.632000000000001,10.618,0.0008,0.0008
20.03.2020 08:35:43.158 GMT-0500,10.633,10.627,0.0008,0.0008
20.03.2020 08:35:43.208 GMT-0500,10.652000000000001,10.627,0.0008,0.002
20.03.2020 08:35:43.331 GMT-0500,10.702,10.628,0.002,0.002
20.03.2020 08:35:43.381 GMT-0500,10.652000000000001,10.628,0.0008,0.0008
20.03.2020 08:35:43.601 GMT-0500,10.658,10.648,0.0008,0.0008
20.03.2020 08:35:43.651 GMT-0500,10.663,10.637,0.002,0.002
20.03.2020 08:35:44.160 GMT-0500,10.652000000000001,10.637,0.0008,0.0008
20.03.2020 08:35:44.210 GMT-0500,10.652000000000001,10.607000000000001,0.0008,0.002
20.03.2020 08:35:44.503 GMT-0500,10.652000000000001,10.628,0.002,0.0008
20.03.2020 08:35:44.793 GMT-0500,10.658,10.628,0.0008,0.002
20.03.2020 08:35:44.843 GMT-0500,10.692,10.628,0.002,0.002
20.03.2020 08:35:44.965 GMT-0500,10.702,10.628,0.002,0.002
20.03.2020 08:35:45.100 GMT-0500,10.663,10.627,0.002,0.002
20.03.2020 08:35:45.955 GMT-0500,10.662,10.628,0.0008,0.0008
20.03.2020 08:35:46.076 GMT-0500,10.652000000000001,10.628,0.0008,0.0008
20.03.2020 08:35:46.923 GMT-0500,10.662,10.628,0.0008,0.0008
20.03.2020 08:35:47.532 GMT-0500,10.663,10.627,0.002,0.002
20.03.2020 08:35:48.643 GMT-0500,10.663,10.647,0.002,0.0008
20.03.2020 08:35:49.336 GMT-0500,10.662,10.648,0.0008,0.0008
20.03.2020 08:35:49.612 GMT-0500,10.662,10.628,0.0008,0.002
20.03.2020 08:35:49.664 GMT-0500,10.662,10.628,0.0008,0.0008
20.03.2020 08:35:52.436 GMT-0500,10.662,10.627,0.0008,0.0008
20.03.2020 08:35:52.544 GMT-0500,10.662,10.628,0.002,0.0008
20.03.2020 08:35:52.872 GMT-0500,10.652000000000001,10.628,0.0008,0.002
20.03.2020 08:35:52.923 GMT-0500,10.652000000000001,10.608,0.0008,0.0008
20.03.2020 08:35:54.655 GMT-0500,10.652000000000001,10.577,0.0008,0.002
20.03.2020 08:35:54.772 GMT-0500,10.652000000000001,10.588,0.0008,0.0008
20.03.2020 08:35:54.865 GMT-0500,10.652000000000001,10.578,0.002,0.002
20.03.2020 08:35:54.955 GMT-0500,10.652000000000001,10.618,0.002,0.002
20.03.2020 08:35:55.447 GMT-0500,10.652000000000001,10.577,0.0008,0.002
20.03.2020 08:35:56.178 GMT-0500,10.652000000000001,10.617,0.0008,0.0008
20.03.2020 08:35:56.278 GMT-0500,10.652000000000001,10.578,0.0008,0.0008
20.03.2020 08:35:57.497 GMT-0500,10.662,10.618,0.0008,0.0008
20.03.2020 08:35:58.099 GMT-0500,10.663,10.637,0.002,0.0008
20.03.2020 08:35:58.226 GMT-0500,10.652000000000001,10.618,0.002,0.002
20.03.2020 08:35:58.277 GMT-0500,10.662,10.617,0.0008,0.002
20.03.2020 08:35:58.674 GMT-0500,10.642000000000001,10.617,0.0008,0.002
20.03.2020 08:35:59.181 GMT-0500,10.662,10.647,0.0008,0.002
20.03.2020 08:35:59.479 GMT-0500,10.653,10.617,0.002,0.002
20.03.2020 08:35:59.859 GMT-0500,10.652000000000001,10.618,0.002,0.0008
20.03.2020 08:35:59.910 GMT-0500,10.652000000000001,10.578,0.002,0.002
20.03.2020 08:35:59.960 GMT-0500,10.652000000000001,10.587000000000002,0.0008,0.002
20.03.2020 08:36:00.418 GMT-0500,10.622,10.578,0.0008,0.002
20.03.2020 08:36:00.469 GMT-0500,10.622,10.578,0.0008,0.0008
20.03.2020 08:36:00.710 GMT-0500,10.623,10.618,0.0008,0.0008
20.03.2020 08:36:00.761 GMT-0500,10.672,10.618,0.002,0.002
20.03.2020 08:36:00.861 GMT-0500,10.692,10.607000000000001,0.0008,0.002
20.03.2020 08:36:00.976 GMT-0500,10.692,10.607000000000001,0.0008,0.002
20.03.2020 08:36:01.160 GMT-0500,10.682,10.627,0.0008,0.002
20.03.2020 08:36:01.328 GMT-0500,10.672,10.627,0.0008,0.002
20.03.2020 08:36:02.267 GMT-0500,10.673,10.627,0.0008,0.002
20.03.2020 08:36:02.318 GMT-0500,10.702,10.657,0.0008,0.002
20.03.2020 08:36:02.431 GMT-0500,10.703,10.657,0.002,0.002
20.03.2020 08:36:02.946 GMT-0500,10.692,10.658,0.0008,0.0008
20.03.2020 08:36:03.472 GMT-0500,10.693,10.627,0.002,0.002
20.03.2020 08:36:03.524 GMT-0500,10.693,10.627,0.002,0.002
20.03.2020 08:36:03.742 GMT-0500,10.663,10.627,0.0008,0.002
20.03.2020 08:36:05.853 GMT-0500,10.665000000000001,10.628,0.0008,0.002
20.03.2020 08:36:05.903 GMT-0500,10.732000000000001,10.627,0.0008,0.002
20.03.2020 08:36:06.412 GMT-0500,10.762,10.628,0.0008,0.0008
20.03.2020 08:36:06.572 GMT-0500,10.763,10.637,0.002,0.0008
20.03.2020 08:36:06.673 GMT-0500,10.762,10.647,0.0008,0.002
20.03.2020 08:36:06.813 GMT-0500,10.703,10.647,0.0008,0.002
20.03.2020 08:36:07.154 GMT-0500,10.673,10.647,0.0008,0.002
20.03.2020 08:36:07.557 GMT-0500,10.673,10.667,0.0008,0.0008
20.03.2020 08:36:07.608 GMT-0500,10.702,10.648,0.002,0.002
20.03.2020 08:36:07.761 GMT-0500,10.703,10.647,0.002,0.002
20.03.2020 08:36:09.534 GMT-0500,10.702,10.648,0.0008,0.0008
20.03.2020 08:36:09.650 GMT-0500,10.702,10.648,0.0008,0.002
20.03.2020 08:36:09.821 GMT-0500,10.702,10.668,0.002,0.0008
20.03.2020 08:36:09.872 GMT-0500,10.702,10.647,0.0008,0.002
20.03.2020 08:36:11.512 GMT-0500,10.662,10.648,0.002,0.002
20.03.2020 08:36:12.510 GMT-0500,10.672,10.637,0.0008,0.002
20.03.2020 08:36:12.818 GMT-0500,10.662,10.638,0.0008,0.002
20.03.2020 08:36:13.007 GMT-0500,10.672,10.657,0.0008,0.002
20.03.2020 08:36:14.258 GMT-0500,10.672,10.638,0.002,0.002
20.03.2020 08:36:14.562 GMT-0500,10.673,10.637,0.002,0.002
20.03.2020 08:36:14.704 GMT-0500,10.672,10.658,0.0008,0.0008
20.03.2020 08:36:14.755 GMT-0500,10.672,10.638,0.0008,0.0008
20.03.2020 08:36:15.565 GMT-0500,10.672,10.638,0.0008,0.002
20.03.2020 08:36:15.615 GMT-0500,10.682,10.657,0.0008,0.002
20.03.2020 08:36:15.666 GMT-0500,10.683,10.667,0.002,0.002
20.03.2020 08:36:15.857 GMT-0500,10.682,10.657,0.0008,0.002
20.03.2020 08:36:16.248 GMT-0500,10.673,10.647,0.0008,0.002
20.03.2020 08:36:16.298 GMT-0500,10.672,10.647,0.0008,0.002
20.03.2020 08:36:16.378 GMT-0500,10.672,10.657,0.0008,0.0008
20.03.2020 08:36:16.429 GMT-0500,10.682,10.657,0.0008,0.002
20.03.2020 08:36:19.155 GMT-0500,10.663,10.647,0.002,0.002
20.03.2020 08:36:19.205 GMT-0500,10.682,10.657,0.0008,0.002
20.03.2020 08:36:20.731 GMT-0500,10.683,10.657,0.002,0.002
20.03.2020 08:36:21.647 GMT-0500,10.682,10.648,0.0008,0.002
20.03.2020 08:36:21.960 GMT-0500,10.672,10.648,0.0008,0.0008
20.03.2020 08:36:22.273 GMT-0500,10.672,10.658,0.0008,0.0008
20.03.2020 08:36:22.324 GMT-0500,10.682,10.658,0.002,0.002
20.03.2020 08:36:22.403 GMT-0500,10.672,10.658,0.0008,0.002
20.03.2020 08:36:23.969 GMT-0500,10.673,10.647,0.002,0.002
20.03.2020 08:36:24.893 GMT-0500,10.652000000000001,10.637,0.0008,0.002
20.03.2020 08:36:25.135 GMT-0500,10.662,10.638,0.0008,0.0008
20.03.2020 08:36:25.307 GMT-0500,10.663,10.637,0.002,0.002
20.03.2020 08:36:27.210 GMT-0500,10.662,10.638,0.002,0.002
20.03.2020 08:36:27.558 GMT-0500,10.663,10.647,0.002,0.002
20.03.2020 08:36:27.895 GMT-0500,10.662,10.648,0.002,0.002
20.03.2020 08:36:28.799 GMT-0500,10.662,10.648,0.0008,0.002
20.03.2020 08:36:28.849 GMT-0500,10.672,10.658,0.0008,0.0008
20.03.2020 08:36:29.491 GMT-0500,10.673,10.647,0.002,0.002
20.03.2020 08:36:29.694 GMT-0500,10.673,10.637,0.002,0.002
20.03.2020 08:36:29.745 GMT-0500,10.663,10.637,0.002,0.002
20.03.2020 08:36:30.387 GMT-0500,10.663,10.647,0.002,0.0008
20.03.2020 08:36:31.486 GMT-0500,10.662,10.638,0.002,0.002
20.03.2020 08:36:33.056 GMT-0500,10.652000000000001,10.638,0.0008,0.0008
20.03.2020 08:36:33.417 GMT-0500,10.653,10.637,0.002,0.002
20.03.2020 08:36:33.600 GMT-0500,10.652000000000001,10.637,0.0008,0.002
20.03.2020 08:36:35.396 GMT-0500,10.653,10.637,0.0008,0.002
20.03.2020 08:36:35.446 GMT-0500,10.663,10.637,0.002,0.002
20.03.2020 08:36:35.541 GMT-0500,10.652000000000001,10.638,0.0008,0.0008
20.03.2020 08:36:36.055 GMT-0500,10.653,10.607000000000001,0.002,0.002
20.03.2020 08:36:36.106 GMT-0500,10.653,10.607000000000001,0.002,0.002
20.03.2020 08:36:38.096 GMT-0500,10.652000000000001,10.608,0.0008,0.0008
20.03.2020 08:36:39.326 GMT-0500,10.652000000000001,10.637,0.002,0.0008
20.03.2020 08:36:41.878 GMT-0500,10.653,10.637,0.002,0.002
20.03.2020 08:36:42.271 GMT-0500,10.652000000000001,10.637,0.0008,0.002
20.03.2020 08:36:42.879 GMT-0500,10.653,10.637,0.002,0.0008
20.03.2020 08:36:42.929 GMT-0500,10.652000000000001,10.608,0.0008,0.0008
20.03.2020 08:36:43.564 GMT-0500,10.653,10.607000000000001,0.002,0.002
20.03.2020 08:36:43.701 GMT-0500,10.652000000000001,10.607000000000001,0.0008,0.002
20.03.2020 08:36:43.902 GMT-0500,10.653,10.607000000000001,0.002,0.002
20.03.2020 08:36:44.111 GMT-0500,10.653,10.577,0.002,0.002
20.03.2020 08:36:44.244 GMT-0500,10.633,10.577,0.0008,0.002
20.03.2020 08:36:44.295 GMT-0500,10.652000000000001,10.577,0.0008,0.002
20.03.2020 08:36:44.616 GMT-0500,10.653,10.577,0.002,0.002
20.03.2020 08:36:44.666 GMT-0500,10.622,10.578,0.0008,0.0008
20.03.2020 08:36:44.717 GMT-0500,10.652000000000001,10.578,0.0008,0.0008
20.03.2020 08:36:45.011 GMT-0500,10.653,10.597000000000001,0.002,0.0008
20.03.2020 08:36:45.287 GMT-0500,10.612,10.578,0.0008,0.002
20.03.2020 08:36:45.337 GMT-0500,10.652000000000001,10.558,0.0008,0.0008
20.03.2020 08:36:45.416 GMT-0500,10.642999999999999,10.577,0.0008,0.0008
20.03.2020 08:36:45.517 GMT-0500,10.652000000000001,10.577,0.0008,0.002
20.03.2020 08:36:45.618 GMT-0500,10.652000000000001,10.568,0.002,0.002
20.03.2020 08:36:45.719 GMT-0500,10.593,10.568,0.0008,0.0008
20.03.2020 08:36:45.770 GMT-0500,10.593,10.557,0.002,0.002
20.03.2020 08:36:46.619 GMT-0500,10.592,10.557,0.0008,0.002
20.03.2020 08:36:47.058 GMT-0500,10.662,10.628,0.002,0.002
20.03.2020 08:36:47.210 GMT-0500,10.663,10.627,0.002,0.002
20.03.2020 08:36:47.416 GMT-0500,10.662,10.628,0.0008,0.0008
20.03.2020 08:36:48.131 GMT-0500,10.653,10.627,0.0008,0.002
20.03.2020 08:36:48.812 GMT-0500,10.642000000000001,10.625,0.0008,0.0008
20.03.2020 08:36:48.868 GMT-0500,10.642000000000001,10.578,0.002,0.002
20.03.2020 08:36:49.174 GMT-0500,10.642999999999999,10.577,0.002,0.002
20.03.2020 08:36:50.404 GMT-0500,10.642000000000001,10.548,0.0008,0.0008
20.03.2020 08:36:50.464 GMT-0500,10.642000000000001,10.538,0.0008,0.0008
20.03.2020 08:36:50.735 GMT-0500,10.632000000000001,10.537,0.0008,0.002
20.03.2020 08:36:50.855 GMT-0500,10.623,10.537,0.0008,0.002
20.03.2020 08:36:54.629 GMT-0500,10.582,10.528,0.0008,0.0008
20.03.2020 08:36:54.679 GMT-0500,10.582,10.498,0.0008,0.0008
20.03.2020 08:36:54.730 GMT-0500,10.582,10.558,0.0008,0.0008
20.03.2020 08:36:55.043 GMT-0500,10.583,10.557,0.002,0.002
20.03.2020 08:36:55.252 GMT-0500,10.582,10.558,0.002,0.002
20.03.2020 08:36:55.915 GMT-0500,10.572000000000001,10.528,0.0008,0.0008
20.03.2020 08:36:55.965 GMT-0500,10.573,10.547,0.002,0.002
20.03.2020 08:36:56.111 GMT-0500,10.573,10.527000000000001,0.002,0.002
20.03.2020 08:36:57.718 GMT-0500,10.573,10.527000000000001,0.002,0.002
20.03.2020 08:36:57.886 GMT-0500,10.58,10.567,0.0008,0.0008
20.03.2020 08:36:57.937 GMT-0500,10.623,10.567,0.002,0.002
20.03.2020 08:36:59.276 GMT-0500,10.622,10.567,0.0008,0.002
20.03.2020 08:36:59.445 GMT-0500,10.622,10.557,0.0008,0.002
20.03.2020 08:36:59.529 GMT-0500,10.593,10.557,0.002,0.002
20.03.2020 08:36:59.662 GMT-0500,10.593,10.577,0.002,0.0008
20.03.2020 08:36:59.713 GMT-0500,10.572000000000001,10.528,0.002,0.002
20.03.2020 08:36:59.875 GMT-0500,10.572000000000001,10.508,0.002,0.002
20.03.2020 08:37:00.159 GMT-0500,10.573,10.517000000000001,0.002,0.0008
20.03.2020 08:37:00.652 GMT-0500,10.583,10.547,0.002,0.0008
20.03.2020 08:37:00.702 GMT-0500,10.583,10.497,0.002,0.002
20.03.2020 08:37:01.021 GMT-0500,10.583,10.497,0.002,0.002
20.03.2020 08:37:01.597 GMT-0500,10.563,10.517999999999999,0.0008,0.0008
20.03.2020 08:37:03.374 GMT-0500,10.562000000000001,10.517999999999999,0.0008,0.0008
20.03.2020 08:37:03.610 GMT-0500,10.582,10.547,0.0008,0.002
20.03.2020 08:37:03.661 GMT-0500,10.543,10.497,0.002,0.002
20.03.2020 08:37:07.613 GMT-0500,10.55,10.497,0.0008,0.002
20.03.2020 08:37:07.663 GMT-0500,10.632000000000001,10.538,0.0008,0.0008
20.03.2020 08:37:08.049 GMT-0500,10.633,10.537,0.002,0.002
20.03.2020 08:37:08.228 GMT-0500,10.652000000000001,10.538,0.0008,0.0008
20.03.2020 08:37:08.292 GMT-0500,10.592,10.538,0.0008,0.0008
20.03.2020 08:37:08.674 GMT-0500,10.592,10.508,0.002,0.002
20.03.2020 08:37:09.778 GMT-0500,10.592,10.497,0.0008,0.002
20.03.2020 08:37:10.597 GMT-0500,10.593,10.497,0.002,0.002
20.03.2020 08:37:10.747 GMT-0500,10.593,10.537,0.002,0.002
20.03.2020 08:37:11.387 GMT-0500,10.592,10.537,0.0008,0.002
20.03.2020 08:37:11.548 GMT-0500,10.592,10.548,0.002,0.0008
20.03.2020 08:37:11.819 GMT-0500,10.555,10.527000000000001,0.0008,0.002
20.03.2020 08:37:11.869 GMT-0500,10.552999999999999,10.527000000000001,0.002,0.002
20.03.2020 08:37:12.207 GMT-0500,10.552999999999999,10.497,0.002,0.002
20.03.2020 08:37:12.334 GMT-0500,10.552000000000001,10.497,0.0008,0.002
20.03.2020 08:37:12.964 GMT-0500,10.552000000000001,10.527000000000001,0.0008,0.0008
20.03.2020 08:37:13.017 GMT-0500,10.552000000000001,10.498,0.0008,0.0008
20.03.2020 08:37:13.622 GMT-0500,10.552999999999999,10.535,0.002,0.0008
20.03.2020 08:37:13.672 GMT-0500,10.552999999999999,10.497,0.002,0.002
20.03.2020 08:37:14.603 GMT-0500,10.593,10.537,0.002,0.002
20.03.2020 08:37:15.240 GMT-0500,10.592,10.538,0.002,0.0008
20.03.2020 08:37:15.291 GMT-0500,10.592,10.497,0.0008,0.002
20.03.2020 08:37:15.349 GMT-0500,10.552000000000001,10.498,0.0008,0.002
20.03.2020 08:37:15.399 GMT-0500,10.592,10.497,0.0008,0.002
20.03.2020 08:37:15.739 GMT-0500,10.552000000000001,10.498,0.0008,0.002
20.03.2020 08:37:15.948 GMT-0500,10.592,10.498,0.0008,0.0008
20.03.2020 08:37:16.298 GMT-0500,10.592,10.538,0.0008,0.0008
20.03.2020 08:37:16.886 GMT-0500,10.592,10.498,0.0008,0.0008
20.03.2020 08:37:18.136 GMT-0500,10.592,10.537,0.0008,0.002
20.03.2020 08:37:18.714 GMT-0500,10.593,10.497,0.002,0.002
20.03.2020 08:37:19.405 GMT-0500,10.592,10.537,0.0008,0.002
20.03.2020 08:37:19.745 GMT-0500,10.592,10.537,0.0008,0.0008
20.03.2020 08:37:19.795 GMT-0500,10.592,10.498,0.002,0.002
20.03.2020 08:37:19.848 GMT-0500,10.592,10.537,0.0008,0.0008
20.03.2020 08:37:19.898 GMT-0500,10.592,10.497,0.0008,0.002
20.03.2020 08:37:20.402 GMT-0500,10.552000000000001,10.498,0.0008,0.002
20.03.2020 08:37:20.452 GMT-0500,10.592,10.497,0.0008,0.002
20.03.2020 08:37:20.507 GMT-0500,10.592,10.538,0.002,0.002
20.03.2020 08:37:20.915 GMT-0500,10.555,10.538,0.0008,0.002
20.03.2020 08:37:21.801 GMT-0500,10.552000000000001,10.497,0.0008,0.002
20.03.2020 08:37:22.328 GMT-0500,10.552000000000001,10.535,0.002,0.0008
20.03.2020 08:37:22.624 GMT-0500,10.552999999999999,10.537,0.002,0.002
20.03.2020 08:37:23.089 GMT-0500,10.552000000000001,10.538,0.0008,0.0008
20.03.2020 08:37:24.797 GMT-0500,10.552000000000001,10.498,0.0008,0.0008
20.03.2020 08:37:25.351 GMT-0500,10.552000000000001,10.498,0.002,0.002
20.03.2020 08:37:26.066 GMT-0500,10.562000000000001,10.548,0.0008,0.0008
20.03.2020 08:37:26.626 GMT-0500,10.563,10.547,0.002,0.002
20.03.2020 08:37:28.133 GMT-0500,10.562000000000001,10.547,0.0008,0.002
20.03.2020 08:37:29.744 GMT-0500,10.563,10.547,0.0008,0.002
20.03.2020 08:37:29.795 GMT-0500,10.592,10.548,0.0008,0.0008
20.03.2020 08:37:32.028 GMT-0500,10.592,10.537,0.0008,0.002
20.03.2020 08:37:32.753 GMT-0500,10.562000000000001,10.537,0.0008,0.002
20.03.2020 08:37:33.300 GMT-0500,10.543,10.535,0.0008,0.0008
20.03.2020 08:37:33.350 GMT-0500,10.543,10.497,0.002,0.002
20.03.2020 08:37:33.976 GMT-0500,10.542,10.498,0.0008,0.0008
20.03.2020 08:37:35.309 GMT-0500,10.533,10.498,0.0008,0.0008
20.03.2020 08:37:35.802 GMT-0500,10.532,10.498,0.002,0.002
20.03.2020 08:37:36.641 GMT-0500,10.522,10.498,0.002,0.002
20.03.2020 08:37:36.742 GMT-0500,10.522,10.508,0.002,0.002
20.03.2020 08:37:36.792 GMT-0500,10.523,10.497,0.002,0.002
20.03.2020 08:37:37.822 GMT-0500,10.512,10.497,0.0008,0.002
20.03.2020 08:37:38.202 GMT-0500,10.513,10.497,0.002,0.002
20.03.2020 08:37:38.327 GMT-0500,10.512,10.498,0.002,0.002
20.03.2020 08:37:44.091 GMT-0500,10.513,10.467,0.002,0.002
20.03.2020 08:37:44.192 GMT-0500,10.472999999999999,10.457,0.002,0.002
20.03.2020 08:37:46.798 GMT-0500,10.472000000000001,10.455,0.0008,0.0008
20.03.2020 08:37:46.849 GMT-0500,10.462000000000002,10.417,0.0008,0.002
20.03.2020 08:37:47.314 GMT-0500,10.462000000000002,10.448,0.0008,0.0008
20.03.2020 08:37:47.563 GMT-0500,10.453,10.44,0.0008,0.0008
20.03.2020 08:37:47.613 GMT-0500,10.453,10.397,0.002,0.002
20.03.2020 08:37:47.664 GMT-0500,10.452,10.388,0.0008,0.0008
20.03.2020 08:37:48.065 GMT-0500,10.452,10.338,0.0008,0.002
20.03.2020 08:37:48.116 GMT-0500,10.452,10.338,0.002,0.002
20.03.2020 08:37:48.344 GMT-0500,10.452,10.338,0.0008,0.002
20.03.2020 08:37:48.461 GMT-0500,10.442,10.338,0.002,0.002
20.03.2020 08:37:48.544 GMT-0500,10.413,10.338,0.0008,0.0008
20.03.2020 08:37:48.644 GMT-0500,10.413,10.317,0.002,0.002
20.03.2020 08:37:49.102 GMT-0500,10.402000000000001,10.317,0.0008,0.002
20.03.2020 08:37:49.712 GMT-0500,10.403,10.387,0.002,0.002
20.03.2020 08:37:50.295 GMT-0500,10.403,10.387,0.0008,0.002
20.03.2020 08:37:50.346 GMT-0500,10.402000000000001,10.388,0.0008,0.0008
20.03.2020 08:37:50.464 GMT-0500,10.402000000000001,10.388,0.0008,0.002
20.03.2020 08:37:50.515 GMT-0500,10.412,10.398,0.002,0.002
20.03.2020 08:37:50.808 GMT-0500,10.413,10.387,0.002,0.002
20.03.2020 08:37:51.221 GMT-0500,10.412,10.387,0.0008,0.002
20.03.2020 08:37:51.391 GMT-0500,10.423,10.397,0.0008,0.002
20.03.2020 08:37:51.442 GMT-0500,10.443,10.407,0.002,0.002
20.03.2020 08:37:51.492 GMT-0500,10.422,10.388,0.0008,0.0008
20.03.2020 08:37:51.812 GMT-0500,10.422,10.388,0.0008,0.002
20.03.2020 08:37:51.863 GMT-0500,10.462000000000002,10.398,0.0008,0.0008
20.03.2020 08:37:51.971 GMT-0500,10.472000000000001,10.398,0.002,0.002
20.03.2020 08:37:52.279 GMT-0500,10.512,10.397,0.0008,0.002
20.03.2020 08:37:52.516 GMT-0500,10.463,10.397,0.0008,0.002
20.03.2020 08:37:52.850 GMT-0500,10.422,10.398,0.0008,0.0008
20.03.2020 08:37:53.020 GMT-0500,10.423,10.397,0.002,0.002
20.03.2020 08:37:53.121 GMT-0500,10.422,10.388,0.002,0.002
20.03.2020 08:37:53.346 GMT-0500,10.462000000000002,10.398,0.002,0.002
20.03.2020 08:37:53.446 GMT-0500,10.442,10.417,0.0008,0.002
20.03.2020 08:37:53.496 GMT-0500,10.472000000000001,10.417,0.0008,0.002
20.03.2020 08:37:53.974 GMT-0500,10.472000000000001,10.407,0.0008,0.002
20.03.2020 08:37:54.464 GMT-0500,10.472000000000001,10.388,0.002,0.002
20.03.2020 08:37:55.109 GMT-0500,10.492,10.387,0.0008,0.002
20.03.2020 08:37:55.649 GMT-0500,10.482000000000001,10.387,0.0008,0.002
20.03.2020 08:37:55.836 GMT-0500,10.483,10.387,0.0008,0.002
20.03.2020 08:37:55.887 GMT-0500,10.492,10.427999999999999,0.002,0.002
20.03.2020 08:37:56.241 GMT-0500,10.522,10.427999999999999,0.002,0.002
20.03.2020 08:37:56.547 GMT-0500,10.563,10.427000000000001,0.002,0.002
20.03.2020 08:37:56.672 GMT-0500,10.562000000000001,10.418,0.0008,0.002
20.03.2020 08:37:56.782 GMT-0500,10.562000000000001,10.418,0.002,0.002
20.03.2020 08:37:57.261 GMT-0500,10.523,10.427000000000001,0.0008,0.002
20.03.2020 08:37:57.312 GMT-0500,10.522,10.417,0.0008,0.002
20.03.2020 08:37:57.539 GMT-0500,10.523,10.417,0.0008,0.002
20.03.2020 08:37:57.602 GMT-0500,10.462000000000002,10.388,0.0008,0.0008
20.03.2020 08:37:57.901 GMT-0500,10.462000000000002,10.408,0.002,0.002
20.03.2020 08:37:58.217 GMT-0500,10.463,10.407,0.002,0.002
20.03.2020 08:37:58.749 GMT-0500,10.462000000000002,10.407,0.0008,0.002
20.03.2020 08:37:59.194 GMT-0500,10.462000000000002,10.408,0.002,0.002
20.03.2020 08:37:59.295 GMT-0500,10.463,10.417,0.002,0.002
20.03.2020 08:37:59.345 GMT-0500,10.463,10.437000000000001,0.002,0.002
20.03.2020 08:37:59.395 GMT-0500,10.462000000000002,10.418,0.002,0.002
20.03.2020 08:37:59.445 GMT-0500,10.462000000000002,10.437000000000001,0.0008,0.002
20.03.2020 08:37:59.632 GMT-0500,10.463,10.437000000000001,0.002,0.0008
20.03.2020 08:37:59.682 GMT-0500,10.463,10.417,0.002,0.002
20.03.2020 08:38:00.099 GMT-0500,10.462000000000002,10.408,0.0008,0.0008
20.03.2020 08:38:01.161 GMT-0500,10.452,10.388,0.0008,0.002
20.03.2020 08:38:01.211 GMT-0500,10.452,10.388,0.0008,0.0008
20.03.2020 08:38:02.707 GMT-0500,10.453,10.387,0.002,0.002
20.03.2020 08:38:03.071 GMT-0500,10.403,10.387,0.0008,0.0008
20.03.2020 08:38:03.121 GMT-0500,10.442,10.358,0.002,0.002
20.03.2020 08:38:03.172 GMT-0500,10.452,10.357000000000001,0.0008,0.002
20.03.2020 08:38:03.862 GMT-0500,10.442,10.358,0.0008,0.002
20.03.2020 08:38:03.962 GMT-0500,10.452,10.357000000000001,0.0008,0.002
20.03.2020 08:38:04.297 GMT-0500,10.452,10.357000000000001,0.0008,0.002
20.03.2020 08:38:04.684 GMT-0500,10.442,10.388,0.0008,0.002
20.03.2020 08:38:05.031 GMT-0500,10.452,10.387,0.0008,0.002
20.03.2020 08:38:05.532 GMT-0500,10.442,10.328,0.0008,0.002
20.03.2020 08:38:05.582 GMT-0500,10.433,10.337000000000002,0.002,0.002
20.03.2020 08:38:06.870 GMT-0500,10.383,10.337000000000002,0.0008,0.002
20.03.2020 08:38:06.920 GMT-0500,10.423,10.337000000000002,0.002,0.002
20.03.2020 08:38:06.971 GMT-0500,10.433,10.337000000000002,0.002,0.002
20.03.2020 08:38:07.461 GMT-0500,10.422,10.338,0.0008,0.0008
20.03.2020 08:38:07.561 GMT-0500,10.452,10.337000000000002,0.0008,0.002
20.03.2020 08:38:08.010 GMT-0500,10.413,10.337000000000002,0.0008,0.002
20.03.2020 08:38:09.514 GMT-0500,10.412,10.337000000000002,0.0008,0.0008
20.03.2020 08:38:09.615 GMT-0500,10.432,10.318,0.002,0.002
20.03.2020 08:38:09.720 GMT-0500,10.343,10.318,0.0008,0.0008
20.03.2020 08:38:09.770 GMT-0500,10.323,10.297,0.002,0.002
20.03.2020 08:38:10.806 GMT-0500,10.313,10.297,0.0008,0.002
20.03.2020 08:38:10.856 GMT-0500,10.352,10.267999999999999,0.0008,0.0008
20.03.2020 08:38:11.637 GMT-0500,10.312000000000001,10.267999999999999,0.002,0.002
20.03.2020 08:38:12.432 GMT-0500,10.313,10.257000000000001,0.002,0.002
20.03.2020 08:38:12.723 GMT-0500,10.293,10.257000000000001,0.0008,0.002
20.03.2020 08:38:13.026 GMT-0500,10.292,10.258,0.0008,0.0008
20.03.2020 08:38:14.992 GMT-0500,10.293,10.257000000000001,0.002,0.002
20.03.2020 08:38:16.415 GMT-0500,10.282,10.257000000000001,0.0008,0.002
20.03.2020 08:38:18.427 GMT-0500,10.272,10.218,0.0008,0.002
20.03.2020 08:38:18.478 GMT-0500,10.272,10.217,0.0008,0.002
20.03.2020 08:38:19.037 GMT-0500,10.273,10.217,0.002,0.002
20.03.2020 08:38:19.137 GMT-0500,10.263,10.197000000000001,0.002,0.002
20.03.2020 08:38:19.188 GMT-0500,10.282,10.198,0.0008,0.0008
20.03.2020 08:38:19.241 GMT-0500,10.243,10.198,0.0008,0.0008
20.03.2020 08:38:19.342 GMT-0500,10.222000000000001,10.208,0.0008,0.0008
20.03.2020 08:38:19.392 GMT-0500,10.222999999999999,10.197000000000001,0.002,0.002
20.03.2020 08:38:20.027 GMT-0500,10.222000000000001,10.197000000000001,0.0008,0.002
20.03.2020 08:38:20.133 GMT-0500,10.222000000000001,10.167,0.0008,0.002
20.03.2020 08:38:20.277 GMT-0500,10.213,10.167,0.0008,0.002
20.03.2020 08:38:22.862 GMT-0500,10.222000000000001,10.167,0.0008,0.002
20.03.2020 08:38:23.958 GMT-0500,10.203,10.168,0.0008,0.0008
20.03.2020 08:38:24.010 GMT-0500,10.282,10.128,0.002,0.002
20.03.2020 08:38:24.514 GMT-0500,10.253,10.127,0.002,0.002
20.03.2020 08:38:24.722 GMT-0500,10.192,10.097000000000001,0.0008,0.002
20.03.2020 08:38:24.851 GMT-0500,10.192,10.078,0.0008,0.0008
20.03.2020 08:38:24.969 GMT-0500,10.153,10.077,0.0008,0.002
20.03.2020 08:38:25.143 GMT-0500,10.152000000000001,10.077,0.0008,0.002
20.03.2020 08:38:25.305 GMT-0500,10.133,10.077,0.0008,0.002
20.03.2020 08:38:25.424 GMT-0500,10.132000000000001,10.078,0.0008,0.0008
20.03.2020 08:38:25.525 GMT-0500,10.132000000000001,10.088,0.002,0.002
20.03.2020 08:38:25.693 GMT-0500,10.133,10.077,0.002,0.002
20.03.2020 08:38:25.809 GMT-0500,10.122,10.078,0.0008,0.0008
20.03.2020 08:38:25.859 GMT-0500,10.132000000000001,10.078,0.002,0.002
20.03.2020 08:38:25.973 GMT-0500,10.132000000000001,10.078,0.0008,0.002
20.03.2020 08:38:26.023 GMT-0500,10.122,10.058,0.002,0.002
20.03.2020 08:38:26.074 GMT-0500,10.132000000000001,10.058,0.0008,0.0008
20.03.2020 08:38:26.414 GMT-0500,10.133,10.077,0.002,0.0008
20.03.2020 08:38:26.514 GMT-0500,10.132000000000001,10.047,0.0008,0.002
20.03.2020 08:38:26.564 GMT-0500,10.132000000000001,10.058,0.0008,0.0008
20.03.2020 08:38:26.926 GMT-0500,10.112,10.058,0.002,0.002
20.03.2020 08:38:27.456 GMT-0500,10.113,10.057,0.002,0.002
20.03.2020 08:38:28.671 GMT-0500,10.112,10.058,0.002,0.002
20.03.2020 08:38:28.721 GMT-0500,10.112,10.058,0.0008,0.0008
20.03.2020 08:38:29.039 GMT-0500,10.112,10.048,0.0008,0.002
20.03.2020 08:38:29.200 GMT-0500,10.112,10.058,0.0008,0.0008
20.03.2020 08:38:29.251 GMT-0500,10.112,10.008,0.002,0.002
20.03.2020 08:38:29.556 GMT-0500,10.112,10.017000000000001,0.0008,0.002
20.03.2020 08:38:29.729 GMT-0500,10.113,10.057,0.002,0.002
20.03.2020 08:38:29.996 GMT-0500,10.073,10.057,0.0008,0.0008
20.03.2020 08:38:30.046 GMT-0500,10.073,10.017000000000001,0.002,0.002
20.03.2020 08:38:30.154 GMT-0500,10.073,10.017000000000001,0.0008,0.002
20.03.2020 08:38:30.204 GMT-0500,10.112,10.058,0.002,0.002
20.03.2020 08:38:30.305 GMT-0500,10.113,10.067,0.002,0.002
20.03.2020 08:38:30.612 GMT-0500,10.132000000000001,10.068,0.0008,0.0008
20.03.2020 08:38:31.350 GMT-0500,10.133,10.067,0.002,0.002
20.03.2020 08:38:31.400 GMT-0500,10.112,10.068,0.002,0.002
20.03.2020 08:38:31.671 GMT-0500,10.133,10.067,0.002,0.002
20.03.2020 08:38:31.722 GMT-0500,10.132000000000001,10.088,0.0008,0.0008
20.03.2020 08:38:31.823 GMT-0500,10.092,10.078,0.002,0.002
20.03.2020 08:38:31.873 GMT-0500,10.072000000000001,10.028,0.002,0.002
20.03.2020 08:38:32.093 GMT-0500,10.072000000000001,10.017000000000001,0.0008,0.002
20.03.2020 08:38:32.432 GMT-0500,10.093,10.017000000000001,0.002,0.002
20.03.2020 08:38:32.482 GMT-0500,10.072000000000001,10.017999999999999,0.0008,0.0008
20.03.2020 08:38:32.668 GMT-0500,10.092,10.017999999999999,0.0008,0.0008
20.03.2020 08:38:33.021 GMT-0500,10.093,10.057,0.002,0.0008
20.03.2020 08:38:39.686 GMT-0500,10.072000000000001,10.057,0.0008,0.002
20.03.2020 08:38:42.501 GMT-0500,10.073,10.057,0.002,0.002
20.03.2020 08:38:46.116 GMT-0500,10.072000000000001,10.058,0.0008,0.0008
20.03.2020 08:38:46.446 GMT-0500,10.073,10.057,0.002,0.002
20.03.2020 08:38:46.770 GMT-0500,10.072000000000001,10.058,0.0008,0.0008
20.03.2020 08:38:46.879 GMT-0500,10.073,9.947000000000001,0.002,0.002
20.03.2020 08:44:48.018 GMT-0500,10.062000000000001,9.947000000000001,0.0008,0.002
20.03.2020 08:44:48.068 GMT-0500,10.073,10.007000000000001,0.002,0.002
20.03.2020 08:44:48.118 GMT-0500,10.022,10.007000000000001,0.0008,0.002
20.03.2020 08:44:48.219 GMT-0500,10.012,9.998,0.002,0.002
20.03.2020 08:44:48.600 GMT-0500,10.013,9.997,0.002,0.002
20.03.2020 08:44:48.962 GMT-0500,10.012,9.998,0.0008,0.0008
20.03.2020 08:44:49.166 GMT-0500,10.012,9.988,0.002,0.002
20.03.2020 08:44:49.889 GMT-0500,10.003,9.988,0.0008,0.0008
20.03.2020 08:44:49.990 GMT-0500,10.003,9.987,0.002,0.002
20.03.2020 08:44:50.319 GMT-0500,10.002,9.987,0.0008,0.002
20.03.2020 08:44:50.420 GMT-0500,10.003,9.987,0.002,0.002
20.03.2020 08:44:50.487 GMT-0500,10.002,9.968,0.0008,0.0008
20.03.2020 08:44:51.413 GMT-0500,10.003,9.967,0.002,0.002
20.03.2020 08:44:51.594 GMT-0500,10.002,9.967,0.0008,0.002
20.03.2020 08:44:51.699 GMT-0500,9.993,9.968,0.0008,0.0008
20.03.2020 08:44:51.749 GMT-0500,10.002,9.938,0.002,0.002
20.03.2020 08:44:51.800 GMT-0500,9.962000000000002,9.898,0.0008,0.0008
20.03.2020 08:44:52.183 GMT-0500,9.963,9.847000000000001,0.002,0.002
20.03.2020 08:44:52.234 GMT-0500,9.962000000000002,9.847999999999999,0.0008,0.0008
20.03.2020 08:44:52.285 GMT-0500,9.962000000000002,9.907,0.0008,0.002
20.03.2020 08:44:52.419 GMT-0500,9.962000000000002,9.945,0.0008,0.0008
20.03.2020 08:44:52.953 GMT-0500,9.962000000000002,9.947000000000001,0.0008,0.002
20.03.2020 08:44:53.877 GMT-0500,9.963,9.947000000000001,0.002,0.002
20.03.2020 08:44:53.927 GMT-0500,9.962000000000002,9.908,0.0008,0.0008
20.03.2020 08:44:54.273 GMT-0500,9.922,9.908,0.0008,0.0008
20.03.2020 08:44:54.324 GMT-0500,9.922,9.878,0.002,0.002
20.03.2020 08:44:54.432 GMT-0500,9.922,9.847000000000001,0.0008,0.002
20.03.2020 08:44:54.689 GMT-0500,9.913,9.847000000000001,0.002,0.002
20.03.2020 08:44:54.740 GMT-0500,9.923,9.847000000000001,0.002,0.002
20.03.2020 08:44:54.790 GMT-0500,9.922,9.858,0.0008,0.0008
20.03.2020 08:44:54.900 GMT-0500,9.922,9.838,0.0008,0.002
20.03.2020 08:44:55.128 GMT-0500,9.923,9.867,0.002,0.002
20.03.2020 08:44:56.029 GMT-0500,9.922,9.868,0.002,0.002
20.03.2020 08:44:56.137 GMT-0500,9.912,9.898,0.0008,0.002
20.03.2020 08:44:56.296 GMT-0500,9.913,9.897,0.002,0.002
20.03.2020 08:44:57.374 GMT-0500,9.912,9.867,0.0008,0.002
20.03.2020 08:44:58.639 GMT-0500,9.903,9.867,0.0008,0.002
20.03.2020 08:44:58.822 GMT-0500,9.903,9.867,0.002,0.002
20.03.2020 08:44:59.244 GMT-0500,9.892999999999999,9.867,0.002,0.002
20.03.2020 08:44:59.499 GMT-0500,9.892000000000001,9.868,0.0008,0.0008
20.03.2020 08:44:59.698 GMT-0500,9.892999999999999,9.867,0.002,0.002
20.03.2020 08:45:00.226 GMT-0500,9.892000000000001,9.878,0.0008,0.0008
20.03.2020 08:45:00.277 GMT-0500,9.892000000000001,9.868,0.002,0.002
20.03.2020 08:45:01.670 GMT-0500,9.892000000000001,9.867,0.0008,0.002
20.03.2020 08:45:04.543 GMT-0500,9.892999999999999,9.877,0.002,0.002
20.03.2020 08:45:05.033 GMT-0500,9.892000000000001,9.878,0.0008,0.0008
20.03.2020 08:45:05.288 GMT-0500,9.883,9.867,0.002,0.002
20.03.2020 08:45:05.950 GMT-0500,9.882000000000001,9.867,0.0008,0.002
20.03.2020 08:45:06.232 GMT-0500,9.883,9.867,0.002,0.002
20.03.2020 08:45:06.284 GMT-0500,9.882000000000001,9.847000000000001,0.0008,0.002
20.03.2020 08:45:07.110 GMT-0500,9.882000000000001,9.868,0.002,0.0008
20.03.2020 08:45:08.823 GMT-0500,9.872,9.797,0.0008,0.002
20.03.2020 08:45:08.912 GMT-0500,9.873,9.807,0.002,0.002
20.03.2020 08:45:08.965 GMT-0500,9.883,9.807,0.002,0.002
20.03.2020 08:45:09.068 GMT-0500,9.863,9.807,0.002,0.002
20.03.2020 08:45:09.454 GMT-0500,9.862,9.808,0.0008,0.0008
20.03.2020 08:45:09.555 GMT-0500,9.863,9.817,0.002,0.002
20.03.2020 08:45:09.674 GMT-0500,9.863,9.807,0.002,0.002
20.03.2020 08:45:09.927 GMT-0500,9.842,9.807,0.0008,0.002
20.03.2020 08:45:10.344 GMT-0500,9.833,9.747,0.0008,0.002
20.03.2020 08:45:10.396 GMT-0500,9.852,9.747,0.0008,0.002
20.03.2020 08:45:10.832 GMT-0500,9.823,9.747,0.0008,0.002
20.03.2020 08:45:11.112 GMT-0500,9.822000000000001,9.747,0.0008,0.002
20.03.2020 08:45:11.258 GMT-0500,9.822000000000001,9.767999999999999,0.002,0.002
20.03.2020 08:45:11.359 GMT-0500,9.823,9.807,0.002,0.002
20.03.2020 08:45:11.477 GMT-0500,9.822000000000001,9.807,0.0008,0.002
20.03.2020 08:45:12.439 GMT-0500,9.813,9.787,0.002,0.002
20.03.2020 08:45:12.976 GMT-0500,9.812000000000001,9.787,0.0008,0.002
20.03.2020 08:45:14.543 GMT-0500,9.812000000000001,9.787,0.0008,0.002
20.03.2020 08:45:14.644 GMT-0500,9.813,9.797,0.002,0.002
20.03.2020 08:45:15.203 GMT-0500,9.812000000000001,9.797,0.0008,0.002
20.03.2020 08:45:17.673 GMT-0500,9.813,9.797,0.002,0.002
20.03.2020 08:45:18.529 GMT-0500,9.812000000000001,9.798,0.0008,0.0008
20.03.2020 08:45:21.309 GMT-0500,9.812000000000001,9.788,0.0008,0.0008
20.03.2020 08:45:21.360 GMT-0500,9.813,9.797,0.002,0.002
20.03.2020 08:45:21.510 GMT-0500,9.812000000000001,9.798,0.002,0.002
20.03.2020 08:45:22.787 GMT-0500,9.813,9.787,0.002,0.002
20.03.2020 08:45:22.887 GMT-0500,9.762,9.748,0.002,0.002
20.03.2020 08:45:23.637 GMT-0500,9.763,9.747,0.002,0.002
20.03.2020 08:45:23.925 GMT-0500,9.732000000000001,9.698,0.002,0.002
20.03.2020 08:45:23.975 GMT-0500,9.712000000000002,9.697000000000001,0.0008,0.002
20.03.2020 08:45:24.128 GMT-0500,9.702,9.688,0.002,0.002
20.03.2020 08:45:24.435 GMT-0500,9.752,9.648,0.0008,0.0008
20.03.2020 08:45:24.535 GMT-0500,9.752,9.617,0.0008,0.002
20.03.2020 08:45:24.816 GMT-0500,9.66,9.618,0.0008,0.0008
20.03.2020 08:45:24.917 GMT-0500,9.632000000000001,9.617,0.0008,0.002
20.03.2020 08:45:24.967 GMT-0500,9.632000000000001,9.597000000000001,0.0008,0.002
20.03.2020 08:45:25.068 GMT-0500,9.722000000000001,9.597000000000001,0.0008,0.002
20.03.2020 08:45:25.545 GMT-0500,9.642000000000001,9.597999999999999,0.0008,0.0008
20.03.2020 08:45:25.718 GMT-0500,9.642999999999999,9.597000000000001,0.002,0.002
20.03.2020 08:45:25.983 GMT-0500,9.613,9.597000000000001,0.002,0.002
20.03.2020 08:45:26.141 GMT-0500,9.612,9.597999999999999,0.002,0.002
20.03.2020 08:45:26.855 GMT-0500,9.613,9.597000000000001,0.002,0.002
20.03.2020 08:45:27.006 GMT-0500,9.612,9.597000000000001,0.0008,0.002
20.03.2020 08:45:27.934 GMT-0500,9.613,9.597000000000001,0.002,0.002
20.03.2020 08:45:27.985 GMT-0500,9.593,9.557,0.002,0.002
20.03.2020 08:45:28.035 GMT-0500,9.583,9.557,0.002,0.002
20.03.2020 08:45:28.205 GMT-0500,9.582,9.567,0.0008,0.002
20.03.2020 08:45:28.504 GMT-0500,9.573,9.557,0.002,0.002
20.03.2020 08:45:29.171 GMT-0500,9.572000000000001,9.557,0.0008,0.002
20.03.2020 08:45:29.489 GMT-0500,9.573,9.557,0.002,0.002
20.03.2020 08:45:29.984 GMT-0500,9.572000000000001,9.557,0.0008,0.002
20.03.2020 08:45:31.462 GMT-0500,9.602,9.558,0.002,0.002
20.03.2020 08:45:31.846 GMT-0500,9.603,9.557,0.002,0.002
20.03.2020 08:45:31.958 GMT-0500,9.602,9.557,0.0008,0.002
20.03.2020 08:45:32.008 GMT-0500,9.632000000000001,9.597999999999999,0.002,0.002
20.03.2020 08:45:32.058 GMT-0500,9.642000000000001,9.597999999999999,0.0008,0.0008
20.03.2020 08:45:32.539 GMT-0500,9.642999999999999,9.597000000000001,0.002,0.002
20.03.2020 08:45:33.050 GMT-0500,9.613,9.597000000000001,0.0008,0.002
20.03.2020 08:45:33.101 GMT-0500,9.642000000000001,9.597999999999999,0.002,0.002
20.03.2020 08:45:33.251 GMT-0500,9.672,9.608,0.0008,0.0008
20.03.2020 08:45:33.661 GMT-0500,9.673,9.608,0.0008,0.0008
20.03.2020 08:45:33.791 GMT-0500,9.702,9.608,0.0008,0.0008
20.03.2020 08:45:34.044 GMT-0500,9.635,9.608,0.0008,0.0008
20.03.2020 08:45:34.311 GMT-0500,9.622,9.568,0.002,0.002
20.03.2020 08:45:34.581 GMT-0500,9.622,9.568,0.0008,0.002
20.03.2020 08:45:34.769 GMT-0500,9.622,9.577,0.0008,0.002
20.03.2020 08:45:35.009 GMT-0500,9.613,9.588,0.0008,0.0008
20.03.2020 08:45:35.109 GMT-0500,9.603,9.557,0.002,0.002
20.03.2020 08:45:35.275 GMT-0500,9.573,9.557,0.0008,0.002
20.03.2020 08:45:35.375 GMT-0500,9.582,9.558,0.002,0.002
20.03.2020 08:45:35.608 GMT-0500,9.593,9.557,0.002,0.002
20.03.2020 08:45:35.775 GMT-0500,9.592,9.557,0.0008,0.002
20.03.2020 08:45:36.009 GMT-0500,9.593,9.557,0.002,0.002
20.03.2020 08:45:36.562 GMT-0500,9.592,9.558,0.0008,0.0008
20.03.2020 08:45:36.713 GMT-0500,9.572000000000001,9.558,0.002,0.002
20.03.2020 08:45:37.480 GMT-0500,9.573,9.557,0.0008,0.002
20.03.2020 08:45:37.531 GMT-0500,9.582,9.557,0.0008,0.002
20.03.2020 08:45:37.621 GMT-0500,9.582,9.567,0.0008,0.002
20.03.2020 08:45:37.672 GMT-0500,9.612,9.567,0.0008,0.002
20.03.2020 08:45:37.991 GMT-0500,9.572000000000001,9.528,0.0008,0.0008
20.03.2020 08:45:38.446 GMT-0500,9.582,9.548,0.0008,0.0008
20.03.2020 08:45:38.496 GMT-0500,9.583,9.527000000000001,0.002,0.002
20.03.2020 08:45:38.716 GMT-0500,9.583,9.557,0.002,0.002
20.03.2020 08:45:38.766 GMT-0500,9.583,9.527000000000001,0.002,0.002
20.03.2020 08:45:38.982 GMT-0500,9.582,9.538,0.002,0.0008
20.03.2020 08:45:39.083 GMT-0500,9.582,9.558,0.0008,0.0008
20.03.2020 08:45:39.342 GMT-0500,9.582,9.537,0.0008,0.002
20.03.2020 08:45:39.565 GMT-0500,9.572000000000001,9.538,0.0008,0.002
20.03.2020 08:45:39.616 GMT-0500,9.572000000000001,9.528,0.0008,0.0008
20.03.2020 08:45:39.666 GMT-0500,9.582,9.558,0.0008,0.0008
20.03.2020 08:45:39.808 GMT-0500,9.592,9.568,0.0008,0.0008
20.03.2020 08:45:40.051 GMT-0500,9.582,9.557,0.0008,0.002
20.03.2020 08:45:40.238 GMT-0500,9.573,9.527000000000001,0.0008,0.002
20.03.2020 08:45:40.289 GMT-0500,9.573,9.527000000000001,0.002,0.002
20.03.2020 08:45:40.451 GMT-0500,9.572000000000001,9.527000000000001,0.0008,0.002
20.03.2020 08:45:40.695 GMT-0500,9.573,9.527000000000001,0.002,0.002
20.03.2020 08:45:40.796 GMT-0500,9.563,9.527000000000001,0.002,0.002
20.03.2020 08:45:40.945 GMT-0500,9.562000000000001,9.527000000000001,0.0008,0.002
20.03.2020 08:45:42.160 GMT-0500,9.563,9.527000000000001,0.002,0.002
20.03.2020 08:45:42.432 GMT-0500,9.562000000000001,9.527000000000001,0.0008,0.002
20.03.2020 08:45:42.729 GMT-0500,9.572000000000001,9.548,0.0008,0.0008
20.03.2020 08:45:42.858 GMT-0500,9.592,9.558,0.0008,0.0008
20.03.2020 08:45:43.155 GMT-0500,9.572000000000001,9.558,0.0008,0.002
20.03.2020 08:45:43.206 GMT-0500,9.562000000000001,9.528,0.002,0.002
20.03.2020 08:45:43.801 GMT-0500,9.572000000000001,9.548,0.0008,0.0008
20.03.2020 08:45:43.852 GMT-0500,9.563,9.527000000000001,0.002,0.002
20.03.2020 08:45:44.328 GMT-0500,9.562000000000001,9.528,0.0008,0.0008
20.03.2020 08:45:45.080 GMT-0500,9.562000000000001,9.528,0.0008,0.002
20.03.2020 08:45:45.130 GMT-0500,9.572000000000001,9.547,0.0008,0.002
20.03.2020 08:45:46.034 GMT-0500,9.562000000000001,9.547,0.0008,0.002
20.03.2020 08:45:46.537 GMT-0500,9.612,9.588,0.0008,0.0008
20.03.2020 08:45:46.651 GMT-0500,9.602,9.588,0.0008,0.0008
20.03.2020 08:45:46.751 GMT-0500,9.602,9.567,0.0008,0.002
20.03.2020 08:45:46.813 GMT-0500,9.593,9.567,0.0008,0.002
20.03.2020 08:45:46.914 GMT-0500,9.592,9.567,0.0008,0.002
20.03.2020 08:45:48.085 GMT-0500,9.582,9.567,0.0008,0.0008
20.03.2020 08:45:48.135 GMT-0500,9.592,9.567,0.0008,0.002
20.03.2020 08:45:48.304 GMT-0500,9.592,9.558,0.002,0.002
20.03.2020 08:45:48.506 GMT-0500,9.592,9.578,0.0008,0.0008
20.03.2020 08:45:48.557 GMT-0500,9.603,9.567,0.002,0.002
20.03.2020 08:45:48.893 GMT-0500,9.612,9.568,0.0008,0.0008
20.03.2020 08:45:49.027 GMT-0500,9.622,9.567,0.0008,0.002
20.03.2020 08:45:49.078 GMT-0500,9.622,9.588,0.0008,0.0008
20.03.2020 08:45:49.251 GMT-0500,9.672,9.638,0.002,0.002
20.03.2020 08:45:49.352 GMT-0500,9.652000000000001,9.637,0.0008,0.002
20.03.2020 08:45:49.402 GMT-0500,9.662,9.638,0.002,0.002
20.03.2020 08:45:49.622 GMT-0500,9.673,9.647,0.002,0.002
20.03.2020 08:45:49.815 GMT-0500,9.682,9.647,0.0008,0.002
20.03.2020 08:45:50.990 GMT-0500,9.642000000000001,9.587000000000002,0.0008,0.002
20.03.2020 08:45:51.466 GMT-0500,9.642000000000001,9.587000000000002,0.0008,0.0008
20.03.2020 08:45:52.278 GMT-0500,9.642999999999999,9.587000000000002,0.0008,0.002
20.03.2020 08:45:52.329 GMT-0500,9.662,9.588,0.0008,0.0008
20.03.2020 08:45:52.384 GMT-0500,9.662,9.588,0.0008,0.002
20.03.2020 08:45:52.435 GMT-0500,9.692,9.617,0.0008,0.002
20.03.2020 08:45:53.001 GMT-0500,9.672,9.588,0.002,0.002
20.03.2020 08:45:53.120 GMT-0500,9.672,9.588,0.0008,0.002
20.03.2020 08:45:53.438 GMT-0500,9.672,9.617,0.0008,0.002
20.03.2020 08:45:53.632 GMT-0500,9.673,9.617,0.0008,0.002
20.03.2020 08:45:53.682 GMT-0500,9.683,9.617,0.002,0.002
20.03.2020 08:45:53.733 GMT-0500,9.682,9.638,0.0008,0.0008
20.03.2020 08:45:53.881 GMT-0500,9.683,9.657,0.002,0.002
20.03.2020 08:45:54.142 GMT-0500,9.662,9.618,0.0008,0.002
20.03.2020 08:45:54.192 GMT-0500,9.663,9.617,0.002,0.002
20.03.2020 08:45:54.244 GMT-0500,9.663,9.617,0.0008,0.002
20.03.2020 08:45:54.294 GMT-0500,9.673,9.647,0.002,0.002
20.03.2020 08:45:54.525 GMT-0500,9.673,9.657,0.0008,0.0008
20.03.2020 08:45:54.576 GMT-0500,9.682,9.657,0.0008,0.002
20.03.2020 08:45:54.738 GMT-0500,9.672,9.657,0.0008,0.002
20.03.2020 08:45:54.876 GMT-0500,9.672,9.648,0.002,0.002
20.03.2020 08:45:55.468 GMT-0500,9.683,9.657,0.002,0.002
20.03.2020 08:45:55.764 GMT-0500,9.682,9.668,0.0008,0.0008
20.03.2020 08:45:55.815 GMT-0500,9.682,9.647,0.0008,0.002
20.03.2020 08:45:56.650 GMT-0500,9.673,9.647,0.0008,0.002
20.03.2020 08:45:56.702 GMT-0500,9.662,9.618,0.0008,0.0008
20.03.2020 08:45:57.516 GMT-0500,9.662,9.618,0.0008,0.002
20.03.2020 08:45:57.747 GMT-0500,9.662,9.647,0.0008,0.0008
20.03.2020 08:45:57.798 GMT-0500,9.662,9.618,0.0008,0.0008
20.03.2020 08:45:57.848 GMT-0500,9.682,9.648,0.0008,0.0008
20.03.2020 08:45:58.808 GMT-0500,9.673,9.648,0.0008,0.002
20.03.2020 08:45:59.117 GMT-0500,9.672,9.658,0.0008,0.0008
20.03.2020 08:45:59.314 GMT-0500,9.672,9.658,0.0008,0.002
20.03.2020 08:45:59.365 GMT-0500,9.682,9.667,0.0008,0.002
20.03.2020 08:45:59.902 GMT-0500,9.683,9.667,0.0008,0.002
20.03.2020 08:45:59.953 GMT-0500,9.722999999999999,9.697000000000001,0.002,0.002
20.03.2020 08:46:00.053 GMT-0500,9.722999999999999,9.707,0.002,0.002
20.03.2020 08:46:00.265 GMT-0500,9.793,9.707,0.002,0.002
20.03.2020 08:46:00.383 GMT-0500,9.772,9.707,0.0008,0.002
20.03.2020 08:46:00.434 GMT-0500,9.792,9.748,0.0008,0.0008
20.03.2020 08:46:00.921 GMT-0500,9.822000000000001,9.748,0.0008,0.0008
20.03.2020 08:46:01.341 GMT-0500,9.772,9.718,0.002,0.002
20.03.2020 08:46:01.391 GMT-0500,9.822000000000001,9.717,0.0008,0.002
20.03.2020 08:46:01.442 GMT-0500,9.782,9.718,0.002,0.002
20.03.2020 08:46:01.929 GMT-0500,9.782,9.718,0.002,0.002
20.03.2020 08:46:02.266 GMT-0500,9.758,9.727,0.0008,0.002
20.03.2020 08:46:02.317 GMT-0500,9.782,9.738,0.002,0.002
20.03.2020 08:46:02.603 GMT-0500,9.762,9.738,0.0008,0.002
20.03.2020 08:46:02.654 GMT-0500,9.782,9.738,0.002,0.002
20.03.2020 08:46:02.965 GMT-0500,9.782,9.738,0.0008,0.002
20.03.2020 08:46:03.065 GMT-0500,9.772,9.737,0.0008,0.002
20.03.2020 08:46:03.616 GMT-0500,9.743,9.737,0.0008,0.0008
20.03.2020 08:46:03.666 GMT-0500,9.742,9.717,0.0008,0.002
20.03.2020 08:46:03.784 GMT-0500,9.753,9.727,0.0008,0.002
20.03.2020 08:46:03.835 GMT-0500,9.783,9.727,0.002,0.002
20.03.2020 08:46:04.147 GMT-0500,9.762,9.728,0.0008,0.0008
20.03.2020 08:46:04.451 GMT-0500,9.722000000000001,9.698,0.002,0.002
20.03.2020 08:46:04.501 GMT-0500,9.722000000000001,9.688,0.002,0.002
20.03.2020 08:46:04.613 GMT-0500,9.742,9.708,0.0008,0.002
20.03.2020 08:46:05.339 GMT-0500,9.743,9.737,0.0008,0.0008
20.03.2020 08:46:05.389 GMT-0500,9.753,9.727,0.002,0.002
20.03.2020 08:46:05.692 GMT-0500,9.762,9.728,0.0008,0.0008
20.03.2020 08:46:06.415 GMT-0500,9.743,9.728,0.0008,0.0008
20.03.2020 08:46:06.465 GMT-0500,9.762,9.707,0.0008,0.002
20.03.2020 08:46:06.952 GMT-0500,9.762,9.708,0.0008,0.002
20.03.2020 08:46:07.053 GMT-0500,9.763,9.727,0.002,0.002
20.03.2020 08:46:07.745 GMT-0500,9.762,9.738,0.0008,0.0008
